{"originalCurrency": "USD", "convertedCurrency": "USD", "report": [{"date": "2023-12-31", "symbol": "HR", "reportedCurrency": "USD", "cik": "0001360604", "fillingDate": "2024-02-16", "acceptedDate": "2024-02-16 06:34:31", "calendarYear": "2023", "period": "FY", "revenue": 1343769000, "costOfRevenue": 1231146000, "grossProfit": 112623000, "grossProfitRatio": 0.0838112801, "researchAndDevelopmentExpenses": 0, "generalAndAdministrativeExpenses": 58405000, "sellingAndMarketingExpenses": 0, "sellingGeneralAndAdministrativeExpenses": 58405000, "otherExpenses": -62817000, "operatingExpenses": 62817000, "costAndExpenses": 1293963000, "interestIncome": 1343000, "interestExpense": 271620000, "depreciationAndAmortization": 730709000, "ebitda": 780515000, "ebitdaratio": 0.5808401593, "operatingIncome": 49806000, "operatingIncomeRatio": 0.0370644062, "totalOtherIncomeExpensesNet": -331889000, "incomeBeforeTax": -282083000, "incomeBeforeTaxRatio": -0.2099192644, "incomeTaxExpense": -467000, "netIncome": -281616000, "netIncomeRatio": -0.2095717344, "eps": -0.74, "epsdiluted": -0.74, "weightedAverageShsOut": 378927871, "weightedAverageShsOutDil": 378927871, "link": "https://www.sec.gov/Archives/edgar/data/1360604/000136060424000026/0001360604-24-000026-index.htm", "finalLink": "https://www.sec.gov/Archives/edgar/data/1360604/000136060424000026/hr-20231231.htm", "calculatedOtherExpenses": 4412000, "calculatedOperatingExpenses": 62817000, "calculatedNetInterest": -270277000, "calculatedOtherIncome": -61612000, "calculatedIncomeNonControlling": 0, "calculatedEbitda": 780515000}, {"date": "2022-12-31", "symbol": "HR", "reportedCurrency": "USD", "cik": "0001360604", "fillingDate": "2023-03-01", "acceptedDate": "2023-03-01 06:30:58", "calendarYear": "2022", "period": "FY", "revenue": 932637000, "costOfRevenue": 344038000, "grossProfit": 588599000, "grossProfitRatio": 0.6311126408, "researchAndDevelopmentExpenses": 0, "generalAndAdministrativeExpenses": 52734000, "sellingAndMarketingExpenses": 0, "sellingGeneralAndAdministrativeExpenses": 52734000, "otherExpenses": 453082000, "operatingExpenses": 505816000, "costAndExpenses": 849854000, "interestIncome": 11480000, "interestExpense": 139924000, "depreciationAndAmortization": 477777000, "ebitda": 555617000, "ebitdaratio": 0.5957483994, "operatingIncome": 77840000, "operatingIncomeRatio": 0.0834622688, "totalOtherIncomeExpensesNet": -37147000, "incomeBeforeTax": 40693000, "incomeBeforeTaxRatio": 0.0436321956, "incomeTaxExpense": 146691000, "netIncome": -105998000, "netIncomeRatio": -0.1136540798, "eps": -0.42, "epsdiluted": -0.42, "weightedAverageShsOut": 252356203, "weightedAverageShsOutDil": 253873321, "link": "https://www.sec.gov/Archives/edgar/data/1360604/000136060423000019/0001360604-23-000019-index.htm", "finalLink": "https://www.sec.gov/Archives/edgar/data/1360604/000136060423000019/hr-20221231.htm", "calculatedOtherExpenses": 458025000, "calculatedOperatingExpenses": 510759000, "calculatedNetInterest": -128444000, "calculatedOtherIncome": 91297000, "calculatedIncomeNonControlling": 0, "calculatedEbitda": 555617000}, {"date": "2021-12-31", "symbol": "HR", "reportedCurrency": "USD", "cik": "0001360604", "fillingDate": "2022-03-01", "acceptedDate": "2022-03-01 15:49:17", "calendarYear": "2021", "period": "FY", "revenue": 534817000, "costOfRevenue": 212273000, "grossProfit": 322544000, "grossProfitRatio": 0.6030922727, "researchAndDevelopmentExpenses": 0, "generalAndAdministrativeExpenses": 34152000, "sellingAndMarketingExpenses": 0, "sellingGeneralAndAdministrativeExpenses": 34152000, "otherExpenses": 202714000, "operatingExpenses": 236866000, "costAndExpenses": 449139000, "interestIncome": 53133000, "interestExpense": 53133000, "depreciationAndAmortization": 202714000, "ebitda": 287597000, "ebitdaratio": 0.5377484261, "operatingIncome": 84883000, "operatingIncomeRatio": 0.1587141022, "totalOtherIncomeExpensesNet": -18224000, "incomeBeforeTax": 66659000, "incomeBeforeTaxRatio": 0.1246388952, "incomeTaxExpense": 52338000, "netIncome": 14321000, "netIncomeRatio": 0.0267773837, "eps": 0.1, "epsdiluted": 0.1, "weightedAverageShsOut": 142637166, "weightedAverageShsOutDil": 142710228, "link": "https://www.sec.gov/Archives/edgar/data/1360604/000136060422000014/0001360604-22-000014-index.htm", "finalLink": "https://www.sec.gov/Archives/edgar/data/1360604/000136060422000014/hta-20211231.htm", "calculatedOtherExpenses": 203509000, "calculatedOperatingExpenses": 237661000, "calculatedNetInterest": 0, "calculatedOtherIncome": -18224000, "calculatedIncomeNonControlling": 0, "calculatedEbitda": 287597000}, {"date": "2020-12-31", "symbol": "HR", "reportedCurrency": "USD", "cik": "0001360604", "fillingDate": "2021-02-24", "acceptedDate": "2021-02-24 16:18:47", "calendarYear": "2020", "period": "FY", "revenue": 499629000, "costOfRevenue": 196514000, "grossProfit": 303115000, "grossProfitRatio": 0.6066801567, "researchAndDevelopmentExpenses": 0, "generalAndAdministrativeExpenses": 30704000, "sellingAndMarketingExpenses": 0, "sellingGeneralAndAdministrativeExpenses": 30704000, "otherExpenses": 190435000, "operatingExpenses": 221139000, "costAndExpenses": 417653000, "interestIncome": 559000, "interestExpense": 53470000, "depreciationAndAmortization": 194816000, "ebitda": 274184000, "ebitdaratio": 0.5487751912, "operatingIncome": 79368000, "operatingIncomeRatio": 0.1588538696, "totalOtherIncomeExpensesNet": -7173000, "incomeBeforeTax": 72195000, "incomeBeforeTaxRatio": 0.1444972169, "incomeTaxExpense": 53007000, "netIncome": 19188000, "netIncomeRatio": 0.0384044961, "eps": 0.088, "epsdiluted": 0.0866, "weightedAverageShsOut": 218078000, "weightedAverageShsOutDil": 221666000, "link": "https://www.sec.gov/Archives/edgar/data/1360604/000136060421000018/0001360604-21-000018-index.htm", "finalLink": "https://www.sec.gov/Archives/edgar/data/1360604/000136060421000018/hta-20201231.htm", "calculatedOtherExpenses": 193043000, "calculatedOperatingExpenses": 223747000, "calculatedNetInterest": -52911000, "calculatedOtherIncome": 45738000, "calculatedIncomeNonControlling": 0, "calculatedEbitda": 274184000}, {"date": "2019-12-31", "symbol": "HR", "reportedCurrency": "USD", "cik": "0001360604", "fillingDate": "2020-02-18", "acceptedDate": "2020-02-18 16:34:01", "calendarYear": "2019", "period": "FY", "revenue": 470298000, "costOfRevenue": 180005000, "grossProfit": 290293000, "grossProfitRatio": 0.617253316, "researchAndDevelopmentExpenses": 0, "generalAndAdministrativeExpenses": 34826000, "sellingAndMarketingExpenses": 0, "sellingGeneralAndAdministrativeExpenses": 34826000, "otherExpenses": 177859000, "operatingExpenses": 212685000, "costAndExpenses": 392690000, "interestIncome": -730000, "interestExpense": 56165000, "depreciationAndAmortization": 177859000, "ebitda": 255467000, "ebitdaratio": 0.5432023951, "operatingIncome": 77608000, "operatingIncomeRatio": 0.1650187753, "totalOtherIncomeExpensesNet": -38423000, "incomeBeforeTax": 39185000, "incomeBeforeTaxRatio": 0.0833195123, "incomeTaxExpense": 56165000, "netIncome": -16980000, "netIncomeRatio": -0.0361047676, "eps": -0.0825, "epsdiluted": -0.081, "weightedAverageShsOut": 205720000, "weightedAverageShsOutDil": 209605000, "link": "https://www.sec.gov/Archives/edgar/data/1360604/000136060420000025/0001360604-20-000025-index.htm", "finalLink": "https://www.sec.gov/Archives/edgar/data/1360604/000136060420000025/hta2019123110-k.htm", "calculatedOtherExpenses": 177859000, "calculatedOperatingExpenses": 212685000, "calculatedNetInterest": -56895000, "calculatedOtherIncome": 18472000, "calculatedIncomeNonControlling": 0, "calculatedEbitda": 255467000}, {"date": "2018-12-31", "symbol": "HR", "reportedCurrency": "USD", "cik": "0001360604", "fillingDate": "2019-02-19", "acceptedDate": "2019-02-19 16:06:36", "calendarYear": "2018", "period": "FY", "revenue": 450389000, "costOfRevenue": 170506000, "grossProfit": 279883000, "grossProfitRatio": 0.6214250348, "researchAndDevelopmentExpenses": 0, "generalAndAdministrativeExpenses": 34511000, "sellingAndMarketingExpenses": 0, "sellingGeneralAndAdministrativeExpenses": 34511000, "otherExpenses": 279630000, "operatingExpenses": 198712000, "costAndExpenses": 369218000, "interestIncome": 537000, "interestExpense": 50369000, "depreciationAndAmortization": 167201000, "ebitda": 246474000, "ebitdaratio": 0.5472469354, "operatingIncome": 160983000, "operatingIncomeRatio": 0.3574310207, "totalOtherIncomeExpensesNet": 40867000, "incomeBeforeTax": 69771000, "incomeBeforeTaxRatio": 0.1549127532, "incomeTaxExpense": 158492000, "netIncome": 69771000, "netIncomeRatio": 0.1549127532, "eps": 0.57, "epsdiluted": 0.57, "weightedAverageShsOut": 123292000, "weightedAverageShsOutDil": 123351000, "link": "https://www.sec.gov/Archives/edgar/data/1360604/000136060419000023/0001360604-19-000023-index.htm", "finalLink": "https://www.sec.gov/Archives/edgar/data/1360604/000136060419000023/hta2018123110-k.htm", "calculatedOtherExpenses": 84389000, "calculatedOperatingExpenses": 118900000, "calculatedNetInterest": -49832000, "calculatedOtherIncome": -41380000, "calculatedIncomeNonControlling": -158492000, "calculatedEbitda": 328184000}, {"date": "2017-12-31", "symbol": "HR", "reportedCurrency": "USD", "cik": "0001360604", "fillingDate": "2018-02-20", "acceptedDate": "2018-02-20 16:07:44", "calendarYear": "2017", "period": "FY", "revenue": 424499000, "costOfRevenue": 157233000, "grossProfit": 267266000, "grossProfitRatio": 0.6296033677, "researchAndDevelopmentExpenses": 0, "generalAndAdministrativeExpenses": 32992000, "sellingAndMarketingExpenses": 0, "sellingGeneralAndAdministrativeExpenses": 32992000, "otherExpenses": 244986000, "operatingExpenses": 175464000, "costAndExpenses": 332697000, "interestIncome": 896000, "interestExpense": 53926000, "depreciationAndAmortization": 146351000, "ebitda": 236573000, "ebitdaratio": 0.5572993105, "operatingIncome": 143454000, "operatingIncomeRatio": 0.3379371918, "totalOtherIncomeExpensesNet": -13200000, "incomeBeforeTax": 23096000, "incomeBeforeTaxRatio": 0.0544076664, "incomeTaxExpense": 53930000, "netIncome": 23092000, "netIncomeRatio": 0.0543982436, "eps": 0.18, "epsdiluted": 0.18, "weightedAverageShsOut": 117926000, "weightedAverageShsOutDil": 118017000, "link": "https://www.sec.gov/Archives/edgar/data/1360604/000136060418000018/0001360604-18-000018-index.htm", "finalLink": "https://www.sec.gov/Archives/edgar/data/1360604/000136060418000018/hta2017123110-k.htm", "calculatedOtherExpenses": 90820000, "calculatedOperatingExpenses": 123812000, "calculatedNetInterest": -53030000, "calculatedOtherIncome": -67328000, "calculatedIncomeNonControlling": -53926000, "calculatedEbitda": 289805000}, {"date": "2016-12-31", "symbol": "HR", "reportedCurrency": "USD", "cik": "0001360604", "fillingDate": "2017-02-21", "acceptedDate": "2017-02-21 16:35:08", "calendarYear": "2016", "period": "FY", "revenue": 411955000, "costOfRevenue": 146529000, "grossProfit": 265426000, "grossProfitRatio": 0.6443082376, "researchAndDevelopmentExpenses": 0, "generalAndAdministrativeExpenses": 31309000, "sellingAndMarketingExpenses": 0, "sellingGeneralAndAdministrativeExpenses": 31309000, "otherExpenses": 176866000, "operatingExpenses": 158999000, "costAndExpenses": 305528000, "interestIncome": 96000, "interestExpense": 54576000, "depreciationAndAmortization": 131041000, "ebitda": 234744000, "ebitdaratio": 0.5698292289, "operatingIncome": 111538000, "operatingIncomeRatio": 0.2707528735, "totalOtherIncomeExpensesNet": 36444000, "incomeBeforeTax": 85571000, "incomeBeforeTaxRatio": 0.2077192897, "incomeTaxExpense": 54576000, "netIncome": 85571000, "netIncomeRatio": 0.2077192897, "eps": 0.79, "epsdiluted": 0.78, "weightedAverageShsOut": 108572000, "weightedAverageShsOutDil": 109387000, "link": "https://www.sec.gov/Archives/edgar/data/1360604/000136060417000022/0001360604-17-000022-index.htm", "finalLink": "https://www.sec.gov/Archives/edgar/data/1360604/000136060417000022/hta2016123110-k.htm", "calculatedOtherExpenses": 122579000, "calculatedOperatingExpenses": 153888000, "calculatedNetInterest": -54480000, "calculatedOtherIncome": 28513000, "calculatedIncomeNonControlling": -54576000, "calculatedEbitda": 242579000}, {"date": "2015-12-31", "symbol": "HR", "reportedCurrency": "USD", "cik": "0001360604", "fillingDate": "2016-02-22", "acceptedDate": "2016-02-22 16:03:26", "calendarYear": "2015", "period": "FY", "revenue": 388471000, "costOfRevenue": 140195000, "grossProfit": 248276000, "grossProfitRatio": 0.6391107702, "researchAndDevelopmentExpenses": 0, "generalAndAdministrativeExpenses": 26925000, "sellingAndMarketingExpenses": 0, "sellingGeneralAndAdministrativeExpenses": 26925000, "otherExpenses": 154134000, "operatingExpenses": 143539000, "costAndExpenses": 283734000, "interestIncome": 389000, "interestExpense": 62467000, "depreciationAndAmortization": 120363000, "ebitda": 222422000, "ebitdaratio": 0.5725575397, "operatingIncome": 100720000, "operatingIncomeRatio": 0.259272893, "totalOtherIncomeExpensesNet": 19244000, "incomeBeforeTax": 58836000, "incomeBeforeTaxRatio": 0.151455321, "incomeTaxExpense": 51867000, "netIncome": 69436000, "netIncomeRatio": 0.1787417851, "eps": 0.7, "epsdiluted": 0.7, "weightedAverageShsOut": 99171000, "weightedAverageShsOutDil": 99880000, "link": "https://www.sec.gov/Archives/edgar/data/1360604/000136060416000072/0001360604-16-000072-index.htm", "finalLink": "https://www.sec.gov/Archives/edgar/data/1360604/000136060416000072/hta2015123110-k.htm", "calculatedOtherExpenses": 120631000, "calculatedOperatingExpenses": 147556000, "calculatedNetInterest": -62078000, "calculatedOtherIncome": 20194000, "calculatedIncomeNonControlling": -62467000, "calculatedEbitda": 221083000}, {"date": "2014-12-31", "symbol": "HR", "reportedCurrency": "USD", "cik": "0001360604", "fillingDate": "2015-02-23", "acceptedDate": "2015-02-23 16:07:24", "calendarYear": "2014", "period": "FY", "revenue": 370855000, "costOfRevenue": 134057000, "grossProfit": 236798000, "grossProfitRatio": 0.6385190978, "researchAndDevelopmentExpenses": 0, "generalAndAdministrativeExpenses": 22808000, "sellingAndMarketingExpenses": 0, "sellingGeneralAndAdministrativeExpenses": 22808000, "otherExpenses": 140432000, "operatingExpenses": 133012000, "costAndExpenses": 267069000, "interestIncome": 2637000, "interestExpense": 69281000, "depreciationAndAmortization": 116049000, "ebitda": 219340000, "ebitdaratio": 0.5914440954, "operatingIncome": 92618000, "operatingIncomeRatio": 0.2497418128, "totalOtherIncomeExpensesNet": -31000, "incomeBeforeTax": 33979000, "incomeBeforeTaxRatio": 0.0916234108, "incomeTaxExpense": 71373000, "netIncome": 31887000, "netIncomeRatio": 0.085982392, "eps": 0.33, "epsdiluted": 0.33, "weightedAverageShsOut": 95279000, "weightedAverageShsOutDil": 96759000, "link": "https://www.sec.gov/Archives/edgar/data/1360604/000136060415000010/0001360604-15-000010-index.htm", "finalLink": "https://www.sec.gov/Archives/edgar/data/1360604/000136060415000010/hta2014123110-k.htm", "calculatedOtherExpenses": 121372000, "calculatedOperatingExpenses": 144180000, "calculatedNetInterest": -66644000, "calculatedOtherIncome": 8005000, "calculatedIncomeNonControlling": -69281000, "calculatedEbitda": 208667000}, {"date": "2013-12-31", "symbol": "HR", "reportedCurrency": "USD", "cik": "0001360604", "fillingDate": "2014-02-25", "acceptedDate": "2014-02-25 06:05:22", "calendarYear": "2013", "period": "FY", "revenue": 336926000, "costOfRevenue": 125565000, "grossProfit": 211361000, "grossProfitRatio": 0.6273217264, "researchAndDevelopmentExpenses": 0, "generalAndAdministrativeExpenses": 23729000, "sellingAndMarketingExpenses": 0, "sellingGeneralAndAdministrativeExpenses": 23729000, "otherExpenses": 121476000, "operatingExpenses": 122754000, "costAndExpenses": 248319000, "interestIncome": 966000, "interestExpense": 70283000, "depreciationAndAmortization": 105318000, "ebitda": 191663000, "ebitdaratio": 0.5688578501, "operatingIncome": 24667000, "operatingIncomeRatio": 0.0732119219, "totalOtherIncomeExpensesNet": -28330000, "incomeBeforeTax": -12268000, "incomeBeforeTaxRatio": -0.0364115562, "incomeTaxExpense": 51069000, "netIncome": 6946000, "netIncomeRatio": 0.0206158029, "eps": 0.08, "epsdiluted": 0.08, "weightedAverageShsOut": 90941000, "weightedAverageShsOutDil": 90941000, "link": "https://www.sec.gov/Archives/edgar/data/1360604/000136060414000013/0001360604-14-000013-index.htm", "finalLink": "https://www.sec.gov/Archives/edgar/data/1360604/000136060414000013/hta2013123110-k.htm", "calculatedOtherExpenses": 162965000, "calculatedOperatingExpenses": 186694000, "calculatedNetInterest": -69317000, "calculatedOtherIncome": 32382000, "calculatedIncomeNonControlling": -70283000, "calculatedEbitda": 129985000}, {"date": "2012-12-31", "symbol": "HR", "reportedCurrency": "USD", "cik": "0001360604", "fillingDate": "2013-03-01", "acceptedDate": "2013-03-01 15:10:22", "calendarYear": "2012", "period": "FY", "revenue": 242278000, "costOfRevenue": 95307000, "grossProfit": 146971000, "grossProfitRatio": 0.6066213193, "researchAndDevelopmentExpenses": 0, "generalAndAdministrativeExpenses": 20908000, "sellingAndMarketingExpenses": 0, "sellingGeneralAndAdministrativeExpenses": 20908000, "otherExpenses": 116418000, "operatingExpenses": 142499000, "costAndExpenses": 237806000, "interestIncome": 16276000, "interestExpense": 75053000, "depreciationAndAmortization": 101444000, "ebitda": 184552000, "ebitdaratio": 0.7617365176, "operatingIncome": 61838000, "operatingIncomeRatio": 0.2552357209, "totalOtherIncomeExpensesNet": -86206000, "incomeBeforeTax": 7812000, "incomeBeforeTaxRatio": 0.0322439512, "incomeTaxExpense": -8563000, "netIncome": 5465000, "netIncomeRatio": 0.0225567323, "eps": 0.07, "epsdiluted": 0.07, "weightedAverageShsOut": 78845000, "weightedAverageShsOutDil": 78845000, "link": "https://www.sec.gov/Archives/edgar/data/1360604/000144530513000428/0001445305-13-000428-index.htm", "finalLink": "https://www.sec.gov/Archives/edgar/data/1360604/000144530513000428/hta2012123110-k.htm", "calculatedOtherExpenses": 64225000, "calculatedOperatingExpenses": 85133000, "calculatedNetInterest": -58777000, "calculatedOtherIncome": 4751000, "calculatedIncomeNonControlling": 10910000, "calculatedEbitda": 163282000}, {"date": "2011-12-31", "symbol": "HR", "reportedCurrency": "USD", "cik": "0001360604", "fillingDate": "2012-03-27", "acceptedDate": "2012-03-27 09:14:14", "calendarYear": "2011", "period": "FY", "revenue": 221431000, "costOfRevenue": 88760000, "grossProfit": 132671000, "grossProfitRatio": 0.5991527835, "researchAndDevelopmentExpenses": 0, "generalAndAdministrativeExpenses": 20991000, "sellingAndMarketingExpenses": 0, "sellingGeneralAndAdministrativeExpenses": 20991000, "otherExpenses": 1986000, "operatingExpenses": 136237000, "costAndExpenses": 224997000, "interestIncome": 7793000, "interestExpense": 76038000, "depreciationAndAmortization": 92388000, "ebitda": 151478000, "ebitdaratio": 0.6840866907, "operatingIncome": 49441000, "operatingIncomeRatio": 0.2232794866, "totalOtherIncomeExpensesNet": -2130000, "incomeBeforeTax": 5541000, "incomeBeforeTaxRatio": 0.0250235965, "incomeTaxExpense": 57174000, "netIncome": -214000, "netIncomeRatio": -0.000966441, "eps": -0.0029, "epsdiluted": -0.0029, "weightedAverageShsOut": 72720000, "weightedAverageShsOutDil": 72720000, "link": "https://www.sec.gov/Archives/edgar/data/1360604/000144530512000793/0001445305-12-000793-index.htm", "finalLink": "https://www.sec.gov/Archives/edgar/data/1360604/000144530512000793/hta2011123110-k.htm", "calculatedOtherExpenses": 62239000, "calculatedOperatingExpenses": 83230000, "calculatedNetInterest": -68245000, "calculatedOtherIncome": 24345000, "calculatedIncomeNonControlling": -51419000, "calculatedEbitda": 141829000}, {"date": "2010-12-31", "symbol": "HR", "reportedCurrency": "USD", "cik": "0001360604", "fillingDate": "2011-03-25", "acceptedDate": "2011-03-25 17:30:52", "calendarYear": "2010", "period": "FY", "revenue": 195103000, "costOfRevenue": 65338000, "grossProfit": 129765000, "grossProfitRatio": 0.6651102238, "researchAndDevelopmentExpenses": 0, "generalAndAdministrativeExpenses": 16894000, "sellingAndMarketingExpenses": 0, "sellingGeneralAndAdministrativeExpenses": 16894000, "otherExpenses": 103376000, "operatingExpenses": 103376000, "costAndExpenses": 168714000, "interestIncome": 4796000, "interestExpense": 65710000, "depreciationAndAmortization": 77894000, "ebitda": 100111000, "ebitdaratio": 0.5131187117, "operatingIncome": 31165000, "operatingIncomeRatio": 0.1597361394, "totalOtherIncomeExpensesNet": -5363000, "incomeBeforeTax": -7903000, "incomeBeforeTaxRatio": -0.0405068092, "incomeTaxExpense": 8654000, "netIncome": 8200000, "netIncomeRatio": 0.0420290821, "eps": 0.13, "epsdiluted": 0.13, "weightedAverageShsOut": 61722786, "weightedAverageShsOutDil": 62770826, "link": "https://www.sec.gov/Archives/edgar/data/1360604/000095012311029301/0000950123-11-029301-index.htm", "finalLink": "https://www.sec.gov/Archives/edgar/data/1360604/000095012311029301/p18741e10vk.htm", "calculatedOtherExpenses": 81706000, "calculatedOperatingExpenses": 98600000, "calculatedNetInterest": -60914000, "calculatedOtherIncome": 21846000, "calculatedIncomeNonControlling": -24757000, "calculatedEbitda": 109059000}, {"date": "2009-12-31", "symbol": "HR", "reportedCurrency": "USD", "cik": "0001360604", "fillingDate": "2010-03-16", "acceptedDate": "2010-03-15 21:07:39", "calendarYear": "2009", "period": "FY", "revenue": 214098000, "costOfRevenue": 45024000, "grossProfit": 169074000, "grossProfitRatio": 0.7897037805, "researchAndDevelopmentExpenses": 0, "generalAndAdministrativeExpenses": 22493000, "sellingAndMarketingExpenses": 0, "sellingGeneralAndAdministrativeExpenses": 22493000, "otherExpenses": 69663000, "operatingExpenses": 69663000, "costAndExpenses": 114687000, "interestIncome": 1173000, "interestExpense": 43080000, "depreciationAndAmortization": 70921000, "ebitda": 53078000, "ebitdaratio": 0.2479145064, "operatingIncome": 14799000, "operatingIncomeRatio": 0.0691225514, "totalOtherIncomeExpensesNet": -10474000, "incomeBeforeTax": -25077000, "incomeBeforeTaxRatio": -0.1171286047, "incomeTaxExpense": -79408000, "netIncome": 51091000, "netIncomeRatio": 0.2386337098, "eps": 0.88, "epsdiluted": 0.87, "weightedAverageShsOut": 58199592, "weightedAverageShsOutDil": 59047314, "link": "https://www.sec.gov/Archives/edgar/data/1360604/000095012310024872/0000950123-10-024872-index.htm", "finalLink": "https://www.sec.gov/Archives/edgar/data/1360604/000095012310024872/p17110e10vk.htm", "calculatedOtherExpenses": 131782000, "calculatedOperatingExpenses": 154275000, "calculatedNetInterest": -41907000, "calculatedOtherIncome": 2031000, "calculatedIncomeNonControlling": 3240000, "calculatedEbitda": 85720000}, {"date": "2008-12-31", "symbol": "HR", "reportedCurrency": "USD", "cik": "0001360604", "fillingDate": "2009-03-27", "acceptedDate": "2009-03-27 17:28:48", "calendarYear": "2008", "period": "FY", "revenue": -39686000, "costOfRevenue": 28174000, "grossProfit": -67860000, "grossProfitRatio": 1.7099228947, "researchAndDevelopmentExpenses": 0, "generalAndAdministrativeExpenses": 23514000, "sellingAndMarketingExpenses": 0, "sellingGeneralAndAdministrativeExpenses": 23514000, "otherExpenses": -4102000, "operatingExpenses": 46836000, "costAndExpenses": 75010000, "interestIncome": 2440000, "interestExpense": 42126000, "depreciationAndAmortization": 54748000, "ebitda": 28512000, "ebitdaratio": -0.7184397521, "operatingIncome": 5408000, "operatingIncomeRatio": -0.1362697173, "totalOtherIncomeExpensesNet": -12943000, "incomeBeforeTax": -28448000, "incomeBeforeTaxRatio": 0.7168270927, "incomeTaxExpense": -80871000, "netIncome": 41692000, "netIncomeRatio": -1.0505467923, "eps": 0.81, "epsdiluted": 0.79, "weightedAverageShsOut": 51547279, "weightedAverageShsOutDil": 52564944, "link": "https://www.sec.gov/Archives/edgar/data/1360604/000089256909000302/0000892569-09-000302-index.htm", "finalLink": "https://www.sec.gov/Archives/edgar/data/1360604/000089256909000302/a51464e10vk.htm", "calculatedOtherExpenses": -96782000, "calculatedOperatingExpenses": -73268000, "calculatedNetInterest": -39686000, "calculatedOtherIncome": 5830000, "calculatedIncomeNonControlling": 10731000, "calculatedEbitda": 60156000}, {"date": "2007-12-31", "symbol": "HR", "reportedCurrency": "USD", "cik": "0001360604", "fillingDate": "2008-03-25", "acceptedDate": "2008-03-25 17:24:01", "calendarYear": "2007", "period": "FY", "revenue": 162215000, "costOfRevenue": 6037000, "grossProfit": 156178000, "grossProfitRatio": 0.9627839596, "researchAndDevelopmentExpenses": 0, "generalAndAdministrativeExpenses": 20619000, "sellingAndMarketingExpenses": 0, "sellingGeneralAndAdministrativeExpenses": 20619000, "otherExpenses": 0, "operatingExpenses": 3297000, "costAndExpenses": 9334000, "interestIncome": 1752000, "interestExpense": 50378000, "depreciationAndAmortization": 53924000, "ebitda": 164364000, "ebitdaratio": 1.0132478501, "operatingIncome": 8292000, "operatingIncomeRatio": 0.0511173443, "totalOtherIncomeExpensesNet": -15958000, "incomeBeforeTax": -7666000, "incomeBeforeTaxRatio": -0.0472582683, "incomeTaxExpense": 34420000, "netIncome": 60062000, "netIncomeRatio": 0.3702616897, "eps": 1.26, "epsdiluted": 1.24, "weightedAverageShsOut": 47536133, "weightedAverageShsOutDil": 48291330, "link": "https://www.sec.gov/Archives/edgar/data/1360604/000089256908000427/0000892569-08-000427-index.htm", "finalLink": "https://www.sec.gov/Archives/edgar/data/1360604/000089256908000427/a39266e10vk.htm", "calculatedOtherExpenses": 127267000, "calculatedOperatingExpenses": 147886000, "calculatedNetInterest": -48626000, "calculatedOtherIncome": 32668000, "calculatedIncomeNonControlling": -102148000, "calculatedEbitda": 62216000}, {"date": "2006-12-31", "symbol": "HR", "reportedCurrency": "USD", "cik": "0001360604", "fillingDate": "2007-03-02", "acceptedDate": "2007-03-02 17:25:16", "calendarYear": "2006", "period": "FY", "revenue": 211329000, "costOfRevenue": 0, "grossProfit": 211329000, "grossProfitRatio": 1, "researchAndDevelopmentExpenses": 0, "generalAndAdministrativeExpenses": 16867000, "sellingAndMarketingExpenses": 0, "sellingGeneralAndAdministrativeExpenses": 16867000, "otherExpenses": -134924000, "operatingExpenses": -118057000, "costAndExpenses": -118057000, "interestIncome": 11014000, "interestExpense": 53553000, "depreciationAndAmortization": 65529000, "ebitda": 158801000, "ebitdaratio": 0.7514396983, "operatingIncome": 93272000, "operatingIncomeRatio": 0.4413592077, "totalOtherIncomeExpensesNet": 0, "incomeBeforeTax": 0, "incomeBeforeTaxRatio": 0, "incomeTaxExpense": 53553000, "netIncome": 39719000, "netIncomeRatio": 0.1879486488, "eps": 0.85, "epsdiluted": 0.84, "weightedAverageShsOut": 46728235, "weightedAverageShsOutDil": 47284524, "link": "https://www.sec.gov/Archives/edgar/data/1360604/000089256907000192/0000892569-07-000192-index.htm", "finalLink": "https://www.sec.gov/Archives/edgar/data/1360604/000089256907000192/a27897e10vk.htm", "calculatedOtherExpenses": 101190000, "calculatedOperatingExpenses": 118057000, "calculatedNetInterest": -42539000, "calculatedOtherIncome": -50733000, "calculatedIncomeNonControlling": -93272000, "calculatedEbitda": 158801000}, {"date": "2005-12-31", "symbol": "HR", "reportedCurrency": "USD", "cik": "0001360604", "fillingDate": "2005-12-31", "acceptedDate": "2005-12-30 19:00:00", "calendarYear": "2005", "period": "FY", "revenue": 205567000, "costOfRevenue": 0, "grossProfit": 205567000, "grossProfitRatio": 1, "researchAndDevelopmentExpenses": 0, "generalAndAdministrativeExpenses": 16090000, "sellingAndMarketingExpenses": 0, "sellingGeneralAndAdministrativeExpenses": 16090000, "otherExpenses": -120020000, "operatingExpenses": -103930000, "costAndExpenses": -103930000, "interestIncome": 9103000, "interestExpense": 48969000, "depreciationAndAmortization": 67206000, "ebitda": 168843000, "ebitdaratio": 0.821352649, "operatingIncome": 101637000, "operatingIncomeRatio": 0.4944227429, "totalOtherIncomeExpensesNet": 0, "incomeBeforeTax": 0, "incomeBeforeTaxRatio": 0, "incomeTaxExpense": 48969000, "netIncome": 52668000, "netIncomeRatio": 0.2562084381, "eps": 1.13, "epsdiluted": 1.11, "weightedAverageShsOut": 46608850, "weightedAverageShsOutDil": 47448649, "link": "", "finalLink": "", "calculatedOtherExpenses": 87840000, "calculatedOperatingExpenses": 103930000, "calculatedNetInterest": -39866000, "calculatedOtherIncome": -61771000, "calculatedIncomeNonControlling": -101637000, "calculatedEbitda": 168843000}, {"date": "2004-12-31", "symbol": "HR", "reportedCurrency": "USD", "cik": "0001360604", "fillingDate": "2004-12-31", "acceptedDate": "2004-12-30 19:00:00", "calendarYear": "2004", "period": "FY", "revenue": 190170000, "costOfRevenue": 0, "grossProfit": 190170000, "grossProfitRatio": 1, "researchAndDevelopmentExpenses": 0, "generalAndAdministrativeExpenses": 13691000, "sellingAndMarketingExpenses": 0, "sellingGeneralAndAdministrativeExpenses": 13691000, "otherExpenses": -104429000, "operatingExpenses": -90738000, "costAndExpenses": -90738000, "interestIncome": 8766000, "interestExpense": 43899000, "depreciationAndAmortization": 60974000, "ebitda": 160406000, "ebitdaratio": 0.843487406, "operatingIncome": 99432000, "operatingIncomeRatio": 0.522858495, "totalOtherIncomeExpensesNet": 0, "incomeBeforeTax": 0, "incomeBeforeTaxRatio": 0, "incomeTaxExpense": 43899000, "netIncome": 55533000, "netIncomeRatio": 0.2920176684, "eps": 1.27, "epsdiluted": 1.24, "weightedAverageShsOut": 43726772, "weightedAverageShsOutDil": 44784677, "link": "", "finalLink": "", "calculatedOtherExpenses": 77047000, "calculatedOperatingExpenses": 90738000, "calculatedNetInterest": -35133000, "calculatedOtherIncome": -64299000, "calculatedIncomeNonControlling": -99432000, "calculatedEbitda": 160406000}, {"date": "2003-12-31", "symbol": "HR", "reportedCurrency": "USD", "cik": "0001360604", "fillingDate": "2003-12-31", "acceptedDate": "2003-12-30 19:00:00", "calendarYear": "2003", "period": "FY", "revenue": 157396000, "costOfRevenue": 0, "grossProfit": 157396000, "grossProfitRatio": 1, "researchAndDevelopmentExpenses": 0, "generalAndAdministrativeExpenses": 11122000, "sellingAndMarketingExpenses": 0, "sellingGeneralAndAdministrativeExpenses": 11122000, "otherExpenses": -63410000, "operatingExpenses": -52288000, "costAndExpenses": -52288000, "interestIncome": 14527000, "interestExpense": 34601000, "depreciationAndAmortization": 46162000, "ebitda": 151270000, "ebitdaratio": 0.9610790617, "operatingIncome": 105108000, "operatingIncomeRatio": 0.6677933366, "totalOtherIncomeExpensesNet": 0, "incomeBeforeTax": 0, "incomeBeforeTaxRatio": 0, "incomeTaxExpense": 34601000, "netIncome": 70507000, "netIncomeRatio": 0.4479592874, "eps": 1.47, "epsdiluted": 1.44, "weightedAverageShsOut": 41142619, "weightedAverageShsOutDil": 41840188, "link": "", "finalLink": "", "calculatedOtherExpenses": 41166000, "calculatedOperatingExpenses": 52288000, "calculatedNetInterest": -20074000, "calculatedOtherIncome": -85034000, "calculatedIncomeNonControlling": -105108000, "calculatedEbitda": 151270000}, {"date": "2002-12-31", "symbol": "HR", "reportedCurrency": "USD", "cik": "0001360604", "fillingDate": "2002-12-31", "acceptedDate": "2002-12-30 19:00:00", "calendarYear": "2002", "period": "FY", "revenue": 163720000, "costOfRevenue": 0, "grossProfit": 163720000, "grossProfitRatio": 1, "researchAndDevelopmentExpenses": 0, "generalAndAdministrativeExpenses": 22228000, "sellingAndMarketingExpenses": 0, "sellingGeneralAndAdministrativeExpenses": 22228000, "otherExpenses": -81662000, "operatingExpenses": -59434000, "costAndExpenses": -59434000, "interestIncome": 15637000, "interestExpense": 34195000, "depreciationAndAmortization": 46558000, "ebitda": 150844000, "ebitdaratio": 0.9213535304, "operatingIncome": 104286000, "operatingIncomeRatio": 0.6369777669, "totalOtherIncomeExpensesNet": 0, "incomeBeforeTax": 0, "incomeBeforeTaxRatio": 0, "incomeTaxExpense": 34195000, "netIncome": 70091000, "netIncomeRatio": 0.4281150745, "eps": 1.4, "epsdiluted": 1.37, "weightedAverageShsOut": 40701516, "weightedAverageShsOutDil": 41487780, "link": "", "finalLink": "", "calculatedOtherExpenses": 37206000, "calculatedOperatingExpenses": 59434000, "calculatedNetInterest": -18558000, "calculatedOtherIncome": -85728000, "calculatedIncomeNonControlling": -104286000, "calculatedEbitda": 150844000}, {"date": "2001-12-31", "symbol": "HR", "reportedCurrency": "USD", "cik": "0001360604", "fillingDate": "2001-12-31", "acceptedDate": "2001-12-30 19:00:00", "calendarYear": "2001", "period": "FY", "revenue": 157638000, "costOfRevenue": 0, "grossProfit": 157638000, "grossProfitRatio": 1, "researchAndDevelopmentExpenses": 0, "generalAndAdministrativeExpenses": 10110000, "sellingAndMarketingExpenses": 0, "sellingGeneralAndAdministrativeExpenses": 10110000, "otherExpenses": -49751000, "operatingExpenses": -39641000, "costAndExpenses": -39641000, "interestIncome": 19544000, "interestExpense": 38110000, "depreciationAndAmortization": 45129000, "ebitda": 163126000, "ebitdaratio": 1.0348139408, "operatingIncome": 117997000, "operatingIncomeRatio": 0.7485314455, "totalOtherIncomeExpensesNet": 0, "incomeBeforeTax": 0, "incomeBeforeTaxRatio": 0, "incomeTaxExpense": 38110000, "netIncome": 79887000, "netIncomeRatio": 0.5067750162, "eps": 1.7, "epsdiluted": 1.67, "weightedAverageShsOut": 39849734, "weightedAverageShsOutDil": 40608681, "link": "", "finalLink": "", "calculatedOtherExpenses": 29531000, "calculatedOperatingExpenses": 39641000, "calculatedNetInterest": -18566000, "calculatedOtherIncome": -99431000, "calculatedIncomeNonControlling": -117997000, "calculatedEbitda": 163126000}, {"date": "2000-12-31", "symbol": "HR", "reportedCurrency": "USD", "cik": "0001360604", "fillingDate": "2000-12-31", "acceptedDate": "2000-12-30 19:00:00", "calendarYear": "2000", "period": "FY", "revenue": 151675000, "costOfRevenue": 0, "grossProfit": 151675000, "grossProfitRatio": 1, "researchAndDevelopmentExpenses": 0, "generalAndAdministrativeExpenses": 8739000, "sellingAndMarketingExpenses": 0, "sellingGeneralAndAdministrativeExpenses": 8739000, "otherExpenses": -37618000, "operatingExpenses": -28879000, "costAndExpenses": -28879000, "interestIncome": 25088000, "interestExpense": 42995000, "depreciationAndAmortization": 42825000, "ebitda": 165621000, "ebitdaratio": 1.0919465963, "operatingIncome": 122796000, "operatingIncomeRatio": 0.8095994726, "totalOtherIncomeExpensesNet": 0, "incomeBeforeTax": 0, "incomeBeforeTaxRatio": 0, "incomeTaxExpense": 42995000, "netIncome": 79801000, "netIncomeRatio": 0.5261315312, "eps": 1.85, "epsdiluted": 1.82, "weightedAverageShsOut": 39544400, "weightedAverageShsOutDil": 40301409, "link": "", "finalLink": "", "calculatedOtherExpenses": 20140000, "calculatedOperatingExpenses": 28879000, "calculatedNetInterest": -17907000, "calculatedOtherIncome": -104889000, "calculatedIncomeNonControlling": -122796000, "calculatedEbitda": 165621000}, {"date": "1999-12-31", "symbol": "HR", "reportedCurrency": "USD", "cik": "0001360604", "fillingDate": "1999-12-31", "acceptedDate": "1999-12-30 19:00:00", "calendarYear": "1999", "period": "FY", "revenue": 153500000, "costOfRevenue": 0, "grossProfit": 153500000, "grossProfitRatio": 1, "researchAndDevelopmentExpenses": 0, "generalAndAdministrativeExpenses": 7300000, "sellingAndMarketingExpenses": 0, "sellingGeneralAndAdministrativeExpenses": 7300000, "otherExpenses": -36200000, "operatingExpenses": -28900000, "costAndExpenses": -28900000, "interestIncome": 32600000, "interestExpense": 38600000, "depreciationAndAmortization": 41200000, "ebitda": 165800000, "ebitdaratio": 1.0801302932, "operatingIncome": 124600000, "operatingIncomeRatio": 0.8117263844, "totalOtherIncomeExpensesNet": 0, "incomeBeforeTax": 0, "incomeBeforeTaxRatio": 0, "incomeTaxExpense": 38600000, "netIncome": 86000000, "netIncomeRatio": 0.5602605863, "eps": 2.02, "epsdiluted": 1.99, "weightedAverageShsOut": 39326594, "weightedAverageShsOutDil": 39810306, "link": "", "finalLink": "", "calculatedOtherExpenses": 21600000, "calculatedOperatingExpenses": 28900000, "calculatedNetInterest": -6000000, "calculatedOtherIncome": -118600000, "calculatedIncomeNonControlling": -124600000, "calculatedEbitda": 165800000}, {"date": "1998-12-31", "symbol": "HR", "reportedCurrency": "USD", "cik": "0001360604", "fillingDate": "1998-12-31", "acceptedDate": "1998-12-30 19:00:00", "calendarYear": "1998", "period": "FY", "revenue": 80000000, "costOfRevenue": 0, "grossProfit": 80000000, "grossProfitRatio": 1, "researchAndDevelopmentExpenses": 0, "generalAndAdministrativeExpenses": 11100000, "sellingAndMarketingExpenses": 0, "sellingGeneralAndAdministrativeExpenses": 11100000, "otherExpenses": -37500000, "operatingExpenses": -26400000, "costAndExpenses": -26400000, "interestIncome": 7000000, "interestExpense": 13100000, "depreciationAndAmortization": 17100000, "ebitda": 70700000, "ebitdaratio": 0.88375, "operatingIncome": 53600000, "operatingIncomeRatio": 0.67, "totalOtherIncomeExpensesNet": 0, "incomeBeforeTax": 0, "incomeBeforeTaxRatio": 0, "incomeTaxExpense": 13100000, "netIncome": 40500000, "netIncomeRatio": 0.50625, "eps": 1.66, "epsdiluted": 1.63, "weightedAverageShsOut": 24043942, "weightedAverageShsOutDil": 24524600, "link": "", "finalLink": "", "calculatedOtherExpenses": 15300000, "calculatedOperatingExpenses": 26400000, "calculatedNetInterest": -6100000, "calculatedOtherIncome": -47500000, "calculatedIncomeNonControlling": -53600000, "calculatedEbitda": 70700000}, {"date": "1997-12-31", "symbol": "HR", "reportedCurrency": "USD", "cik": "0001360604", "fillingDate": "1997-12-31", "acceptedDate": "1997-12-30 19:00:00", "calendarYear": "1997", "period": "FY", "revenue": 51800000, "costOfRevenue": 0, "grossProfit": 51800000, "grossProfitRatio": 1, "researchAndDevelopmentExpenses": 0, "generalAndAdministrativeExpenses": 3800000, "sellingAndMarketingExpenses": 0, "sellingGeneralAndAdministrativeExpenses": 3800000, "otherExpenses": -16400000, "operatingExpenses": -12600000, "costAndExpenses": -12600000, "interestIncome": 3400000, "interestExpense": 8000000, "depreciationAndAmortization": 12100000, "ebitda": 51300000, "ebitdaratio": 0.9903474903, "operatingIncome": 39200000, "operatingIncomeRatio": 0.7567567568, "totalOtherIncomeExpensesNet": 0, "incomeBeforeTax": 0, "incomeBeforeTaxRatio": 0, "incomeTaxExpense": 8000000, "netIncome": 31200000, "netIncomeRatio": 0.6023166023, "eps": 1.71, "epsdiluted": 1.68, "weightedAverageShsOut": 18222243, "weightedAverageShsOutDil": 18572492, "link": "", "finalLink": "", "calculatedOtherExpenses": 8800000, "calculatedOperatingExpenses": 12600000, "calculatedNetInterest": -4600000, "calculatedOtherIncome": -34600000, "calculatedIncomeNonControlling": -39200000, "calculatedEbitda": 51300000}, {"date": "1996-12-31", "symbol": "HR", "reportedCurrency": "USD", "cik": "0001360604", "fillingDate": "1996-12-31", "acceptedDate": "1996-12-30 19:00:00", "calendarYear": "1996", "period": "FY", "revenue": 31300000, "costOfRevenue": 0, "grossProfit": 31300000, "grossProfitRatio": 1, "researchAndDevelopmentExpenses": 0, "generalAndAdministrativeExpenses": 2200000, "sellingAndMarketingExpenses": 0, "sellingGeneralAndAdministrativeExpenses": 2200000, "otherExpenses": -6500000, "operatingExpenses": -4300000, "costAndExpenses": -4300000, "interestIncome": 800000, "interestExpense": 7300000, "depreciationAndAmortization": 9000000, "ebitda": 36000000, "ebitdaratio": 1.1501597444, "operatingIncome": 27000000, "operatingIncomeRatio": 0.8626198083, "totalOtherIncomeExpensesNet": 0, "incomeBeforeTax": 0, "incomeBeforeTaxRatio": 0, "incomeTaxExpense": 7300000, "netIncome": 19700000, "netIncomeRatio": 0.6293929712, "eps": 1.49, "epsdiluted": 1.49, "weightedAverageShsOut": 13254233, "weightedAverageShsOutDil": 13254233, "link": "", "finalLink": "", "calculatedOtherExpenses": 2100000, "calculatedOperatingExpenses": 4300000, "calculatedNetInterest": -6500000, "calculatedOtherIncome": -20500000, "calculatedIncomeNonControlling": -27000000, "calculatedEbitda": 36000000}, {"date": "1995-12-31", "symbol": "HR", "reportedCurrency": "USD", "cik": "0001360604", "fillingDate": "1995-12-31", "acceptedDate": "1995-12-30 19:00:00", "calendarYear": "1995", "period": "FY", "revenue": 28300000, "costOfRevenue": 0, "grossProfit": 28300000, "grossProfitRatio": 1, "researchAndDevelopmentExpenses": 0, "generalAndAdministrativeExpenses": 2100000, "sellingAndMarketingExpenses": 0, "sellingGeneralAndAdministrativeExpenses": 2100000, "otherExpenses": -7000000, "operatingExpenses": -4900000, "costAndExpenses": -4900000, "interestIncome": 500000, "interestExpense": 5100000, "depreciationAndAmortization": 8100000, "ebitda": 31500000, "ebitdaratio": 1.1130742049, "operatingIncome": 23400000, "operatingIncomeRatio": 0.8268551237, "totalOtherIncomeExpensesNet": 0, "incomeBeforeTax": 0, "incomeBeforeTaxRatio": 0, "incomeTaxExpense": 5100000, "netIncome": 18300000, "netIncomeRatio": 0.6466431095, "eps": 1.41, "epsdiluted": 1.41, "weightedAverageShsOut": 12978723, "weightedAverageShsOutDil": 12978723, "link": "", "finalLink": "", "calculatedOtherExpenses": 2800000, "calculatedOperatingExpenses": 4900000, "calculatedNetInterest": -4600000, "calculatedOtherIncome": -18800000, "calculatedIncomeNonControlling": -23400000, "calculatedEbitda": 31500000}, {"date": "1994-12-31", "symbol": "HR", "reportedCurrency": "USD", "cik": "0001360604", "fillingDate": "1994-12-31", "acceptedDate": "1994-12-30 19:00:00", "calendarYear": "1994", "period": "FY", "revenue": 23100000, "costOfRevenue": 0, "grossProfit": 23100000, "grossProfitRatio": 1, "researchAndDevelopmentExpenses": 0, "generalAndAdministrativeExpenses": 1900000, "sellingAndMarketingExpenses": 0, "sellingGeneralAndAdministrativeExpenses": 1900000, "otherExpenses": -8200000, "operatingExpenses": -6300000, "costAndExpenses": -6300000, "interestIncome": 1000000, "interestExpense": 1100000, "depreciationAndAmortization": 5400000, "ebitda": 22200000, "ebitdaratio": 0.961038961, "operatingIncome": 16800000, "operatingIncomeRatio": 0.7272727273, "totalOtherIncomeExpensesNet": 0, "incomeBeforeTax": 0, "incomeBeforeTaxRatio": 0, "incomeTaxExpense": 1100000, "netIncome": 15700000, "netIncomeRatio": 0.6796536797, "eps": 1.33, "epsdiluted": 1.33, "weightedAverageShsOut": 11578947, "weightedAverageShsOutDil": 11578947, "link": "", "finalLink": "", "calculatedOtherExpenses": 4400000, "calculatedOperatingExpenses": 6300000, "calculatedNetInterest": -100000, "calculatedOtherIncome": -16700000, "calculatedIncomeNonControlling": -16800000, "calculatedEbitda": 22200000}, {"date": "1993-12-31", "symbol": "HR", "reportedCurrency": "USD", "cik": "0001360604", "fillingDate": "1993-12-31", "acceptedDate": "1993-12-30 19:00:00", "calendarYear": "1993", "period": "FY", "revenue": 6900000, "costOfRevenue": 0, "grossProfit": 6900000, "grossProfitRatio": 1, "researchAndDevelopmentExpenses": 0, "generalAndAdministrativeExpenses": 600000, "sellingAndMarketingExpenses": 0, "sellingGeneralAndAdministrativeExpenses": 600000, "otherExpenses": -3200000, "operatingExpenses": -2600000, "costAndExpenses": -2600000, "interestIncome": 100000, "interestExpense": 300000, "depreciationAndAmortization": 2300000, "ebitda": 6600000, "ebitdaratio": 0.9565217391, "operatingIncome": 4300000, "operatingIncomeRatio": 0.6231884058, "totalOtherIncomeExpensesNet": 0, "incomeBeforeTax": 0, "incomeBeforeTaxRatio": 0, "incomeTaxExpense": 300000, "netIncome": 4000000, "netIncomeRatio": 0.5797101449, "eps": 0.64, "epsdiluted": 0.63, "weightedAverageShsOut": 6250000, "weightedAverageShsOutDil": 6349206, "link": "", "finalLink": "", "calculatedOtherExpenses": 2000000, "calculatedOperatingExpenses": 2600000, "calculatedNetInterest": -200000, "calculatedOtherIncome": -4100000, "calculatedIncomeNonControlling": -4300000, "calculatedEbitda": 6600000}]}