{"originalCurrency": "USD", "convertedCurrency": "USD", "report": [{"date": "2023-06-30", "symbol": "HRB", "reportedCurrency": "USD", "cik": "0000012659", "fillingDate": "2023-08-17", "acceptedDate": "2023-08-17 17:17:39", "calendarYear": "2023", "period": "FY", "revenue": 3472185000, "costOfRevenue": 1336122000, "grossProfit": 2136063000, "grossProfitRatio": 0.6151927389, "researchAndDevelopmentExpenses": 0, "generalAndAdministrativeExpenses": 428167000, "sellingAndMarketingExpenses": 286255000, "sellingGeneralAndAdministrativeExpenses": 714422000, "otherExpenses": 35492000, "operatingExpenses": 1387365000, "costAndExpenses": 2723487000, "interestIncome": 0, "interestExpense": 72978000, "depreciationAndAmortization": 130501000, "ebitda": 914691000, "ebitdaratio": 0.263433832, "operatingIncome": 784190000, "operatingIncomeRatio": 0.2258491411, "totalOtherIncomeExpensesNet": 35492000, "incomeBeforeTax": 711212000, "incomeBeforeTaxRatio": 0.2048312518, "incomeTaxExpense": 149412000, "netIncome": 553700000, "netIncomeRatio": 0.1594673095, "eps": 3.63, "epsdiluted": 3.56, "weightedAverageShsOut": 153512000, "weightedAverageShsOutDil": 154492869, "link": "https://www.sec.gov/Archives/edgar/data/12659/000183886223000027/0001838862-23-000027-index.htm", "finalLink": "https://www.sec.gov/Archives/edgar/data/12659/000183886223000027/hrb-20230630.htm", "calculatedOtherExpenses": 637451000, "calculatedOperatingExpenses": 1351873000, "calculatedNetInterest": -72978000, "calculatedOtherIncome": 0, "calculatedIncomeNonControlling": 8100000, "calculatedEbitda": 914691000}, {"date": "2022-06-30", "symbol": "HRB", "reportedCurrency": "USD", "cik": "0000012659", "fillingDate": "2022-08-16", "acceptedDate": "2022-08-16 16:44:29", "calendarYear": "2022", "period": "FY", "revenue": 3463270000, "costOfRevenue": 1300494000, "grossProfit": 2162776000, "grossProfitRatio": 0.624489572, "researchAndDevelopmentExpenses": 0, "generalAndAdministrativeExpenses": 413162000, "sellingAndMarketingExpenses": 284244000, "sellingGeneralAndAdministrativeExpenses": 697406000, "otherExpenses": 720473000, "operatingExpenses": 1417879000, "costAndExpenses": 2718373000, "interestIncome": 0, "interestExpense": 88282000, "depreciationAndAmortization": 142178000, "ebitda": 889529000, "ebitdaratio": 0.2568465641, "operatingIncome": 747351000, "operatingIncomeRatio": 0.2157934553, "totalOtherIncomeExpensesNet": -88282000, "incomeBeforeTax": 659069000, "incomeBeforeTaxRatio": 0.1903025176, "incomeTaxExpense": 98423000, "netIncome": 553674000, "netIncomeRatio": 0.159870296, "eps": 3.27, "epsdiluted": 3.22, "weightedAverageShsOut": 168519000, "weightedAverageShsOutDil": 171435000, "link": "https://www.sec.gov/Archives/edgar/data/12659/000183886222000028/0001838862-22-000028-index.htm", "finalLink": "https://www.sec.gov/Archives/edgar/data/12659/000183886222000028/hrb-20220630.htm", "calculatedOtherExpenses": 718019000, "calculatedOperatingExpenses": 1415425000, "calculatedNetInterest": -88282000, "calculatedOtherIncome": 0, "calculatedIncomeNonControlling": 6972000, "calculatedEbitda": 889529000}, {"date": "2021-04-30", "symbol": "HRB", "reportedCurrency": "USD", "cik": "0000012659", "fillingDate": "2021-06-15", "acceptedDate": "2021-06-15 17:16:29", "calendarYear": "2021", "period": "FY", "revenue": 3413987000, "costOfRevenue": 1842092000, "grossProfit": 1571895000, "grossProfitRatio": 0.4604279395, "researchAndDevelopmentExpenses": 0, "generalAndAdministrativeExpenses": 0, "sellingAndMarketingExpenses": 0, "sellingGeneralAndAdministrativeExpenses": 802268000, "otherExpenses": 5979000, "operatingExpenses": 802268000, "costAndExpenses": 2644360000, "interestIncome": 0, "interestExpense": 106870000, "depreciationAndAmortization": 156852000, "ebitda": 932458000, "ebitdaratio": 0.2731287495, "operatingIncome": 775606000, "operatingIncomeRatio": 0.2271848135, "totalOtherIncomeExpensesNet": 5979000, "incomeBeforeTax": 668736000, "incomeBeforeTaxRatio": 0.195881238, "incomeTaxExpense": 78524000, "netIncome": 583791000, "netIncomeRatio": 0.1709997724, "eps": 3.11, "epsdiluted": 3.08, "weightedAverageShsOut": 186832000, "weightedAverageShsOutDil": 188777000, "link": "https://www.sec.gov/Archives/edgar/data/12659/000183886221000028/0001838862-21-000028-index.htm", "finalLink": "https://www.sec.gov/Archives/edgar/data/12659/000183886221000028/hrb-20210430.htm", "calculatedOtherExpenses": -5979000, "calculatedOperatingExpenses": 796289000, "calculatedNetInterest": -106870000, "calculatedOtherIncome": 0, "calculatedIncomeNonControlling": 6421000, "calculatedEbitda": 932458000}, {"date": "2020-04-30", "symbol": "HRB", "reportedCurrency": "USD", "cik": "0000012659", "fillingDate": "2020-06-17", "acceptedDate": "2020-06-16 18:23:12", "calendarYear": "2020", "period": "FY", "revenue": 2639720000, "costOfRevenue": 1712276000, "grossProfit": 927444000, "grossProfitRatio": 0.351341809, "researchAndDevelopmentExpenses": 0, "generalAndAdministrativeExpenses": 0, "sellingAndMarketingExpenses": 0, "sellingGeneralAndAdministrativeExpenses": 744361000, "otherExpenses": 15637000, "operatingExpenses": 744361000, "costAndExpenses": 2456637000, "interestIncome": 14254000, "interestExpense": 96094000, "depreciationAndAmortization": 169536000, "ebitda": 368256000, "ebitdaratio": 0.1395057052, "operatingIncome": 198720000, "operatingIncomeRatio": 0.0752807116, "totalOtherIncomeExpensesNet": -90363000, "incomeBeforeTax": -3374000, "incomeBeforeTaxRatio": -0.0012781659, "incomeTaxExpense": -9530000, "netIncome": -7526000, "netIncomeRatio": -0.00285106, "eps": -0.0383, "epsdiluted": -0.038, "weightedAverageShsOut": 196701000, "weightedAverageShsOutDil": 198108000, "link": "https://www.sec.gov/Archives/edgar/data/12659/000157484220000021/0001574842-20-000021-index.htm", "finalLink": "https://www.sec.gov/Archives/edgar/data/12659/000157484220000021/hrb2020043010k.htm", "calculatedOtherExpenses": -15637000, "calculatedOperatingExpenses": 728724000, "calculatedNetInterest": -81840000, "calculatedOtherIncome": -120254000, "calculatedIncomeNonControlling": 13682000, "calculatedEbitda": 368256000}, {"date": "2019-04-30", "symbol": "HRB", "reportedCurrency": "USD", "cik": "0000012659", "fillingDate": "2019-06-14", "acceptedDate": "2019-06-14 16:26:26", "calendarYear": "2019", "period": "FY", "revenue": 3094881000, "costOfRevenue": 1756922000, "grossProfit": 1337959000, "grossProfitRatio": 0.4323135526, "researchAndDevelopmentExpenses": 0, "generalAndAdministrativeExpenses": 0, "sellingAndMarketingExpenses": 0, "sellingGeneralAndAdministrativeExpenses": 722167000, "otherExpenses": 16419000, "operatingExpenses": 722167000, "costAndExpenses": 2479089000, "interestIncome": 16512000, "interestExpense": 87051000, "depreciationAndAmortization": 166695000, "ebitda": 798906000, "ebitdaratio": 0.2581378735, "operatingIncome": 632211000, "operatingIncomeRatio": 0.2042763518, "totalOtherIncomeExpensesNet": 16419000, "incomeBeforeTax": 545160000, "incomeBeforeTaxRatio": 0.1761489376, "incomeTaxExpense": 99904000, "netIncome": 422509000, "netIncomeRatio": 0.1365186577, "eps": 2.06, "epsdiluted": 2.04, "weightedAverageShsOut": 205372000, "weightedAverageShsOutDil": 206724000, "link": "https://www.sec.gov/Archives/edgar/data/12659/000157484219000022/0001574842-19-000022-index.htm", "finalLink": "https://www.sec.gov/Archives/edgar/data/12659/000157484219000022/hrb2019043010k.htm", "calculatedOtherExpenses": -16419000, "calculatedOperatingExpenses": 705748000, "calculatedNetInterest": -70539000, "calculatedOtherIncome": -16512000, "calculatedIncomeNonControlling": 22747000, "calculatedEbitda": 798906000}, {"date": "2018-04-30", "symbol": "HRB", "reportedCurrency": "USD", "cik": "0000012659", "fillingDate": "2018-06-15", "acceptedDate": "2018-06-15 16:34:07", "calendarYear": "2018", "period": "FY", "revenue": 3159931000, "costOfRevenue": 1739729000, "grossProfit": 1420202000, "grossProfitRatio": 0.4494408264, "researchAndDevelopmentExpenses": 0, "generalAndAdministrativeExpenses": 0, "sellingAndMarketingExpenses": 0, "sellingGeneralAndAdministrativeExpenses": 668152000, "otherExpenses": -642000, "operatingExpenses": 668152000, "costAndExpenses": 2407881000, "interestIncome": 6861000, "interestExpense": 89372000, "depreciationAndAmortization": 183295000, "ebitda": 941564000, "ebitdaratio": 0.2979697974, "operatingIncome": 758269000, "operatingIncomeRatio": 0.239963784, "totalOtherIncomeExpensesNet": -807000, "incomeBeforeTax": 668732000, "incomeBeforeTaxRatio": 0.2116286716, "incomeTaxExpense": 41823000, "netIncome": 613149000, "netIncomeRatio": 0.1940387306, "eps": 2.94, "epsdiluted": 2.92, "weightedAverageShsOut": 208824000, "weightedAverageShsOutDil": 210213000, "link": "https://www.sec.gov/Archives/edgar/data/12659/000157484218000019/0001574842-18-000019-index.htm", "finalLink": "https://www.sec.gov/Archives/edgar/data/12659/000157484218000019/hrb2018043010k.htm", "calculatedOtherExpenses": -6219000, "calculatedOperatingExpenses": 661933000, "calculatedNetInterest": -82511000, "calculatedOtherIncome": -7026000, "calculatedIncomeNonControlling": 13760000, "calculatedEbitda": 941564000}, {"date": "2017-04-30", "symbol": "HRB", "reportedCurrency": "USD", "cik": "0000012659", "fillingDate": "2017-06-16", "acceptedDate": "2017-06-16 16:16:56", "calendarYear": "2017", "period": "FY", "revenue": 3036314000, "costOfRevenue": 1883758000, "grossProfit": 1152556000, "grossProfitRatio": 0.3795905167, "researchAndDevelopmentExpenses": 0, "generalAndAdministrativeExpenses": 0, "sellingAndMarketingExpenses": 374193000, "sellingGeneralAndAdministrativeExpenses": 374193000, "otherExpenses": 6254000, "operatingExpenses": 436572000, "costAndExpenses": 2320330000, "interestIncome": 3830000, "interestExpense": 92951000, "depreciationAndAmortization": 182168000, "ebitda": 904406000, "ebitdaratio": 0.2978631327, "operatingIncome": 719595000, "operatingIncomeRatio": 0.2369962395, "totalOtherIncomeExpensesNet": 6254000, "incomeBeforeTax": 629287000, "incomeBeforeTaxRatio": 0.2072535976, "incomeTaxExpense": 208370000, "netIncome": 408945000, "netIncomeRatio": 0.1346846868, "eps": 1.92, "epsdiluted": 1.91, "weightedAverageShsOut": 212809000, "weightedAverageShsOutDil": 214095000, "link": "https://www.sec.gov/Archives/edgar/data/12659/000157484217000019/0001574842-17-000019-index.htm", "finalLink": "https://www.sec.gov/Archives/edgar/data/12659/000157484217000019/hrb2017043010k.htm", "calculatedOtherExpenses": 58768000, "calculatedOperatingExpenses": 432961000, "calculatedNetInterest": -89121000, "calculatedOtherIncome": -1187000, "calculatedIncomeNonControlling": 11972000, "calculatedEbitda": 901763000}, {"date": "2016-04-30", "symbol": "HRB", "reportedCurrency": "USD", "cik": "0000012659", "fillingDate": "2016-06-17", "acceptedDate": "2016-06-17 17:07:38", "calendarYear": "2016", "period": "FY", "revenue": 3038153000, "costOfRevenue": 1914330000, "grossProfit": 1123823000, "grossProfitRatio": 0.369903359, "researchAndDevelopmentExpenses": 0, "generalAndAdministrativeExpenses": 0, "sellingAndMarketingExpenses": 432940000, "sellingGeneralAndAdministrativeExpenses": 432940000, "otherExpenses": 5249000, "operatingExpenses": 490631000, "costAndExpenses": 2404961000, "interestIncome": 8548000, "interestExpense": 68962000, "depreciationAndAmortization": 57691000, "ebitda": 696132000, "ebitdaratio": 0.229130001, "operatingIncome": 643834000, "operatingIncomeRatio": 0.2119162531, "totalOtherIncomeExpensesNet": 5249000, "incomeBeforeTax": 569479000, "incomeBeforeTaxRatio": 0.1874425021, "incomeTaxExpense": 185926000, "netIncome": 374267000, "netIncomeRatio": 0.1231889902, "eps": 1.5, "epsdiluted": 1.49, "weightedAverageShsOut": 249009000, "weightedAverageShsOutDil": 250818000, "link": "https://www.sec.gov/Archives/edgar/data/12659/000157484216000042/0001574842-16-000042-index.htm", "finalLink": "https://www.sec.gov/Archives/edgar/data/12659/000157484216000042/hrb2016043010k.htm", "calculatedOtherExpenses": 47049000, "calculatedOperatingExpenses": 479989000, "calculatedNetInterest": -60414000, "calculatedOtherIncome": -13941000, "calculatedIncomeNonControlling": 9286000, "calculatedEbitda": 701525000}, {"date": "2015-04-30", "symbol": "HRB", "reportedCurrency": "USD", "cik": "0000012659", "fillingDate": "2015-06-17", "acceptedDate": "2015-06-17 16:36:12", "calendarYear": "2015", "period": "FY", "revenue": 3078658000, "costOfRevenue": 1869017000, "grossProfit": 1209641000, "grossProfitRatio": 0.3929117817, "researchAndDevelopmentExpenses": 0, "generalAndAdministrativeExpenses": 0, "sellingAndMarketingExpenses": 367032000, "sellingGeneralAndAdministrativeExpenses": 367032000, "otherExpenses": -6615000, "operatingExpenses": 414975000, "costAndExpenses": 2283992000, "interestIncome": 0, "interestExpense": 45246000, "depreciationAndAmortization": 47943000, "ebitda": 835994000, "ebitdaratio": 0.2715449394, "operatingIncome": 788051000, "operatingIncomeRatio": 0.255972245, "totalOtherIncomeExpensesNet": -6615000, "incomeBeforeTax": 742805000, "incomeBeforeTaxRatio": 0.2412755818, "incomeTaxExpense": 256061000, "netIncome": 473663000, "netIncomeRatio": 0.1538537246, "eps": 1.72, "epsdiluted": 1.71, "weightedAverageShsOut": 275033000, "weightedAverageShsOutDil": 277136000, "link": "https://www.sec.gov/Archives/edgar/data/12659/000157484215000011/0001574842-15-000011-index.htm", "finalLink": "https://www.sec.gov/Archives/edgar/data/12659/000157484215000011/hrb2015043010k.htm", "calculatedOtherExpenses": 54558000, "calculatedOperatingExpenses": 421590000, "calculatedNetInterest": -45246000, "calculatedOtherIncome": 0, "calculatedIncomeNonControlling": 13081000, "calculatedEbitda": 835994000}, {"date": "2014-04-30", "symbol": "HRB", "reportedCurrency": "USD", "cik": "0000012659", "fillingDate": "2014-06-19", "acceptedDate": "2014-06-19 16:08:47", "calendarYear": "2014", "period": "FY", "revenue": 3024295000, "costOfRevenue": 1877435000, "grossProfit": 1146860000, "grossProfitRatio": 0.3792156519, "researchAndDevelopmentExpenses": 0, "generalAndAdministrativeExpenses": 0, "sellingAndMarketingExpenses": 361304000, "sellingGeneralAndAdministrativeExpenses": 361304000, "otherExpenses": 3905000, "operatingExpenses": 383649000, "costAndExpenses": 2261084000, "interestIncome": 0, "interestExpense": 21035000, "depreciationAndAmortization": 22345000, "ebitda": 785556000, "ebitdaratio": 0.2597484703, "operatingIncome": 763211000, "operatingIncomeRatio": 0.2523599715, "totalOtherIncomeExpensesNet": 3905000, "incomeBeforeTax": 767116000, "incomeBeforeTaxRatio": 0.2536511815, "incomeTaxExpense": 267019000, "netIncome": 475157000, "netIncomeRatio": 0.1571133107, "eps": 1.73, "epsdiluted": 1.72, "weightedAverageShsOut": 273830000, "weightedAverageShsOutDil": 276027000, "link": "https://www.sec.gov/Archives/edgar/data/12659/000157484214000031/0001574842-14-000031-index.htm", "finalLink": "https://www.sec.gov/Archives/edgar/data/12659/000157484214000031/hrb201443010k.htm", "calculatedOtherExpenses": 22345000, "calculatedOperatingExpenses": 383649000, "calculatedNetInterest": -21035000, "calculatedOtherIncome": 24940000, "calculatedIncomeNonControlling": 24940000, "calculatedEbitda": 785556000}, {"date": "2013-04-30", "symbol": "HRB", "reportedCurrency": "USD", "cik": "0000012659", "fillingDate": "2013-06-26", "acceptedDate": "2013-06-26 16:47:35", "calendarYear": "2013", "period": "FY", "revenue": 2905943000, "costOfRevenue": 1604788000, "grossProfit": 1301155000, "grossProfitRatio": 0.4477565458, "researchAndDevelopmentExpenses": 0, "generalAndAdministrativeExpenses": 0, "sellingAndMarketingExpenses": 0, "sellingGeneralAndAdministrativeExpenses": 604469000, "otherExpenses": 5325000, "operatingExpenses": 604469000, "costAndExpenses": 2209257000, "interestIncome": 0, "interestExpense": 25885000, "depreciationAndAmortization": 92407000, "ebitda": 696686000, "ebitdaratio": 0.2397452393, "operatingIncome": 696686000, "operatingIncomeRatio": 0.2397452393, "totalOtherIncomeExpensesNet": 5325000, "incomeBeforeTax": 702011000, "incomeBeforeTaxRatio": 0.241577691, "incomeTaxExpense": 236853000, "netIncome": 433948000, "netIncomeRatio": 0.1493312154, "eps": 1.59, "epsdiluted": 1.58, "weightedAverageShsOut": 273057000, "weightedAverageShsOutDil": 274359000, "link": "https://www.sec.gov/Archives/edgar/data/12659/000157484213000010/0001574842-13-000010-index.htm", "finalLink": "https://www.sec.gov/Archives/edgar/data/12659/000157484213000010/hrb201343010k.htm", "calculatedOtherExpenses": 0, "calculatedOperatingExpenses": 604469000, "calculatedNetInterest": -25885000, "calculatedOtherIncome": 31210000, "calculatedIncomeNonControlling": 31210000, "calculatedEbitda": 789093000}, {"date": "2012-04-30", "symbol": "HRB", "reportedCurrency": "USD", "cik": "0000012659", "fillingDate": "2012-06-26", "acceptedDate": "2012-06-26 17:18:58", "calendarYear": "2012", "period": "FY", "revenue": 2793971000, "costOfRevenue": 1609606000, "grossProfit": 1184365000, "grossProfitRatio": 0.4239002481, "researchAndDevelopmentExpenses": 0, "generalAndAdministrativeExpenses": 0, "sellingAndMarketingExpenses": 0, "sellingGeneralAndAdministrativeExpenses": 618375000, "otherExpenses": 0, "operatingExpenses": 618375000, "costAndExpenses": 2227981000, "interestIncome": 99800000, "interestExpense": 92089000, "depreciationAndAmortization": 103576000, "ebitda": 665790000, "ebitdaratio": 0.2382952436, "operatingIncome": 665790000, "operatingIncomeRatio": 0.2382952436, "totalOtherIncomeExpensesNet": 2369000, "incomeBeforeTax": 576070000, "incomeBeforeTaxRatio": 0.2061832424, "incomeTaxExpense": 230102000, "netIncome": 265932000, "netIncomeRatio": 0.0951806586, "eps": 0.89, "epsdiluted": 0.89, "weightedAverageShsOut": 297863000, "weightedAverageShsOutDil": 298601000, "link": "https://www.sec.gov/Archives/edgar/data/12659/000119312512283991/0001193125-12-283991-index.htm", "finalLink": "https://www.sec.gov/Archives/edgar/data/12659/000119312512283991/d347306d10k.htm", "calculatedOtherExpenses": -99800000, "calculatedOperatingExpenses": 518575000, "calculatedNetInterest": 7711000, "calculatedOtherIncome": -97431000, "calculatedIncomeNonControlling": 80036000, "calculatedEbitda": 769366000}, {"date": "2011-04-30", "symbol": "HRB", "reportedCurrency": "USD", "cik": "0000012659", "fillingDate": "2011-06-23", "acceptedDate": "2011-06-23 17:07:05", "calendarYear": "2011", "period": "FY", "revenue": 3640143000, "costOfRevenue": 2414590000, "grossProfit": 1225553000, "grossProfitRatio": 0.336677158, "researchAndDevelopmentExpenses": 0, "generalAndAdministrativeExpenses": 0, "sellingAndMarketingExpenses": 0, "sellingGeneralAndAdministrativeExpenses": 694136000, "otherExpenses": 0, "operatingExpenses": 694136000, "costAndExpenses": 3108726000, "interestIncome": 134153000, "interestExpense": -143768000, "depreciationAndAmortization": 121633000, "ebitda": 641595000, "ebitdaratio": 0.1762554383, "operatingIncome": 519962000, "operatingIncomeRatio": 0.1428410917, "totalOtherIncomeExpensesNet": 11455000, "incomeBeforeTax": 677025000, "incomeBeforeTaxRatio": 0.1859885724, "incomeTaxExpense": 257620000, "netIncome": 406110000, "netIncomeRatio": 0.1115642984, "eps": 1.31, "epsdiluted": 1.31, "weightedAverageShsOut": 309230000, "weightedAverageShsOutDil": 309777000, "link": "https://www.sec.gov/Archives/edgar/data/12659/000095012311061237/0000950123-11-061237-index.htm", "finalLink": "https://www.sec.gov/Archives/edgar/data/12659/000095012311061237/c64703e10vk.htm", "calculatedOtherExpenses": 11455000, "calculatedOperatingExpenses": 705591000, "calculatedNetInterest": 277921000, "calculatedOtherIncome": -120858000, "calculatedIncomeNonControlling": 13295000, "calculatedEbitda": 641595000}, {"date": "2010-04-30", "symbol": "HRB", "reportedCurrency": "USD", "cik": "0000012659", "fillingDate": "2010-06-29", "acceptedDate": "2010-06-28 19:07:51", "calendarYear": "2010", "period": "FY", "revenue": 3874332000, "costOfRevenue": 2467996000, "grossProfit": 1406336000, "grossProfitRatio": 0.3629879938, "researchAndDevelopmentExpenses": 0, "generalAndAdministrativeExpenses": 0, "sellingAndMarketingExpenses": 0, "sellingGeneralAndAdministrativeExpenses": 631499000, "otherExpenses": 0, "operatingExpenses": 631499000, "costAndExpenses": 3099495000, "interestIncome": 122405000, "interestExpense": -8892000, "depreciationAndAmortization": 126901000, "ebitda": 765539000, "ebitdaratio": 0.197592514, "operatingIncome": 765539000, "operatingIncomeRatio": 0.197592514, "totalOtherIncomeExpensesNet": 9298000, "incomeBeforeTax": 784135000, "incomeBeforeTaxRatio": 0.2023923092, "incomeTaxExpense": 295189000, "netIncome": 479242000, "netIncomeRatio": 0.1236966786, "eps": 1.44, "epsdiluted": 1.43, "weightedAverageShsOut": 332283000, "weightedAverageShsOutDil": 333236000, "link": "https://www.sec.gov/Archives/edgar/data/12659/000095012310061837/0000950123-10-061837-index.htm", "finalLink": "https://www.sec.gov/Archives/edgar/data/12659/000095012310061837/c58738e10vk.htm", "calculatedOtherExpenses": 9298000, "calculatedOperatingExpenses": 640797000, "calculatedNetInterest": 131297000, "calculatedOtherIncome": -112701000, "calculatedIncomeNonControlling": 9704000, "calculatedEbitda": 892440000}, {"date": "2009-04-30", "symbol": "HRB", "reportedCurrency": "USD", "cik": "0000012659", "fillingDate": "2009-06-29", "acceptedDate": "2009-06-29 16:15:28", "calendarYear": "2009", "period": "FY", "revenue": 4083577000, "costOfRevenue": 2596218000, "grossProfit": 1487359000, "grossProfitRatio": 0.3642294488, "researchAndDevelopmentExpenses": 0, "generalAndAdministrativeExpenses": 0, "sellingAndMarketingExpenses": 0, "sellingGeneralAndAdministrativeExpenses": 648490000, "otherExpenses": 0, "operatingExpenses": 648490000, "costAndExpenses": 3244708000, "interestIncome": 154516000, "interestExpense": 26380000, "depreciationAndAmortization": 123631000, "ebitda": 961999000, "ebitdaratio": 0.2355775341, "operatingIncome": 838368000, "operatingIncomeRatio": 0.2053023611, "totalOtherIncomeExpensesNet": 501000, "incomeBeforeTax": 839370000, "incomeBeforeTaxRatio": 0.2055477343, "incomeTaxExpense": 326315000, "netIncome": 485673000, "netIncomeRatio": 0.1189332294, "eps": 1.46, "epsdiluted": 1.45, "weightedAverageShsOut": 332787000, "weightedAverageShsOutDil": 334539000, "link": "https://www.sec.gov/Archives/edgar/data/12659/000095012309018620/0000950123-09-018620-index.htm", "finalLink": "https://www.sec.gov/Archives/edgar/data/12659/000095012309018620/c51997e10vk.htm", "calculatedOtherExpenses": 501000, "calculatedOperatingExpenses": 648991000, "calculatedNetInterest": 128136000, "calculatedOtherIncome": -127134000, "calculatedIncomeNonControlling": 27382000, "calculatedEbitda": 961999000}, {"date": "2008-04-30", "symbol": "HRB", "reportedCurrency": "USD", "cik": "0000012659", "fillingDate": "2008-06-30", "acceptedDate": "2008-06-30 06:04:53", "calendarYear": "2008", "period": "FY", "revenue": 4403877000, "costOfRevenue": 2802552000, "grossProfit": 1601325000, "grossProfitRatio": 0.3636171037, "researchAndDevelopmentExpenses": 0, "generalAndAdministrativeExpenses": 0, "sellingAndMarketingExpenses": 0, "sellingGeneralAndAdministrativeExpenses": 881886000, "otherExpenses": 0, "operatingExpenses": 881886000, "costAndExpenses": 3684438000, "interestIncome": 0, "interestExpense": 709540000, "depreciationAndAmortization": 146011000, "ebitda": 837649000, "ebitdaratio": 0.1902071743, "operatingIncome": 691638000, "operatingIncomeRatio": 0.1570520703, "totalOtherIncomeExpensesNet": 27801000, "incomeBeforeTax": 745221000, "incomeBeforeTaxRatio": 0.1692193038, "incomeTaxExpense": 290745000, "netIncome": -308647000, "netIncomeRatio": -0.0700852908, "eps": -0.95, "epsdiluted": -0.94, "weightedAverageShsOut": 324810000, "weightedAverageShsOutDil": 327468000, "link": "https://www.sec.gov/Archives/edgar/data/12659/000095013408012051/0000950134-08-012051-index.htm", "finalLink": "https://www.sec.gov/Archives/edgar/data/12659/000095013408012051/c27745e10vk.htm", "calculatedOtherExpenses": 27801000, "calculatedOperatingExpenses": 909687000, "calculatedNetInterest": -709540000, "calculatedOtherIncome": 763123000, "calculatedIncomeNonControlling": 763123000, "calculatedEbitda": 837649000}, {"date": "2007-04-30", "symbol": "HRB", "reportedCurrency": "USD", "cik": "0000012659", "fillingDate": "2007-06-29", "acceptedDate": "2007-06-29 14:57:57", "calendarYear": "2007", "period": "FY", "revenue": 4021274000, "costOfRevenue": 2508458000, "grossProfit": 1512816000, "grossProfitRatio": 0.3762031635, "researchAndDevelopmentExpenses": 0, "generalAndAdministrativeExpenses": 0, "sellingAndMarketingExpenses": 0, "sellingGeneralAndAdministrativeExpenses": 852954000, "otherExpenses": 300000, "operatingExpenses": 853254000, "costAndExpenses": 3361712000, "interestIncome": 0, "interestExpense": 808898000, "depreciationAndAmortization": 150215000, "ebitda": 786921000, "ebitdaratio": 0.1956894755, "operatingIncome": 636706000, "operatingIncomeRatio": 0.1583343985, "totalOtherIncomeExpensesNet": 22856000, "incomeBeforeTax": 635798000, "incomeBeforeTaxRatio": 0.1581085994, "incomeTaxExpense": 261461000, "netIncome": -433653000, "netIncomeRatio": -0.1078397045, "eps": -1.34, "epsdiluted": -1.33, "weightedAverageShsOut": 323621642, "weightedAverageShsOutDil": 326054887, "link": "https://www.sec.gov/Archives/edgar/data/12659/000095013707009521/0000950137-07-009521-index.htm", "finalLink": "https://www.sec.gov/Archives/edgar/data/12659/000095013707009521/c16312e10vk.htm", "calculatedOtherExpenses": 23156000, "calculatedOperatingExpenses": 876110000, "calculatedNetInterest": -808898000, "calculatedOtherIncome": 807990000, "calculatedIncomeNonControlling": 807990000, "calculatedEbitda": 786921000}, {"date": "2006-04-30", "symbol": "HRB", "reportedCurrency": "USD", "cik": "0000012659", "fillingDate": "2006-06-30", "acceptedDate": "2006-06-30 17:04:01", "calendarYear": "2006", "period": "FY", "revenue": 4872801000, "costOfRevenue": 2907291000, "grossProfit": 1965510000, "grossProfitRatio": 0.4033634864, "researchAndDevelopmentExpenses": 0, "generalAndAdministrativeExpenses": 0, "sellingAndMarketingExpenses": 0, "sellingGeneralAndAdministrativeExpenses": 1111585000, "otherExpenses": 0, "operatingExpenses": 1111585000, "costAndExpenses": 4018876000, "interestIncome": 0, "interestExpense": 4005000, "depreciationAndAmortization": 336382000, "ebitda": 1167780000, "ebitdaratio": 0.2396527172, "operatingIncome": 831398000, "operatingIncomeRatio": 0.1706201423, "totalOtherIncomeExpensesNet": 22527000, "incomeBeforeTax": 827393000, "incomeBeforeTaxRatio": 0.1697982331, "incomeTaxExpense": 336985000, "netIncome": 490408000, "netIncomeRatio": 0.1006419101, "eps": 1.49, "epsdiluted": 1.47, "weightedAverageShsOut": 329132886, "weightedAverageShsOutDil": 333610884, "link": "https://www.sec.gov/Archives/edgar/data/12659/000095013706007517/0000950137-06-007517-index.htm", "finalLink": "https://www.sec.gov/Archives/edgar/data/12659/000095013706007517/c04679e10vk.htm", "calculatedOtherExpenses": 22527000, "calculatedOperatingExpenses": 1134112000, "calculatedNetInterest": -4005000, "calculatedOtherIncome": 0, "calculatedIncomeNonControlling": 0, "calculatedEbitda": 1167780000}, {"date": "2005-04-30", "symbol": "HRB", "reportedCurrency": "USD", "cik": "0000012659", "fillingDate": "2005-07-29", "acceptedDate": "2005-07-29 21:57:10", "calendarYear": "2005", "period": "FY", "revenue": 4420019000, "costOfRevenue": 2415641000, "grossProfit": 2004378000, "grossProfitRatio": 0.4534772362, "researchAndDevelopmentExpenses": 0, "generalAndAdministrativeExpenses": 0, "sellingAndMarketingExpenses": 0, "sellingGeneralAndAdministrativeExpenses": 952125000, "otherExpenses": 0, "operatingExpenses": 952125000, "costAndExpenses": 3367766000, "interestIncome": 0, "interestExpense": 6709000, "depreciationAndAmortization": 268058000, "ebitda": 1292482000, "ebitdaratio": 0.2924154851, "operatingIncome": 1024424000, "operatingIncomeRatio": 0.2317691395, "totalOtherIncomeExpensesNet": 27829000, "incomeBeforeTax": 1017715000, "incomeBeforeTaxRatio": 0.2302512727, "incomeTaxExpense": 381858000, "netIncome": 635857000, "netIncomeRatio": 0.1438584314, "eps": 1.88, "epsdiluted": 1.85, "weightedAverageShsOut": 331867021, "weightedAverageShsOutDil": 337248649, "link": "https://www.sec.gov/Archives/edgar/data/12659/000095013705009321/0000950137-05-009321-index.htm", "finalLink": "https://www.sec.gov/Archives/edgar/data/12659/000095013705009321/c91685e10vk.htm", "calculatedOtherExpenses": 27829000, "calculatedOperatingExpenses": 979954000, "calculatedNetInterest": -6709000, "calculatedOtherIncome": 0, "calculatedIncomeNonControlling": 0, "calculatedEbitda": 1292482000}, {"date": "2004-04-30", "symbol": "HRB", "reportedCurrency": "USD", "cik": "0000012659", "fillingDate": "2004-07-02", "acceptedDate": "2004-07-02 17:18:06", "calendarYear": "2004", "period": "FY", "revenue": 4205570000, "costOfRevenue": 611631000, "grossProfit": 3593939000, "grossProfitRatio": 0.854566444, "researchAndDevelopmentExpenses": 0, "generalAndAdministrativeExpenses": 1994725000, "sellingAndMarketingExpenses": 188317000, "sellingGeneralAndAdministrativeExpenses": 2183042000, "otherExpenses": 256594000, "operatingExpenses": 2439636000, "costAndExpenses": 3051267000, "interestIncome": 0, "interestExpense": -214737000, "depreciationAndAmortization": 241756000, "ebitda": 1184817000, "ebitdaratio": 0.2817256638, "operatingIncome": 943061000, "operatingIncomeRatio": 0.2242409471, "totalOtherIncomeExpensesNet": 211242000, "incomeBeforeTax": 1164157000, "incomeBeforeTaxRatio": 0.2768131312, "incomeTaxExpense": 459901000, "netIncome": 697897000, "netIncomeRatio": 0.1659458765, "eps": 1.96, "epsdiluted": 1.92, "weightedAverageShsOut": 354129082, "weightedAverageShsOutDil": 361506771, "link": "https://www.sec.gov/Archives/edgar/data/12659/000095013704005468/0000950137-04-005468-index.htm", "finalLink": "https://www.sec.gov/Archives/edgar/data/12659/000095013704005468/c86302e10vk.htm", "calculatedOtherExpenses": 467836000, "calculatedOperatingExpenses": 2650878000, "calculatedNetInterest": 214737000, "calculatedOtherIncome": 6359000, "calculatedIncomeNonControlling": 6359000, "calculatedEbitda": 1184817000}, {"date": "2003-04-30", "symbol": "HRB", "reportedCurrency": "USD", "cik": "0000012659", "fillingDate": "2003-07-16", "acceptedDate": "2003-07-15 18:05:29", "calendarYear": "2003", "period": "FY", "revenue": 3779767000, "costOfRevenue": 570045000, "grossProfit": 3209722000, "grossProfitRatio": 0.8491851482, "researchAndDevelopmentExpenses": 0, "generalAndAdministrativeExpenses": 0, "sellingAndMarketingExpenses": 0, "sellingGeneralAndAdministrativeExpenses": 1897566000, "otherExpenses": 331914000, "operatingExpenses": 2229480000, "costAndExpenses": 2799525000, "interestIncome": 0, "interestExpense": -123559000, "depreciationAndAmortization": 161821000, "ebitda": 1025339000, "ebitdaratio": 0.2712704249, "operatingIncome": 863518000, "operatingIncomeRatio": 0.2284579975, "totalOtherIncomeExpensesNet": 116724000, "incomeBeforeTax": 987077000, "incomeBeforeTaxRatio": 0.2611475787, "incomeTaxExpense": 407013000, "netIncome": 580064000, "netIncomeRatio": 0.1534655443, "eps": 1.33, "epsdiluted": 1.3, "weightedAverageShsOut": 436138346, "weightedAverageShsOutDil": 446203077, "link": "https://www.sec.gov/Archives/edgar/data/12659/000095013403010141/0000950134-03-010141-index.htm", "finalLink": "https://www.sec.gov/Archives/edgar/data/12659/000095013403010141/c78154e10vk.htm", "calculatedOtherExpenses": 448638000, "calculatedOperatingExpenses": 2346204000, "calculatedNetInterest": 123559000, "calculatedOtherIncome": 0, "calculatedIncomeNonControlling": 0, "calculatedEbitda": 1025339000}, {"date": "2002-04-30", "symbol": "HRB", "reportedCurrency": "USD", "cik": "0000012659", "fillingDate": "2002-07-29", "acceptedDate": "2002-07-29 16:05:04", "calendarYear": "2002", "period": "FY", "revenue": 3317736000, "costOfRevenue": 484156000, "grossProfit": 2833580000, "grossProfitRatio": 0.8540703661, "researchAndDevelopmentExpenses": 0, "generalAndAdministrativeExpenses": 1846625000, "sellingAndMarketingExpenses": 0, "sellingGeneralAndAdministrativeExpenses": 1846625000, "otherExpenses": 271527000, "operatingExpenses": 2118152000, "costAndExpenses": 2602308000, "interestIncome": 0, "interestExpense": -196879000, "depreciationAndAmortization": 155386000, "ebitda": 675347000, "ebitdaratio": 0.203556582, "operatingIncome": 519961000, "operatingIncomeRatio": 0.1567216319, "totalOtherIncomeExpensesNet": 195467000, "incomeBeforeTax": 716840000, "incomeBeforeTaxRatio": 0.216063002, "incomeTaxExpense": 282435000, "netIncome": 434405000, "netIncomeRatio": 0.1309341672, "eps": 1.21, "epsdiluted": 1.17, "weightedAverageShsOut": 359012397, "weightedAverageShsOutDil": 371286325, "link": "https://www.sec.gov/Archives/edgar/data/12659/000095013402008804/0000950134-02-008804-index.htm", "finalLink": "https://www.sec.gov/Archives/edgar/data/12659/000095013402008804/c70740e10vk.htm", "calculatedOtherExpenses": 466994000, "calculatedOperatingExpenses": 2313619000, "calculatedNetInterest": 196879000, "calculatedOtherIncome": 0, "calculatedIncomeNonControlling": 0, "calculatedEbitda": 675347000}, {"date": "2001-04-30", "symbol": "HRB", "reportedCurrency": "USD", "cik": "0000012659", "fillingDate": "2001-07-30", "acceptedDate": "2001-07-30 00:00:00", "calendarYear": "2001", "period": "FY", "revenue": 3001575000, "costOfRevenue": 384894000, "grossProfit": 2616681000, "grossProfitRatio": 0.8717693211, "researchAndDevelopmentExpenses": 0, "generalAndAdministrativeExpenses": 1703456000, "sellingAndMarketingExpenses": 0, "sellingGeneralAndAdministrativeExpenses": 1703456000, "otherExpenses": 448159000, "operatingExpenses": 2151615000, "costAndExpenses": 2536509000, "interestIncome": 0, "interestExpense": -211721000, "depreciationAndAmortization": 205608000, "ebitda": 471379000, "ebitdaratio": 0.1570438853, "operatingIncome": 265771000, "operatingIncomeRatio": 0.0885438478, "totalOtherIncomeExpensesNet": 199295000, "incomeBeforeTax": 473078000, "incomeBeforeTaxRatio": 0.1576099215, "incomeTaxExpense": 196330000, "netIncome": 281162000, "netIncomeRatio": 0.0936714891, "eps": 0.77, "epsdiluted": 0.77, "weightedAverageShsOut": 365145455, "weightedAverageShsOutDil": 367532026, "link": "https://www.sec.gov/Archives/edgar/data/12659/000095013401504443/0000950134-01-504443-index.htm", "finalLink": "https://www.sec.gov/Archives/edgar/data/12659/000095013401504443/c63912e10-k405.txt", "calculatedOtherExpenses": 647454000, "calculatedOperatingExpenses": 2350910000, "calculatedNetInterest": 211721000, "calculatedOtherIncome": -4414000, "calculatedIncomeNonControlling": -4414000, "calculatedEbitda": 471379000}, {"date": "2000-04-30", "symbol": "HRB", "reportedCurrency": "USD", "cik": "0000012659", "fillingDate": "2000-07-28", "acceptedDate": "2000-07-28 00:00:00", "calendarYear": "2000", "period": "FY", "revenue": 2451943000, "costOfRevenue": 338501000, "grossProfit": 2113442000, "grossProfitRatio": 0.861945812, "researchAndDevelopmentExpenses": 0, "generalAndAdministrativeExpenses": 1409109000, "sellingAndMarketingExpenses": 0, "sellingGeneralAndAdministrativeExpenses": 1409109000, "otherExpenses": 300718000, "operatingExpenses": 1709827000, "costAndExpenses": 2048328000, "interestIncome": 0, "interestExpense": -272438000, "depreciationAndAmortization": 147218000, "ebitda": 287046000, "ebitdaratio": 0.1170687899, "operatingIncome": 139828000, "operatingIncomeRatio": 0.0570274268, "totalOtherIncomeExpensesNet": 263787000, "incomeBeforeTax": 412266000, "incomeBeforeTaxRatio": 0.1681384926, "incomeTaxExpense": 160371000, "netIncome": 251895000, "netIncomeRatio": 0.1027328123, "eps": 0.64, "epsdiluted": 0.64, "weightedAverageShsOut": 393585938, "weightedAverageShsOutDil": 396685039, "link": "https://www.sec.gov/Archives/edgar/data/12659/000095012400004430/0000950124-00-004430-index.htm", "finalLink": "https://www.sec.gov/Archives/edgar/data/12659/000095012400004430/e10-k405.txt", "calculatedOtherExpenses": 564505000, "calculatedOperatingExpenses": 1973614000, "calculatedNetInterest": 272438000, "calculatedOtherIncome": 0, "calculatedIncomeNonControlling": 0, "calculatedEbitda": 287046000}, {"date": "1999-04-30", "symbol": "HRB", "reportedCurrency": "USD", "cik": "0000012659", "fillingDate": "1999-07-29", "acceptedDate": "1999-07-29 00:00:00", "calendarYear": "1999", "period": "FY", "revenue": 1644665000, "costOfRevenue": 215666000, "grossProfit": 1428999000, "grossProfitRatio": 0.8688693442, "researchAndDevelopmentExpenses": 0, "generalAndAdministrativeExpenses": 1004587000, "sellingAndMarketingExpenses": 0, "sellingGeneralAndAdministrativeExpenses": 1004587000, "otherExpenses": 69338000, "operatingExpenses": 1073925000, "costAndExpenses": 1289591000, "interestIncome": 0, "interestExpense": -180552000, "depreciationAndAmortization": 74605000, "ebitda": 255165000, "ebitdaratio": 0.1551470968, "operatingIncome": 180560000, "operatingIncomeRatio": 0.1097852754, "totalOtherIncomeExpensesNet": 174514000, "incomeBeforeTax": 383541000, "incomeBeforeTaxRatio": 0.2332031143, "incomeTaxExpense": 145746000, "netIncome": 215366000, "netIncomeRatio": 0.1309482478, "eps": 0.54, "epsdiluted": 0.54, "weightedAverageShsOut": 398825926, "weightedAverageShsOutDil": 402553271, "link": "https://www.sec.gov/Archives/edgar/data/12659/000095012499004315/0000950124-99-004315-index.html", "finalLink": "https://www.sec.gov/Archives/edgar/data/12659/000095012499004315/", "calculatedOtherExpenses": 243852000, "calculatedOperatingExpenses": 1248439000, "calculatedNetInterest": 180552000, "calculatedOtherIncome": 22429000, "calculatedIncomeNonControlling": 22429000, "calculatedEbitda": 255165000}, {"date": "1998-04-30", "symbol": "HRB", "reportedCurrency": "USD", "cik": "0000012659", "fillingDate": "1998-07-29", "acceptedDate": "1998-07-29 00:00:00", "calendarYear": "1998", "period": "FY", "revenue": 1306785000, "costOfRevenue": 164315000, "grossProfit": 1142470000, "grossProfitRatio": 0.8742601116, "researchAndDevelopmentExpenses": 0, "generalAndAdministrativeExpenses": 834243000, "sellingAndMarketingExpenses": 0, "sellingGeneralAndAdministrativeExpenses": 834243000, "otherExpenses": 52252000, "operatingExpenses": 886495000, "costAndExpenses": 1050810000, "interestIncome": 0, "interestExpense": -386893000, "depreciationAndAmortization": 55787000, "ebitda": 167763000, "ebitdaratio": 0.1283784249, "operatingIncome": 111976000, "operatingIncomeRatio": 0.0856881583, "totalOtherIncomeExpensesNet": 143999000, "incomeBeforeTax": 280891000, "incomeBeforeTaxRatio": 0.2149481361, "incomeTaxExpense": 106739000, "netIncome": 392130000, "netIncomeRatio": 0.3000723149, "eps": 0.94, "epsdiluted": 0.91, "weightedAverageShsOut": 419390374, "weightedAverageShsOutDil": 430912088, "link": "https://www.sec.gov/Archives/edgar/data/12659/000095012498004013/0000950124-98-004013-index.html", "finalLink": "https://www.sec.gov/Archives/edgar/data/12659/", "calculatedOtherExpenses": 196251000, "calculatedOperatingExpenses": 1030494000, "calculatedNetInterest": 386893000, "calculatedOtherIncome": -217978000, "calculatedIncomeNonControlling": -217978000, "calculatedEbitda": 167763000}, {"date": "1997-04-30", "symbol": "HRB", "reportedCurrency": "USD", "cik": "0000012659", "fillingDate": "1997-07-29", "acceptedDate": "1997-07-29 00:00:00", "calendarYear": "1997", "period": "FY", "revenue": 1929663000, "costOfRevenue": 69929000, "grossProfit": 1859734000, "grossProfitRatio": 0.9637610298, "researchAndDevelopmentExpenses": 0, "generalAndAdministrativeExpenses": 1841908000, "sellingAndMarketingExpenses": 0, "sellingGeneralAndAdministrativeExpenses": 1841908000, "otherExpenses": 0, "operatingExpenses": 1841908000, "costAndExpenses": 1911837000, "interestIncome": 0, "interestExpense": -189224000, "depreciationAndAmortization": 287647000, "ebitda": 160791000, "ebitdaratio": 0.0833259486, "operatingIncome": -126856000, "operatingIncomeRatio": -0.0657399764, "totalOtherIncomeExpensesNet": 144682000, "incomeBeforeTax": 62368000, "incomeBeforeTaxRatio": 0.0323206695, "incomeTaxExpense": 14613000, "netIncome": 47755000, "netIncomeRatio": 0.0247478446, "eps": 0.12, "epsdiluted": 0.11, "weightedAverageShsOut": 415940000, "weightedAverageShsOutDil": 423360000, "link": "https://www.sec.gov/Archives/edgar/data/12659/000095013797002482/0000950137-97-002482-index.html", "finalLink": "https://www.sec.gov/Archives/edgar/data/12659/", "calculatedOtherExpenses": 144682000, "calculatedOperatingExpenses": 1986590000, "calculatedNetInterest": 189224000, "calculatedOtherIncome": 0, "calculatedIncomeNonControlling": 0, "calculatedEbitda": 160791000}, {"date": "1996-04-30", "symbol": "HRB", "reportedCurrency": "USD", "cik": "0000012659", "fillingDate": "1996-07-29", "acceptedDate": "1996-07-29 00:00:00", "calendarYear": "1996", "period": "FY", "revenue": 894446000, "costOfRevenue": 41462000, "grossProfit": 852984000, "grossProfitRatio": 0.9536450496, "researchAndDevelopmentExpenses": 0, "generalAndAdministrativeExpenses": 655527000, "sellingAndMarketingExpenses": 0, "sellingGeneralAndAdministrativeExpenses": 655527000, "otherExpenses": 0, "operatingExpenses": 655527000, "costAndExpenses": 696989000, "interestIncome": 0, "interestExpense": -181907000, "depreciationAndAmortization": 32477000, "ebitda": 100106000, "ebitdaratio": 0.1119195569, "operatingIncome": 67629000, "operatingIncomeRatio": 0.0756099306, "totalOtherIncomeExpensesNet": 129828000, "incomeBeforeTax": 197457000, "incomeBeforeTaxRatio": 0.220758995, "incomeTaxExpense": 72368000, "netIncome": 177168000, "netIncomeRatio": 0.1980756804, "eps": 0.43, "epsdiluted": 0.42, "weightedAverageShsOut": 415704000, "weightedAverageShsOutDil": 424236000, "link": "https://www.sec.gov/Archives/edgar/data/12659/000095013796001201/0000950137-96-001201-index.html", "finalLink": "https://www.sec.gov/Archives/edgar/data/12659/", "calculatedOtherExpenses": 129828000, "calculatedOperatingExpenses": 785355000, "calculatedNetInterest": 181907000, "calculatedOtherIncome": -52079000, "calculatedIncomeNonControlling": -52079000, "calculatedEbitda": 100106000}, {"date": "1995-04-30", "symbol": "HRB", "reportedCurrency": "USD", "cik": "0000012659", "fillingDate": "1995-07-28", "acceptedDate": "1995-07-28 00:00:00", "calendarYear": "1995", "period": "FY", "revenue": 1360318000, "costOfRevenue": 71542000, "grossProfit": 1288776000, "grossProfitRatio": 0.9474078855, "researchAndDevelopmentExpenses": 0, "generalAndAdministrativeExpenses": 985272000, "sellingAndMarketingExpenses": 0, "sellingGeneralAndAdministrativeExpenses": 985272000, "otherExpenses": 0, "operatingExpenses": 985272000, "costAndExpenses": 1056814000, "interestIncome": 0, "interestExpense": 40513000, "depreciationAndAmortization": 67684000, "ebitda": 328193000, "ebitdaratio": 0.2412619696, "operatingIncome": 260509000, "operatingIncomeRatio": 0.1915059567, "totalOtherIncomeExpensesNet": 42995000, "incomeBeforeTax": 219996000, "incomeBeforeTaxRatio": 0.1617239498, "incomeTaxExpense": 112737000, "netIncome": 107259000, "netIncomeRatio": 0.0788484751, "eps": 0.25, "epsdiluted": 0.25, "weightedAverageShsOut": 423484000, "weightedAverageShsOutDil": 424104000, "link": "https://www.sec.gov/Archives/edgar/data/12659/000001265995000007/0000012659-95-000007-index.html", "finalLink": "https://www.sec.gov/Archives/edgar/data/12659/", "calculatedOtherExpenses": 42995000, "calculatedOperatingExpenses": 1028267000, "calculatedNetInterest": -40513000, "calculatedOtherIncome": 0, "calculatedIncomeNonControlling": 0, "calculatedEbitda": 328193000}, {"date": "1994-04-30", "symbol": "HRB", "reportedCurrency": "USD", "cik": "0000012659", "fillingDate": "1994-07-29", "acceptedDate": "1994-07-29 00:00:00", "calendarYear": "1994", "period": "FY", "revenue": 1118600000, "costOfRevenue": 105600000, "grossProfit": 1013000000, "grossProfitRatio": 0.9055962811, "researchAndDevelopmentExpenses": 0, "generalAndAdministrativeExpenses": 792800000, "sellingAndMarketingExpenses": 0, "sellingGeneralAndAdministrativeExpenses": 792800000, "otherExpenses": 57100000, "operatingExpenses": 849900000, "costAndExpenses": 955500000, "interestIncome": 0, "interestExpense": -276700000, "depreciationAndAmortization": 57100000, "ebitda": 100100000, "ebitdaratio": 0.0894868586, "operatingIncome": 43000000, "operatingIncomeRatio": 0.0384409083, "totalOtherIncomeExpensesNet": 120100000, "incomeBeforeTax": 283200000, "incomeBeforeTaxRatio": 0.2531736099, "incomeTaxExpense": 119200000, "netIncome": 200500000, "netIncomeRatio": 0.1792419095, "eps": 0.47, "epsdiluted": 0.47, "weightedAverageShsOut": 424338624, "weightedAverageShsOutDil": 426595745, "link": "https://www.sec.gov/Archives/edgar/data/12659/000001265994000006/0000012659-94-000006-index.html", "finalLink": "https://www.sec.gov/Archives/edgar/data/12659/", "calculatedOtherExpenses": 177200000, "calculatedOperatingExpenses": 970000000, "calculatedNetInterest": 276700000, "calculatedOtherIncome": -36500000, "calculatedIncomeNonControlling": -36500000, "calculatedEbitda": 100100000}, {"date": "1993-04-30", "symbol": "HRB", "reportedCurrency": "USD", "cik": "0000012659", "fillingDate": "1993-04-30", "acceptedDate": "1993-04-30 00:00:00", "calendarYear": "1993", "period": "FY", "revenue": 1382300000, "costOfRevenue": 89100000, "grossProfit": 1293200000, "grossProfitRatio": 0.9355422123, "researchAndDevelopmentExpenses": 0, "generalAndAdministrativeExpenses": 0, "sellingAndMarketingExpenses": 0, "sellingGeneralAndAdministrativeExpenses": 1086300000, "otherExpenses": 54700000, "operatingExpenses": 1141000000, "costAndExpenses": 1230100000, "interestIncome": 0, "interestExpense": -286100000, "depreciationAndAmortization": 54700000, "ebitda": 63900000, "ebitdaratio": 0.0462273023, "operatingIncome": 9200000, "operatingIncomeRatio": 0.006655574, "totalOtherIncomeExpensesNet": 143000000, "incomeBeforeTax": 295300000, "incomeBeforeTaxRatio": 0.2136294581, "incomeTaxExpense": 114600000, "netIncome": 180700000, "netIncomeRatio": 0.1307241554, "eps": 0.42, "epsdiluted": 0.42, "weightedAverageShsOut": 430238095, "weightedAverageShsOutDil": 430238095, "link": null, "finalLink": null, "calculatedOtherExpenses": 197700000, "calculatedOperatingExpenses": 1284000000, "calculatedNetInterest": 286100000, "calculatedOtherIncome": 0, "calculatedIncomeNonControlling": 0, "calculatedEbitda": 63900000}, {"date": "1992-04-30", "symbol": "HRB", "reportedCurrency": "USD", "cik": "0000012659", "fillingDate": "1992-04-30", "acceptedDate": "1992-04-30 00:00:00", "calendarYear": "1992", "period": "FY", "revenue": 1226400000, "costOfRevenue": 76300000, "grossProfit": 1150100000, "grossProfitRatio": 0.9377853881, "researchAndDevelopmentExpenses": 0, "generalAndAdministrativeExpenses": 0, "sellingAndMarketingExpenses": 0, "sellingGeneralAndAdministrativeExpenses": 985800000, "otherExpenses": 44300000, "operatingExpenses": 1030100000, "costAndExpenses": 1106400000, "interestIncome": 0, "interestExpense": -288600000, "depreciationAndAmortization": 44300000, "ebitda": 20000000, "ebitdaratio": 0.016307893, "operatingIncome": -24300000, "operatingIncomeRatio": -0.01981409, "totalOtherIncomeExpensesNet": 144300000, "incomeBeforeTax": 264300000, "incomeBeforeTaxRatio": 0.2155088063, "incomeTaxExpense": 102000000, "netIncome": 162300000, "netIncomeRatio": 0.1323385519, "eps": 0.37, "epsdiluted": 0.37, "weightedAverageShsOut": 435704698, "weightedAverageShsOutDil": 435704698, "link": null, "finalLink": null, "calculatedOtherExpenses": 188600000, "calculatedOperatingExpenses": 1174400000, "calculatedNetInterest": 288600000, "calculatedOtherIncome": 0, "calculatedIncomeNonControlling": 0, "calculatedEbitda": 20000000}, {"date": "1991-04-30", "symbol": "HRB", "reportedCurrency": "USD", "cik": "0000012659", "fillingDate": "1991-04-30", "acceptedDate": "1991-04-30 00:00:00", "calendarYear": "1991", "period": "FY", "revenue": 1061200000, "costOfRevenue": 73700000, "grossProfit": 987500000, "grossProfitRatio": 0.9305503204, "researchAndDevelopmentExpenses": 0, "generalAndAdministrativeExpenses": 0, "sellingAndMarketingExpenses": 0, "sellingGeneralAndAdministrativeExpenses": 858500000, "otherExpenses": 33000000, "operatingExpenses": 891500000, "costAndExpenses": 965200000, "interestIncome": 0, "interestExpense": -259100000, "depreciationAndAmortization": 33000000, "ebitda": -500000, "ebitdaratio": -0.0004711647, "operatingIncome": -33500000, "operatingIncomeRatio": -0.0315680362, "totalOtherIncomeExpensesNet": 129500000, "incomeBeforeTax": 225600000, "incomeBeforeTaxRatio": 0.2125895213, "incomeTaxExpense": 85500000, "netIncome": 140100000, "netIncomeRatio": 0.1320203543, "eps": 0.33, "epsdiluted": 0.33, "weightedAverageShsOut": 427786260, "weightedAverageShsOutDil": 427786260, "link": null, "finalLink": null, "calculatedOtherExpenses": 162500000, "calculatedOperatingExpenses": 1021000000, "calculatedNetInterest": 259100000, "calculatedOtherIncome": 0, "calculatedIncomeNonControlling": 0, "calculatedEbitda": -500000}, {"date": "1990-04-30", "symbol": "HRB", "reportedCurrency": "USD", "cik": "0000012659", "fillingDate": "1990-04-30", "acceptedDate": "1990-04-30 00:00:00", "calendarYear": "1990", "period": "FY", "revenue": 937800000, "costOfRevenue": 64800000, "grossProfit": 873000000, "grossProfitRatio": 0.9309021113, "researchAndDevelopmentExpenses": 0, "generalAndAdministrativeExpenses": 0, "sellingAndMarketingExpenses": 0, "sellingGeneralAndAdministrativeExpenses": 758100000, "otherExpenses": 29200000, "operatingExpenses": 787300000, "costAndExpenses": 852100000, "interestIncome": 0, "interestExpense": 0, "depreciationAndAmortization": 29200000, "ebitda": 229700000, "ebitdaratio": 0.2449349541, "operatingIncome": 200500000, "operatingIncomeRatio": 0.2137982512, "totalOtherIncomeExpensesNet": 114900000, "incomeBeforeTax": 200500000, "incomeBeforeTaxRatio": 0.2137982512, "incomeTaxExpense": 77000000, "netIncome": 123500000, "netIncomeRatio": 0.1316911922, "eps": 0.29, "epsdiluted": 0.29, "weightedAverageShsOut": 425862069, "weightedAverageShsOutDil": 425862069, "link": null, "finalLink": null, "calculatedOtherExpenses": -85600000, "calculatedOperatingExpenses": 672500000, "calculatedNetInterest": 0, "calculatedOtherIncome": 0, "calculatedIncomeNonControlling": 0, "calculatedEbitda": 229700000}, {"date": "1989-04-30", "symbol": "HRB", "reportedCurrency": "USD", "cik": "0000012659", "fillingDate": "1989-04-30", "acceptedDate": "1989-04-30 00:00:00", "calendarYear": "1989", "period": "FY", "revenue": 799200000, "costOfRevenue": 51600000, "grossProfit": 747600000, "grossProfitRatio": 0.9354354354, "researchAndDevelopmentExpenses": 0, "generalAndAdministrativeExpenses": 0, "sellingAndMarketingExpenses": 0, "sellingGeneralAndAdministrativeExpenses": 660500000, "otherExpenses": 25900000, "operatingExpenses": 686400000, "costAndExpenses": 738000000, "interestIncome": 0, "interestExpense": -200800000, "depreciationAndAmortization": 25900000, "ebitda": -13300000, "ebitdaratio": -0.0166416416, "operatingIncome": -39200000, "operatingIncomeRatio": -0.049049049, "totalOtherIncomeExpensesNet": 100400000, "incomeBeforeTax": 161600000, "incomeBeforeTaxRatio": 0.2022022022, "incomeTaxExpense": 61400000, "netIncome": 100200000, "netIncomeRatio": 0.1253753754, "eps": 0.24, "epsdiluted": 0.24, "weightedAverageShsOut": 421894737, "weightedAverageShsOutDil": 421894737, "link": null, "finalLink": null, "calculatedOtherExpenses": 126300000, "calculatedOperatingExpenses": 786800000, "calculatedNetInterest": 200800000, "calculatedOtherIncome": 0, "calculatedIncomeNonControlling": 0, "calculatedEbitda": -13300000}, {"date": "1988-04-30", "symbol": "HRB", "reportedCurrency": "USD", "cik": "0000012659", "fillingDate": "1988-04-30", "acceptedDate": "1988-04-30 00:00:00", "calendarYear": "1988", "period": "FY", "revenue": 778100000, "costOfRevenue": 471500000, "grossProfit": 306600000, "grossProfitRatio": 0.3940367562, "researchAndDevelopmentExpenses": 0, "generalAndAdministrativeExpenses": 0, "sellingAndMarketingExpenses": 0, "sellingGeneralAndAdministrativeExpenses": 86500000, "otherExpenses": 24900000, "operatingExpenses": 111400000, "costAndExpenses": 582900000, "interestIncome": 0, "interestExpense": 109700000, "depreciationAndAmortization": 24900000, "ebitda": 275000000, "ebitdaratio": 0.3534250096, "operatingIncome": 250100000, "operatingIncomeRatio": 0.3214239815, "totalOtherIncomeExpensesNet": -54900000, "incomeBeforeTax": 140400000, "incomeBeforeTaxRatio": 0.1804395322, "incomeTaxExpense": 52500000, "netIncome": 87900000, "netIncomeRatio": 0.1129674849, "eps": 0.22, "epsdiluted": 0.22, "weightedAverageShsOut": 408837209, "weightedAverageShsOutDil": 408837209, "link": null, "finalLink": null, "calculatedOtherExpenses": -30000000, "calculatedOperatingExpenses": 56500000, "calculatedNetInterest": -109700000, "calculatedOtherIncome": 0, "calculatedIncomeNonControlling": 0, "calculatedEbitda": 275000000}, {"date": "1987-04-30", "symbol": "HRB", "reportedCurrency": "USD", "cik": "0000012659", "fillingDate": "1987-04-30", "acceptedDate": "1987-04-30 00:00:00", "calendarYear": "1987", "period": "FY", "revenue": 686600000, "costOfRevenue": 411800000, "grossProfit": 274800000, "grossProfitRatio": 0.4002330323, "researchAndDevelopmentExpenses": 0, "generalAndAdministrativeExpenses": 0, "sellingAndMarketingExpenses": 0, "sellingGeneralAndAdministrativeExpenses": 80600000, "otherExpenses": 21300000, "operatingExpenses": 101900000, "costAndExpenses": 513700000, "interestIncome": 0, "interestExpense": 90800000, "depreciationAndAmortization": 21300000, "ebitda": 239500000, "ebitdaratio": 0.3488202738, "operatingIncome": 218200000, "operatingIncomeRatio": 0.3177978445, "totalOtherIncomeExpensesNet": -45300000, "incomeBeforeTax": 127400000, "incomeBeforeTaxRatio": 0.1855519953, "incomeTaxExpense": 54100000, "netIncome": 73300000, "netIncomeRatio": 0.1067579377, "eps": 0.18, "epsdiluted": 0.18, "weightedAverageShsOut": 407222222, "weightedAverageShsOutDil": 407222222, "link": null, "finalLink": null, "calculatedOtherExpenses": -24000000, "calculatedOperatingExpenses": 56600000, "calculatedNetInterest": -90800000, "calculatedOtherIncome": 0, "calculatedIncomeNonControlling": 0, "calculatedEbitda": 239500000}, {"date": "1986-04-30", "symbol": "HRB", "reportedCurrency": "USD", "cik": "0000012659", "fillingDate": "1986-04-30", "acceptedDate": "1986-04-30 00:00:00", "calendarYear": "1986", "period": "FY", "revenue": 591300000, "costOfRevenue": 349900000, "grossProfit": 241400000, "grossProfitRatio": 0.4082530019, "researchAndDevelopmentExpenses": 0, "generalAndAdministrativeExpenses": 0, "sellingAndMarketingExpenses": 0, "sellingGeneralAndAdministrativeExpenses": 70500000, "otherExpenses": 19300000, "operatingExpenses": 89800000, "costAndExpenses": 439700000, "interestIncome": 0, "interestExpense": 77700000, "depreciationAndAmortization": 19300000, "ebitda": 209800000, "ebitdaratio": 0.3548114324, "operatingIncome": 190500000, "operatingIncomeRatio": 0.3221714866, "totalOtherIncomeExpensesNet": -38900000, "incomeBeforeTax": 112800000, "incomeBeforeTaxRatio": 0.1907661086, "incomeTaxExpense": 52700000, "netIncome": 60100000, "netIncomeRatio": 0.1016404532, "eps": 0.15, "epsdiluted": 0.15, "weightedAverageShsOut": 394098361, "weightedAverageShsOutDil": 394098361, "link": null, "finalLink": null, "calculatedOtherExpenses": -19600000, "calculatedOperatingExpenses": 50900000, "calculatedNetInterest": -77700000, "calculatedOtherIncome": 0, "calculatedIncomeNonControlling": 0, "calculatedEbitda": 209800000}]}