{"originalCurrency": "USD", "convertedCurrency": "USD", "report": [{"date": "2023-12-31", "symbol": "HRI", "reportedCurrency": "USD", "cik": "0001364479", "fillingDate": "2024-02-13", "acceptedDate": "2024-02-13 06:32:41", "calendarYear": "2023", "period": "FY", "revenue": 3282000000, "costOfRevenue": 2171000000, "grossProfit": 1111000000, "grossProfitRatio": 0.3385131018, "researchAndDevelopmentExpenses": 0, "generalAndAdministrativeExpenses": 0, "sellingAndMarketingExpenses": 0, "sellingGeneralAndAdministrativeExpenses": 448000000, "otherExpenses": 8000000, "operatingExpenses": 448000000, "costAndExpenses": 2619000000, "interestIncome": 224000000, "interestExpense": 224000000, "depreciationAndAmortization": 755000000, "ebitda": 1418000000, "ebitdaratio": 0.4320536258, "operatingIncome": 663000000, "operatingIncomeRatio": 0.2020109689, "totalOtherIncomeExpensesNet": -216000000, "incomeBeforeTax": 447000000, "incomeBeforeTaxRatio": 0.1361974406, "incomeTaxExpense": 100000000, "netIncome": 347000000, "netIncomeRatio": 0.1057282145, "eps": 12.18, "epsdiluted": 12.09, "weightedAverageShsOut": 28500000, "weightedAverageShsOutDil": 28700000, "link": "https://www.sec.gov/Archives/edgar/data/1364479/000136447924000006/0001364479-24-000006-index.htm", "finalLink": "https://www.sec.gov/Archives/edgar/data/1364479/000136447924000006/hri-20231231.htm", "calculatedOtherExpenses": 0, "calculatedOperatingExpenses": 448000000, "calculatedNetInterest": 0, "calculatedOtherIncome": -216000000, "calculatedIncomeNonControlling": 0, "calculatedEbitda": 1418000000}, {"date": "2022-12-31", "symbol": "HRI", "reportedCurrency": "USD", "cik": "0001364479", "fillingDate": "2023-02-14", "acceptedDate": "2023-02-14 06:32:54", "calendarYear": "2022", "period": "FY", "revenue": 2738800000, "costOfRevenue": 1674700000, "grossProfit": 1064100000, "grossProfitRatio": 0.3885278224, "researchAndDevelopmentExpenses": 0, "generalAndAdministrativeExpenses": 0, "sellingAndMarketingExpenses": 0, "sellingGeneralAndAdministrativeExpenses": 410100000, "otherExpenses": 94900000, "operatingExpenses": 505000000, "costAndExpenses": 2179700000, "interestIncome": 122000000, "interestExpense": 122000000, "depreciationAndAmortization": 630800000, "ebitda": 1189700000, "ebitdaratio": 0.4343873229, "operatingIncome": 558900000, "operatingIncomeRatio": 0.2040674748, "totalOtherIncomeExpensesNet": -125500000, "incomeBeforeTax": 433400000, "incomeBeforeTaxRatio": 0.1582444866, "incomeTaxExpense": 103500000, "netIncome": 330000000, "netIncomeRatio": 0.1204907259, "eps": 11.15, "epsdiluted": 10.92, "weightedAverageShsOut": 29600000, "weightedAverageShsOutDil": 30200000, "link": "https://www.sec.gov/Archives/edgar/data/1364479/000136447923000006/0001364479-23-000006-index.htm", "finalLink": "https://www.sec.gov/Archives/edgar/data/1364479/000136447923000006/hri-20221231.htm", "calculatedOtherExpenses": 95100000, "calculatedOperatingExpenses": 505200000, "calculatedNetInterest": 0, "calculatedOtherIncome": -125500000, "calculatedIncomeNonControlling": -100000, "calculatedEbitda": 1189700000}, {"date": "2021-12-31", "symbol": "HRI", "reportedCurrency": "USD", "cik": "0001364479", "fillingDate": "2022-02-10", "acceptedDate": "2022-02-10 06:33:13", "calendarYear": "2021", "period": "FY", "revenue": 2073100000, "costOfRevenue": 1384600000, "grossProfit": 688500000, "grossProfitRatio": 0.3321113309, "researchAndDevelopmentExpenses": 0, "generalAndAdministrativeExpenses": 0, "sellingAndMarketingExpenses": 0, "sellingGeneralAndAdministrativeExpenses": 310800000, "otherExpenses": 2200000, "operatingExpenses": 310800000, "costAndExpenses": 1695400000, "interestIncome": 86000000, "interestExpense": 86300000, "depreciationAndAmortization": 488700000, "ebitda": 868600000, "ebitdaratio": 0.4189860595, "operatingIncome": 379900000, "operatingIncomeRatio": 0.1832521345, "totalOtherIncomeExpensesNet": -89500000, "incomeBeforeTax": 290400000, "incomeBeforeTaxRatio": 0.1400800733, "incomeTaxExpense": 66300000, "netIncome": 224000000, "netIncomeRatio": 0.1080507453, "eps": 7.57, "epsdiluted": 7.37, "weightedAverageShsOut": 29600000, "weightedAverageShsOutDil": 30400000, "link": "https://www.sec.gov/Archives/edgar/data/1364479/000136447922000007/0001364479-22-000007-index.htm", "finalLink": "https://www.sec.gov/Archives/edgar/data/1364479/000136447922000007/hri-20211231.htm", "calculatedOtherExpenses": -2200000, "calculatedOperatingExpenses": 308600000, "calculatedNetInterest": -300000, "calculatedOtherIncome": -89200000, "calculatedIncomeNonControlling": 100000, "calculatedEbitda": 868600000}, {"date": "2020-12-31", "symbol": "HRI", "reportedCurrency": "USD", "cik": "0001364479", "fillingDate": "2021-02-18", "acceptedDate": "2021-02-18 06:32:55", "calendarYear": "2020", "period": "FY", "revenue": 1781300000, "costOfRevenue": 1317200000, "grossProfit": 464100000, "grossProfitRatio": 0.260540055, "researchAndDevelopmentExpenses": 0, "generalAndAdministrativeExpenses": 0, "sellingAndMarketingExpenses": 0, "sellingGeneralAndAdministrativeExpenses": 257400000, "otherExpenses": -3900000, "operatingExpenses": 257400000, "costAndExpenses": 1574600000, "interestIncome": 94100000, "interestExpense": 92600000, "depreciationAndAmortization": 466400000, "ebitda": 669200000, "ebitdaratio": 0.3756806826, "operatingIncome": 202800000, "operatingIncomeRatio": 0.1138494358, "totalOtherIncomeExpensesNet": -108700000, "incomeBeforeTax": 94100000, "incomeBeforeTaxRatio": 0.0528265873, "incomeTaxExpense": 20400000, "netIncome": 73700000, "netIncomeRatio": 0.0413742772, "eps": 2.53, "epsdiluted": 2.51, "weightedAverageShsOut": 29100000, "weightedAverageShsOutDil": 29400000, "link": "https://www.sec.gov/Archives/edgar/data/1364479/000136447921000008/0001364479-21-000008-index.htm", "finalLink": "https://www.sec.gov/Archives/edgar/data/1364479/000136447921000008/hri-20201231.htm", "calculatedOtherExpenses": 3900000, "calculatedOperatingExpenses": 261300000, "calculatedNetInterest": 1500000, "calculatedOtherIncome": -110200000, "calculatedIncomeNonControlling": 0, "calculatedEbitda": 669200000}, {"date": "2019-12-31", "symbol": "HRI", "reportedCurrency": "USD", "cik": "0001364479", "fillingDate": "2020-02-27", "acceptedDate": "2020-02-27 06:37:51", "calendarYear": "2019", "period": "FY", "revenue": 1999000000, "costOfRevenue": 1456700000, "grossProfit": 542300000, "grossProfitRatio": 0.2712856428, "researchAndDevelopmentExpenses": 0, "generalAndAdministrativeExpenses": 0, "sellingAndMarketingExpenses": 0, "sellingGeneralAndAdministrativeExpenses": 294800000, "otherExpenses": 2400000, "operatingExpenses": 294800000, "costAndExpenses": 1751500000, "interestIncome": 173500000, "interestExpense": 173500000, "depreciationAndAmortization": 470100000, "ebitda": 720000000, "ebitdaratio": 0.36018009, "operatingIncome": 249900000, "operatingIncomeRatio": 0.1250125063, "totalOtherIncomeExpensesNet": -186300000, "incomeBeforeTax": 63600000, "incomeBeforeTaxRatio": 0.031815908, "incomeTaxExpense": 16100000, "netIncome": 47500000, "netIncomeRatio": 0.0237618809, "eps": 1.66, "epsdiluted": 1.63, "weightedAverageShsOut": 28700000, "weightedAverageShsOutDil": 29100000, "link": "https://www.sec.gov/Archives/edgar/data/1364479/000136447920000005/0001364479-20-000005-index.htm", "finalLink": "https://www.sec.gov/Archives/edgar/data/1364479/000136447920000005/herc2019form10-k.htm", "calculatedOtherExpenses": -2400000, "calculatedOperatingExpenses": 292400000, "calculatedNetInterest": 0, "calculatedOtherIncome": -186300000, "calculatedIncomeNonControlling": 0, "calculatedEbitda": 720000000}, {"date": "2018-12-31", "symbol": "HRI", "reportedCurrency": "USD", "cik": "0001364479", "fillingDate": "2019-02-28", "acceptedDate": "2019-02-28 06:37:27", "calendarYear": "2018", "period": "FY", "revenue": 1976700000, "costOfRevenue": 1458400000, "grossProfit": 518300000, "grossProfitRatio": 0.2622046846, "researchAndDevelopmentExpenses": 0, "generalAndAdministrativeExpenses": 312600000, "sellingAndMarketingExpenses": 1000000, "sellingGeneralAndAdministrativeExpenses": 312600000, "otherExpenses": 200000, "operatingExpenses": 312600000, "costAndExpenses": 1771000000, "interestIncome": 0, "interestExpense": 137000000, "depreciationAndAmortization": 444800000, "ebitda": 650700000, "ebitdaratio": 0.3291850053, "operatingIncome": 205700000, "operatingIncomeRatio": 0.1040623261, "totalOtherIncomeExpensesNet": 100000, "incomeBeforeTax": 68800000, "incomeBeforeTaxRatio": 0.0348054839, "incomeTaxExpense": -300000, "netIncome": 69100000, "netIncomeRatio": 0.034957252, "eps": 2.43, "epsdiluted": 2.39, "weightedAverageShsOut": 28400000, "weightedAverageShsOutDil": 28900000, "link": "https://www.sec.gov/Archives/edgar/data/1364479/000136447919000004/0001364479-19-000004-index.htm", "finalLink": "https://www.sec.gov/Archives/edgar/data/1364479/000136447919000004/herc2018form10-k.htm", "calculatedOtherExpenses": 0, "calculatedOperatingExpenses": 312600000, "calculatedNetInterest": -137000000, "calculatedOtherIncome": 100000, "calculatedIncomeNonControlling": 0, "calculatedEbitda": 650500000}, {"date": "2017-12-31", "symbol": "HRI", "reportedCurrency": "USD", "cik": "0001364479", "fillingDate": "2018-02-28", "acceptedDate": "2018-02-28 09:17:25", "calendarYear": "2017", "period": "FY", "revenue": 1754500000, "costOfRevenue": 1332000000, "grossProfit": 422500000, "grossProfitRatio": 0.2408093474, "researchAndDevelopmentExpenses": 0, "generalAndAdministrativeExpenses": 320600000, "sellingAndMarketingExpenses": 2700000, "sellingGeneralAndAdministrativeExpenses": 320600000, "otherExpenses": 3400000, "operatingExpenses": 320600000, "costAndExpenses": 1652600000, "interestIncome": 0, "interestExpense": 140000000, "depreciationAndAmortization": 430400000, "ebitda": 535700000, "ebitdaratio": 0.3053291536, "operatingIncome": 101900000, "operatingIncomeRatio": 0.0580792249, "totalOtherIncomeExpensesNet": -26300000, "incomeBeforeTax": -64400000, "incomeBeforeTaxRatio": -0.0367056141, "incomeTaxExpense": -224700000, "netIncome": 160300000, "netIncomeRatio": 0.0913650613, "eps": 5.66, "epsdiluted": 5.6, "weightedAverageShsOut": 28300000, "weightedAverageShsOutDil": 28600000, "link": "https://www.sec.gov/Archives/edgar/data/1364479/000136447918000005/0001364479-18-000005-index.htm", "finalLink": "https://www.sec.gov/Archives/edgar/data/1364479/000136447918000005/herc2017form10-k.htm", "calculatedOtherExpenses": 0, "calculatedOperatingExpenses": 320600000, "calculatedNetInterest": -140000000, "calculatedOtherIncome": -26300000, "calculatedIncomeNonControlling": 0, "calculatedEbitda": 532300000}, {"date": "2016-12-31", "symbol": "HRI", "reportedCurrency": "USD", "cik": "0001364479", "fillingDate": "2017-03-15", "acceptedDate": "2017-03-15 17:21:49", "calendarYear": "2016", "period": "FY", "revenue": 1554800000, "costOfRevenue": 1198900000, "grossProfit": 355900000, "grossProfitRatio": 0.2289040391, "researchAndDevelopmentExpenses": 0, "generalAndAdministrativeExpenses": 275000000, "sellingAndMarketingExpenses": 3600000, "sellingGeneralAndAdministrativeExpenses": 275000000, "otherExpenses": 2400000, "operatingExpenses": 275000000, "costAndExpenses": 1473900000, "interestIncome": 0, "interestExpense": 84200000, "depreciationAndAmortization": 395300000, "ebitda": 83300000, "ebitdaratio": 0.0535760226, "operatingIncome": 80900000, "operatingIncomeRatio": 0.0520324157, "totalOtherIncomeExpensesNet": -1600000, "incomeBeforeTax": -4900000, "incomeBeforeTaxRatio": -0.0031515307, "incomeTaxExpense": 15600000, "netIncome": -20500000, "netIncomeRatio": -0.0131849756, "eps": -0.73, "epsdiluted": -0.72, "weightedAverageShsOut": 28142857, "weightedAverageShsOutDil": 28300000, "link": "https://www.sec.gov/Archives/edgar/data/1364479/000136447917000008/0001364479-17-000008-index.htm", "finalLink": "https://www.sec.gov/Archives/edgar/data/1364479/000136447917000008/herc2016form10-k.htm", "calculatedOtherExpenses": 0, "calculatedOperatingExpenses": 275000000, "calculatedNetInterest": -84200000, "calculatedOtherIncome": -1600000, "calculatedIncomeNonControlling": 0, "calculatedEbitda": 476200000}, {"date": "2015-12-31", "symbol": "HRI", "reportedCurrency": "USD", "cik": "0001364479", "fillingDate": "2016-02-29", "acceptedDate": "2016-02-29 17:33:09", "calendarYear": "2015", "period": "FY", "revenue": 1678200000, "costOfRevenue": 1269700000, "grossProfit": 408500000, "grossProfitRatio": 0.2434155643, "researchAndDevelopmentExpenses": 0, "generalAndAdministrativeExpenses": 270500000, "sellingAndMarketingExpenses": 2900000, "sellingGeneralAndAdministrativeExpenses": 270500000, "otherExpenses": 56100000, "operatingExpenses": 270500000, "costAndExpenses": 1540200000, "interestIncome": 0, "interestExpense": 32900000, "depreciationAndAmortization": 420900000, "ebitda": 615000000, "ebitdaratio": 0.3664640686, "operatingIncome": 138000000, "operatingIncomeRatio": 0.0822309617, "totalOtherIncomeExpensesNet": 51800000, "incomeBeforeTax": 156900000, "incomeBeforeTaxRatio": 0.0934930282, "incomeTaxExpense": 45600000, "netIncome": 111300000, "netIncomeRatio": 0.0663210583, "eps": 3.93, "epsdiluted": 3.93, "weightedAverageShsOut": 28306528, "weightedAverageShsOutDil": 28306528, "link": "https://www.sec.gov/Archives/edgar/data/1364479/000136447916000045/0001364479-16-000045-index.htm", "finalLink": "https://www.sec.gov/Archives/edgar/data/1364479/000136447916000045/hgh2015form10-k.htm", "calculatedOtherExpenses": 0, "calculatedOperatingExpenses": 270500000, "calculatedNetInterest": -32900000, "calculatedOtherIncome": 51800000, "calculatedIncomeNonControlling": 0, "calculatedEbitda": 558900000}, {"date": "2014-12-31", "symbol": "HRI", "reportedCurrency": "USD", "cik": "0001364479", "fillingDate": "2015-07-16", "acceptedDate": "2015-07-16 16:03:20", "calendarYear": "2014", "period": "FY", "revenue": 1770400000, "costOfRevenue": 1322000000, "grossProfit": 448400000, "grossProfitRatio": 0.2532760958, "researchAndDevelopmentExpenses": 0, "generalAndAdministrativeExpenses": 248100000, "sellingAndMarketingExpenses": 3300000, "sellingGeneralAndAdministrativeExpenses": 251400000, "otherExpenses": 4200000, "operatingExpenses": 251400000, "costAndExpenses": 1573400000, "interestIncome": 0, "interestExpense": 41400000, "depreciationAndAmortization": 415100000, "ebitda": 616300000, "ebitdaratio": 0.3481134207, "operatingIncome": 197000000, "operatingIncomeRatio": 0.1112742883, "totalOtherIncomeExpensesNet": -11100000, "incomeBeforeTax": 144500000, "incomeBeforeTaxRatio": 0.0816199729, "incomeTaxExpense": 54800000, "netIncome": 89700000, "netIncomeRatio": 0.050666516, "eps": 3.17, "epsdiluted": 3.17, "weightedAverageShsOut": 28306528, "weightedAverageShsOutDil": 28306528, "link": "https://www.sec.gov/Archives/edgar/data/1364479/000136447915000013/0001364479-15-000013-index.htm", "finalLink": "https://www.sec.gov/Archives/edgar/data/1364479/000136447915000013/hgh2014form10-k.htm", "calculatedOtherExpenses": 0, "calculatedOperatingExpenses": 251400000, "calculatedNetInterest": -41400000, "calculatedOtherIncome": -11100000, "calculatedIncomeNonControlling": 0, "calculatedEbitda": 612100000}, {"date": "2013-12-31", "symbol": "HRI", "reportedCurrency": "USD", "cik": "0001364479", "fillingDate": "2014-03-19", "acceptedDate": "2014-03-19 15:46:59", "calendarYear": "2013", "period": "FY", "revenue": 1735600000, "costOfRevenue": 1260600000, "grossProfit": 475000000, "grossProfitRatio": 0.2736805716, "researchAndDevelopmentExpenses": 0, "generalAndAdministrativeExpenses": 199400000, "sellingAndMarketingExpenses": 4900000, "sellingGeneralAndAdministrativeExpenses": 204300000, "otherExpenses": -34600000, "operatingExpenses": 204300000, "costAndExpenses": 1464900000, "interestIncome": -11600000, "interestExpense": 72900000, "depreciationAndAmortization": 394200000, "ebitda": 630300000, "ebitdaratio": 0.3631597142, "operatingIncome": 270700000, "operatingIncomeRatio": 0.1559691173, "totalOtherIncomeExpensesNet": -44700000, "incomeBeforeTax": 153100000, "incomeBeforeTaxRatio": 0.0882115695, "incomeTaxExpense": 55000000, "netIncome": 98100000, "netIncomeRatio": 0.0565222401, "eps": 3.47, "epsdiluted": 3.47, "weightedAverageShsOut": 28306528, "weightedAverageShsOutDil": 28306528, "link": "https://www.sec.gov/Archives/edgar/data/1364479/000136447914000006/0001364479-14-000006-index.htm", "finalLink": "https://www.sec.gov/Archives/edgar/data/1364479/000136447914000006/hgh2013form10-k.htm", "calculatedOtherExpenses": 0, "calculatedOperatingExpenses": 204300000, "calculatedNetInterest": -84500000, "calculatedOtherIncome": -33100000, "calculatedIncomeNonControlling": 0, "calculatedEbitda": 664900000}, {"date": "2012-12-31", "symbol": "HRI", "reportedCurrency": "USD", "cik": "0001364479", "fillingDate": "2013-03-04", "acceptedDate": "2013-03-04 07:02:32", "calendarYear": "2012", "period": "FY", "revenue": 1608300000, "costOfRevenue": 6943946000, "grossProfit": -6942337700, "grossProfitRatio": -4316.5688615308, "researchAndDevelopmentExpenses": 0, "generalAndAdministrativeExpenses": 0, "sellingAndMarketingExpenses": 0, "sellingGeneralAndAdministrativeExpenses": 212600000, "otherExpenses": 502400000, "operatingExpenses": 502400000, "costAndExpenses": 1431900000, "interestIncome": -4902000, "interestExpense": 649892000, "depreciationAndAmortization": 361300000, "ebitda": 544600000, "ebitdaratio": 0.338618417, "operatingIncome": 176400000, "operatingIncomeRatio": 0.1096810297, "totalOtherIncomeExpensesNet": -6900000, "incomeBeforeTax": 88600000, "incomeBeforeTaxRatio": 0.0550892246, "incomeTaxExpense": -207466000, "netIncome": 61400000, "netIncomeRatio": 0.038176957, "eps": 2.17, "epsdiluted": 2.17, "weightedAverageShsOut": 28300000, "weightedAverageShsOutDil": 28300000, "link": "https://www.sec.gov/Archives/edgar/data/1364479/000144530513000446/0001445305-13-000446-index.htm", "finalLink": "https://www.sec.gov/Archives/edgar/data/1364479/000144530513000446/hgh2012form10-k.htm", "calculatedOtherExpenses": -7331337700, "calculatedOperatingExpenses": -7118737700, "calculatedNetInterest": -654794000, "calculatedOtherIncome": 566994000, "calculatedIncomeNonControlling": 234666000, "calculatedEbitda": 537700000}, {"date": "2011-12-31", "symbol": "HRI", "reportedCurrency": "USD", "cik": "0001364479", "fillingDate": "2012-02-27", "acceptedDate": "2012-02-27 16:54:40", "calendarYear": "2011", "period": "FY", "revenue": 8298380000, "costOfRevenue": 6472117000, "grossProfit": 1826263000, "grossProfitRatio": 0.2200746411, "researchAndDevelopmentExpenses": 0, "generalAndAdministrativeExpenses": 0, "sellingAndMarketingExpenses": 0, "sellingGeneralAndAdministrativeExpenses": 745278000, "otherExpenses": 0, "operatingExpenses": 745278000, "costAndExpenses": 7217395000, "interestIncome": -5551000, "interestExpense": 699718000, "depreciationAndAmortization": 0, "ebitda": 1080985000, "ebitdaratio": 0.1302645818, "operatingIncome": 1080985000, "operatingIncomeRatio": 0.1302645818, "totalOtherIncomeExpensesNet": -756715000, "incomeBeforeTax": 324270000, "incomeBeforeTaxRatio": 0.0390763016, "incomeTaxExpense": -128540000, "netIncome": 452810000, "netIncomeRatio": 0.0545660719, "eps": 1.09, "epsdiluted": 1.02, "weightedAverageShsOut": 415882000000, "weightedAverageShsOutDil": 444778000000, "link": "https://www.sec.gov/Archives/edgar/data/1364479/000104746912001623/0001047469-12-001623-index.htm", "finalLink": "https://www.sec.gov/Archives/edgar/data/1364479/000104746912001623/a2207464z10-k.htm", "calculatedOtherExpenses": 0, "calculatedOperatingExpenses": 745278000, "calculatedNetInterest": -705269000, "calculatedOtherIncome": -51446000, "calculatedIncomeNonControlling": 0, "calculatedEbitda": 1080985000}, {"date": "2010-12-31", "symbol": "HRI", "reportedCurrency": "USD", "cik": "0001364479", "fillingDate": "2011-02-25", "acceptedDate": "2011-02-25 16:07:57", "calendarYear": "2010", "period": "FY", "revenue": 7562534000, "costOfRevenue": 6150498000, "grossProfit": 1412036000, "grossProfitRatio": 0.1867146647, "researchAndDevelopmentExpenses": 0, "generalAndAdministrativeExpenses": 0, "sellingAndMarketingExpenses": 0, "sellingGeneralAndAdministrativeExpenses": 664512000, "otherExpenses": 0, "operatingExpenses": 664512000, "costAndExpenses": 6815010000, "interestIncome": 0, "interestExpense": 773427000, "depreciationAndAmortization": 0, "ebitda": 747524000, "ebitdaratio": 0.0988457044, "operatingIncome": 747524000, "operatingIncomeRatio": 0.0988457044, "totalOtherIncomeExpensesNet": -761117000, "incomeBeforeTax": -13593000, "incomeBeforeTaxRatio": -0.0017974134, "incomeTaxExpense": -17068000, "netIncome": -48044000, "netIncomeRatio": -0.0063528971, "eps": -0.12, "epsdiluted": -0.12, "weightedAverageShsOut": 411941000000, "weightedAverageShsOutDil": 411941000000, "link": "https://www.sec.gov/Archives/edgar/data/1364479/000104746911001397/0001047469-11-001397-index.htm", "finalLink": "https://www.sec.gov/Archives/edgar/data/1364479/000104746911001397/a2202167z10-k.htm", "calculatedOtherExpenses": 0, "calculatedOperatingExpenses": 664512000, "calculatedNetInterest": -773427000, "calculatedOtherIncome": 12310000, "calculatedIncomeNonControlling": 51519000, "calculatedEbitda": 747524000}, {"date": "2009-12-31", "symbol": "HRI", "reportedCurrency": "USD", "cik": "0001364479", "fillingDate": "2010-02-26", "acceptedDate": "2010-02-26 16:40:44", "calendarYear": "2009", "period": "FY", "revenue": 7101507000, "costOfRevenue": 6015534000, "grossProfit": 1085973000, "grossProfitRatio": 0.1529214855, "researchAndDevelopmentExpenses": 0, "generalAndAdministrativeExpenses": 0, "sellingAndMarketingExpenses": 0, "sellingGeneralAndAdministrativeExpenses": 641148000, "otherExpenses": 0, "operatingExpenses": 641148000, "costAndExpenses": 6656682000, "interestIncome": 0, "interestExpense": 680273000, "depreciationAndAmortization": 0, "ebitda": 444825000, "ebitdaratio": 0.0626381133, "operatingIncome": 444825000, "operatingIncomeRatio": 0.0626381133, "totalOtherIncomeExpensesNet": -615834000, "incomeBeforeTax": -171009000, "incomeBeforeTaxRatio": -0.0240806634, "incomeTaxExpense": 59666000, "netIncome": -126022000, "netIncomeRatio": -0.0177458109, "eps": -0.34, "epsdiluted": -0.34, "weightedAverageShsOut": 371456000000, "weightedAverageShsOutDil": 371456000000, "link": "https://www.sec.gov/Archives/edgar/data/1364479/000104746910001542/0001047469-10-001542-index.htm", "finalLink": "https://www.sec.gov/Archives/edgar/data/1364479/000104746910001542/a2196853z10-k.htm", "calculatedOtherExpenses": 0, "calculatedOperatingExpenses": 641148000, "calculatedNetInterest": -680273000, "calculatedOtherIncome": 64439000, "calculatedIncomeNonControlling": -104653000, "calculatedEbitda": 444825000}, {"date": "2008-12-31", "symbol": "HRI", "reportedCurrency": "USD", "cik": "0001364479", "fillingDate": "2009-03-03", "acceptedDate": "2009-03-03 14:18:21", "calendarYear": "2008", "period": "FY", "revenue": 8525055000, "costOfRevenue": 7124182000, "grossProfit": 1400873000, "grossProfitRatio": 0.1643242184, "researchAndDevelopmentExpenses": 0, "generalAndAdministrativeExpenses": 0, "sellingAndMarketingExpenses": 0, "sellingGeneralAndAdministrativeExpenses": 769632000, "otherExpenses": 0, "operatingExpenses": 769632000, "costAndExpenses": 7893814000, "interestIncome": 0, "interestExpense": 0, "depreciationAndAmortization": 0, "ebitda": 631241000, "ebitdaratio": 0.0740453874, "operatingIncome": 631241000, "operatingIncomeRatio": 0.0740453874, "totalOtherIncomeExpensesNet": -1641140000, "incomeBeforeTax": -1009899000, "incomeBeforeTaxRatio": -0.1184624615, "incomeTaxExpense": 196847000, "netIncome": -1206746000, "netIncomeRatio": -0.1415528697, "eps": -3.74, "epsdiluted": -3.74, "weightedAverageShsOut": 322701000000, "weightedAverageShsOutDil": 322701000000, "link": "https://www.sec.gov/Archives/edgar/data/1364479/000104746909002182/0001047469-09-002182-index.htm", "finalLink": "https://www.sec.gov/Archives/edgar/data/1364479/000104746909002182/a2191034z10-k.htm", "calculatedOtherExpenses": 0, "calculatedOperatingExpenses": 769632000, "calculatedNetInterest": 0, "calculatedOtherIncome": -1641140000, "calculatedIncomeNonControlling": 0, "calculatedEbitda": 631241000}, {"date": "2007-12-31", "symbol": "HRI", "reportedCurrency": "USD", "cik": "0001364479", "fillingDate": "2008-02-29", "acceptedDate": "2008-02-29 16:50:35", "calendarYear": "2007", "period": "FY", "revenue": 8685631000, "costOfRevenue": 6647508000, "grossProfit": 2038123000, "grossProfitRatio": 0.2346545691, "researchAndDevelopmentExpenses": 0, "generalAndAdministrativeExpenses": 0, "sellingAndMarketingExpenses": 0, "sellingGeneralAndAdministrativeExpenses": 775881000, "otherExpenses": 0, "operatingExpenses": 775881000, "costAndExpenses": 7423389000, "interestIncome": 0, "interestExpense": 0, "depreciationAndAmortization": 0, "ebitda": 1262242000, "ebitdaratio": 0.145325308, "operatingIncome": 1262242000, "operatingIncomeRatio": 0.145325308, "totalOtherIncomeExpensesNet": -1100254000, "incomeBeforeTax": 161988000, "incomeBeforeTaxRatio": 0.018650113, "incomeTaxExpense": -102571000, "netIncome": 264559000, "netIncomeRatio": 0.0304593875, "eps": 0.82, "epsdiluted": 0.81, "weightedAverageShsOut": 321185000000, "weightedAverageShsOutDil": 325487000000, "link": "https://www.sec.gov/Archives/edgar/data/1364479/000104746908002092/0001047469-08-002092-index.htm", "finalLink": "https://www.sec.gov/Archives/edgar/data/1364479/000104746908002092/a2182914z10-k.htm", "calculatedOtherExpenses": 0, "calculatedOperatingExpenses": 775881000, "calculatedNetInterest": 0, "calculatedOtherIncome": -1100254000, "calculatedIncomeNonControlling": 0, "calculatedEbitda": 1262242000}, {"date": "2006-12-31", "symbol": "HRI", "reportedCurrency": "USD", "cik": "0001364479", "fillingDate": "2007-03-30", "acceptedDate": "2007-03-30 16:06:35", "calendarYear": "2006", "period": "FY", "revenue": 8058405000, "costOfRevenue": 6233176000, "grossProfit": 1825229000, "grossProfitRatio": 0.2265000332, "researchAndDevelopmentExpenses": 0, "generalAndAdministrativeExpenses": 0, "sellingAndMarketingExpenses": 0, "sellingGeneralAndAdministrativeExpenses": 723921000, "otherExpenses": 0, "operatingExpenses": 723921000, "costAndExpenses": 6957097000, "interestIncome": 0, "interestExpense": 0, "depreciationAndAmortization": 0, "ebitda": 1101308000, "ebitdaratio": 0.1366657546, "operatingIncome": 1101308000, "operatingIncomeRatio": 0.1366657546, "totalOtherIncomeExpensesNet": -1053359000, "incomeBeforeTax": 47949000, "incomeBeforeTaxRatio": 0.0059501849, "incomeTaxExpense": -67994000, "netIncome": 115943000, "netIncomeRatio": 0.0143878348, "eps": 0.48, "epsdiluted": 0.48, "weightedAverageShsOut": 242460000000, "weightedAverageShsOutDil": 243354000000, "link": "https://www.sec.gov/Archives/edgar/data/1364479/000110465907024236/0001104659-07-024236-index.htm", "finalLink": "https://www.sec.gov/Archives/edgar/data/1364479/000110465907024236/a07-7330_110k.htm", "calculatedOtherExpenses": 0, "calculatedOperatingExpenses": 723921000, "calculatedNetInterest": 0, "calculatedOtherIncome": -1053359000, "calculatedIncomeNonControlling": 0, "calculatedEbitda": 1101308000}]}