{"originalCurrency": "USD", "convertedCurrency": "USD", "report": [{"date": "2023-10-29", "symbol": "HRL", "reportedCurrency": "USD", "cik": "0000048465", "fillingDate": "2023-12-06", "acceptedDate": "2023-12-06 12:58:57", "calendarYear": "2023", "period": "FY", "revenue": 12110010000, "costOfRevenue": 10110169000, "grossProfit": 1999841000, "grossProfitRatio": 0.1651395003, "researchAndDevelopmentExpenses": 33700000, "generalAndAdministrativeExpenses": 782067000, "sellingAndMarketingExpenses": 160100000, "sellingGeneralAndAdministrativeExpenses": 942167000, "otherExpenses": 0, "operatingExpenses": 942167000, "costAndExpenses": 11052336000, "interestIncome": 14828000, "interestExpense": 73402000, "depreciationAndAmortization": 253311000, "ebitda": 1368568000, "ebitdaratio": 0.1130113022, "operatingIncome": 1072046000, "operatingIncomeRatio": 0.0885256082, "totalOtherIncomeExpensesNet": 14371000, "incomeBeforeTax": 1013472000, "incomeBeforeTaxRatio": 0.0836887831, "incomeTaxExpense": 220552000, "netIncome": 793572000, "netIncomeRatio": 0.0655302514, "eps": 1.45, "epsdiluted": 1.45, "weightedAverageShsOut": 546421000, "weightedAverageShsOutDil": 548982000, "link": "https://www.sec.gov/Archives/edgar/data/48465/000004846523000083/0000048465-23-000083-index.htm", "finalLink": "https://www.sec.gov/Archives/edgar/data/48465/000004846523000083/hrl-20231029.htm", "calculatedOtherExpenses": -48072000, "calculatedOperatingExpenses": 927795000, "calculatedNetInterest": -58574000, "calculatedOtherIncome": 0, "calculatedIncomeNonControlling": -652000, "calculatedEbitda": 1325357000}, {"date": "2022-10-30", "symbol": "HRL", "reportedCurrency": "USD", "cik": "0000048465", "fillingDate": "2022-12-06", "acceptedDate": "2022-12-06 13:34:49", "calendarYear": "2022", "period": "FY", "revenue": 12458806000, "costOfRevenue": 10294120000, "grossProfit": 2164686000, "grossProfitRatio": 0.1737474683, "researchAndDevelopmentExpenses": 34700000, "generalAndAdministrativeExpenses": 721965000, "sellingAndMarketingExpenses": 157300000, "sellingGeneralAndAdministrativeExpenses": 879265000, "otherExpenses": 0, "operatingExpenses": 879265000, "costAndExpenses": 11173385000, "interestIncome": 28012000, "interestExpense": 62515000, "depreciationAndAmortization": 290764000, "ebitda": 1603371000, "ebitdaratio": 0.128693793, "operatingIncome": 1312607000, "operatingIncomeRatio": 0.105355762, "totalOtherIncomeExpensesNet": -34504000, "incomeBeforeTax": 1278103000, "incomeBeforeTaxRatio": 0.1025863153, "incomeTaxExpense": 277877000, "netIncome": 999987000, "netIncomeRatio": 0.0802634699, "eps": 1.84, "epsdiluted": 1.82, "weightedAverageShsOut": 544918000, "weightedAverageShsOutDil": 549566000, "link": "https://www.sec.gov/Archives/edgar/data/48465/000004846522000051/0000048465-22-000051-index.htm", "finalLink": "https://www.sec.gov/Archives/edgar/data/48465/000004846522000051/hrl-20221030.htm", "calculatedOtherExpenses": -61886000, "calculatedOperatingExpenses": 852079000, "calculatedNetInterest": -34503000, "calculatedOtherIncome": -1000, "calculatedIncomeNonControlling": 239000, "calculatedEbitda": 1603371000}, {"date": "2021-10-31", "symbol": "HRL", "reportedCurrency": "USD", "cik": "0000048465", "fillingDate": "2021-12-10", "acceptedDate": "2021-12-10 15:26:08", "calendarYear": "2021", "period": "FY", "revenue": 11386189000, "costOfRevenue": 9458283000, "grossProfit": 1927906000, "grossProfitRatio": 0.1693196907, "researchAndDevelopmentExpenses": 33600000, "generalAndAdministrativeExpenses": 714571000, "sellingAndMarketingExpenses": 138500000, "sellingGeneralAndAdministrativeExpenses": 853071000, "otherExpenses": 0, "operatingExpenses": 853071000, "costAndExpenses": 10311354000, "interestIncome": 46878000, "interestExpense": 43307000, "depreciationAndAmortization": 275284000, "ebitda": 1397883000, "ebitdaratio": 0.1227700506, "operatingIncome": 1122599000, "operatingIncomeRatio": 0.0985930411, "totalOtherIncomeExpensesNet": 3571000, "incomeBeforeTax": 1126170000, "incomeBeforeTaxRatio": 0.0989066667, "incomeTaxExpense": 217029000, "netIncome": 908839000, "netIncomeRatio": 0.0798194198, "eps": 1.68, "epsdiluted": 1.66, "weightedAverageShsOut": 541114000, "weightedAverageShsOutDil": 547580000, "link": "https://www.sec.gov/Archives/edgar/data/48465/000004846521000067/0000048465-21-000067-index.htm", "finalLink": "https://www.sec.gov/Archives/edgar/data/48465/000004846521000067/hrl-20211031.htm", "calculatedOtherExpenses": -81364000, "calculatedOperatingExpenses": 805307000, "calculatedNetInterest": 3571000, "calculatedOtherIncome": 0, "calculatedIncomeNonControlling": 302000, "calculatedEbitda": 1397883000}, {"date": "2020-10-25", "symbol": "HRL", "reportedCurrency": "USD", "cik": "0000048465", "fillingDate": "2020-12-04", "acceptedDate": "2020-12-04 16:03:14", "calendarYear": "2020", "period": "FY", "revenue": 9608462000, "costOfRevenue": 7782498000, "grossProfit": 1825964000, "grossProfitRatio": 0.1900370736, "researchAndDevelopmentExpenses": 31900000, "generalAndAdministrativeExpenses": 637715000, "sellingAndMarketingExpenses": 123600000, "sellingGeneralAndAdministrativeExpenses": 761315000, "otherExpenses": 0, "operatingExpenses": 761315000, "costAndExpenses": 8543813000, "interestIncome": 35596000, "interestExpense": 21069000, "depreciationAndAmortization": 241377000, "ebitda": 1341597000, "ebitdaratio": 0.1396266125, "operatingIncome": 1100220000, "operatingIncomeRatio": 0.1145053183, "totalOtherIncomeExpensesNet": 14527000, "incomeBeforeTax": 1114747000, "incomeBeforeTaxRatio": 0.1160172148, "incomeTaxExpense": 206393000, "netIncome": 908082000, "netIncomeRatio": 0.0945085696, "eps": 1.69, "epsdiluted": 1.66, "weightedAverageShsOut": 538007000, "weightedAverageShsOutDil": 546592000, "link": "https://www.sec.gov/Archives/edgar/data/48465/000004846520000043/0000048465-20-000043-index.htm", "finalLink": "https://www.sec.gov/Archives/edgar/data/48465/000004846520000043/hrl-20201025.htm", "calculatedOtherExpenses": -67471000, "calculatedOperatingExpenses": 725744000, "calculatedNetInterest": 14527000, "calculatedOtherIncome": 0, "calculatedIncomeNonControlling": 272000, "calculatedEbitda": 1341597000}, {"date": "2019-10-27", "symbol": "HRL", "reportedCurrency": "USD", "cik": "0000048465", "fillingDate": "2019-12-06", "acceptedDate": "2019-12-06 14:57:28", "calendarYear": "2019", "period": "FY", "revenue": 9497317000, "costOfRevenue": 7612669000, "grossProfit": 1884648000, "grossProfitRatio": 0.1984400436, "researchAndDevelopmentExpenses": 32500000, "generalAndAdministrativeExpenses": 596484000, "sellingAndMarketingExpenses": 131100000, "sellingGeneralAndAdministrativeExpenses": 727584000, "otherExpenses": 0, "operatingExpenses": 727584000, "costAndExpenses": 8340253000, "interestIncome": 31520000, "interestExpense": 18070000, "depreciationAndAmortization": 196729000, "ebitda": 1392994000, "ebitdaratio": 0.1466723707, "operatingIncome": 1196265000, "operatingIncomeRatio": 0.1259582048, "totalOtherIncomeExpensesNet": 13450000, "incomeBeforeTax": 1209715000, "incomeBeforeTaxRatio": 0.1273743943, "incomeTaxExpense": 230567000, "netIncome": 978806000, "netIncomeRatio": 0.1030613172, "eps": 1.83, "epsdiluted": 1.8, "weightedAverageShsOut": 534578000, "weightedAverageShsOutDil": 545232000, "link": "https://www.sec.gov/Archives/edgar/data/48465/000004846519000057/0000048465-19-000057-index.htm", "finalLink": "https://www.sec.gov/Archives/edgar/data/48465/000004846519000057/hormel201910k.htm", "calculatedOtherExpenses": -71701000, "calculatedOperatingExpenses": 688383000, "calculatedNetInterest": 13450000, "calculatedOtherIncome": 0, "calculatedIncomeNonControlling": 342000, "calculatedEbitda": 1392994000}, {"date": "2018-10-28", "symbol": "HRL", "reportedCurrency": "USD", "cik": "0000048465", "fillingDate": "2018-12-07", "acceptedDate": "2018-12-07 13:50:30", "calendarYear": "2018", "period": "FY", "revenue": 9545700000, "costOfRevenue": 7550267000, "grossProfit": 1995433000, "grossProfitRatio": 0.2090399866, "researchAndDevelopmentExpenses": 33800000, "generalAndAdministrativeExpenses": 686705000, "sellingAndMarketingExpenses": 151500000, "sellingGeneralAndAdministrativeExpenses": 838205000, "otherExpenses": 0, "operatingExpenses": 838205000, "costAndExpenses": 8388472000, "interestIncome": 8857000, "interestExpense": 26494000, "depreciationAndAmortization": 161858000, "ebitda": 1386915000, "ebitdaratio": 0.1452921211, "operatingIncome": 1198921000, "operatingIncomeRatio": 0.125598018, "totalOtherIncomeExpensesNet": 41693000, "incomeBeforeTax": 1181284000, "incomeBeforeTaxRatio": 0.1237503798, "incomeTaxExpense": 168702000, "netIncome": 1012140000, "netIncomeRatio": 0.1060309878, "eps": 1.91, "epsdiluted": 1.86, "weightedAverageShsOut": 530742000, "weightedAverageShsOutDil": 543869000, "link": "https://www.sec.gov/Archives/edgar/data/48465/000004846518000046/0000048465-18-000046-index.htm", "finalLink": "https://www.sec.gov/Archives/edgar/data/48465/000004846518000046/hormel_2018x10k.htm", "calculatedOtherExpenses": -75493000, "calculatedOperatingExpenses": 796512000, "calculatedNetInterest": -17637000, "calculatedOtherIncome": 0, "calculatedIncomeNonControlling": 442000, "calculatedEbitda": 1360779000}, {"date": "2017-10-29", "symbol": "HRL", "reportedCurrency": "USD", "cik": "0000048465", "fillingDate": "2017-12-20", "acceptedDate": "2017-12-20 11:45:48", "calendarYear": "2017", "period": "FY", "revenue": 9167519000, "costOfRevenue": 7164356000, "grossProfit": 2003163000, "grossProfitRatio": 0.2185065556, "researchAndDevelopmentExpenses": 34200000, "generalAndAdministrativeExpenses": 626504000, "sellingAndMarketingExpenses": 135600000, "sellingGeneralAndAdministrativeExpenses": 762104000, "otherExpenses": 0, "operatingExpenses": 762104000, "costAndExpenses": 7926460000, "interestIncome": 10859000, "interestExpense": 12683000, "depreciationAndAmortization": 130977000, "ebitda": 1422485000, "ebitdaratio": 0.1551657542, "operatingIncome": 1280469000, "operatingIncomeRatio": 0.1396745401, "totalOtherIncomeExpensesNet": 39410000, "incomeBeforeTax": 1278645000, "incomeBeforeTaxRatio": 0.1394755768, "incomeTaxExpense": 431542000, "netIncome": 846735000, "netIncomeRatio": 0.0923625029, "eps": 1.6, "epsdiluted": 1.57, "weightedAverageShsOut": 528363000, "weightedAverageShsOutDil": 539116000, "link": "https://www.sec.gov/Archives/edgar/data/48465/000110465917074227/0001104659-17-074227-index.htm", "finalLink": "https://www.sec.gov/Archives/edgar/data/48465/000110465917074227/a17-26513_110k.htm", "calculatedOtherExpenses": -73610000, "calculatedOperatingExpenses": 722694000, "calculatedNetInterest": -1824000, "calculatedOtherIncome": 0, "calculatedIncomeNonControlling": 368000, "calculatedEbitda": 1411446000}, {"date": "2016-10-30", "symbol": "HRL", "reportedCurrency": "USD", "cik": "0000048465", "fillingDate": "2016-12-21", "acceptedDate": "2016-12-21 13:07:21", "calendarYear": "2016", "period": "FY", "revenue": 9523224000, "costOfRevenue": 7365049000, "grossProfit": 2158175000, "grossProfitRatio": 0.2266223077, "researchAndDevelopmentExpenses": 34700000, "generalAndAdministrativeExpenses": 667874000, "sellingAndMarketingExpenses": 204100000, "sellingGeneralAndAdministrativeExpenses": 871974000, "otherExpenses": 0, "operatingExpenses": 871974000, "costAndExpenses": 8237023000, "interestIncome": 6191000, "interestExpense": 12871000, "depreciationAndAmortization": 131968000, "ebitda": 1463045000, "ebitdaratio": 0.1536291701, "operatingIncome": 1323895000, "operatingIncomeRatio": 0.1390175218, "totalOtherIncomeExpensesNet": 37694000, "incomeBeforeTax": 1317215000, "incomeBeforeTaxRatio": 0.1383160787, "incomeTaxExpense": 426698000, "netIncome": 890052000, "netIncomeRatio": 0.093461206, "eps": 1.68, "epsdiluted": 1.64, "weightedAverageShsOut": 529290000, "weightedAverageShsOutDil": 542473000, "link": "https://www.sec.gov/Archives/edgar/data/48465/000110465916163147/0001104659-16-163147-index.htm", "finalLink": "https://www.sec.gov/Archives/edgar/data/48465/000110465916163147/a16-22026_110k.htm", "calculatedOtherExpenses": -72394000, "calculatedOperatingExpenses": 834280000, "calculatedNetInterest": -6680000, "calculatedOtherIncome": 0, "calculatedIncomeNonControlling": 465000, "calculatedEbitda": 1455863000}, {"date": "2015-10-25", "symbol": "HRL", "reportedCurrency": "USD", "cik": "0000048465", "fillingDate": "2015-12-16", "acceptedDate": "2015-12-16 14:45:31", "calendarYear": "2015", "period": "FY", "revenue": 9263863000, "costOfRevenue": 7455282000, "grossProfit": 1808581000, "grossProfitRatio": 0.195229679, "researchAndDevelopmentExpenses": 32000000, "generalAndAdministrativeExpenses": 598311000, "sellingAndMarketingExpenses": 145300000, "sellingGeneralAndAdministrativeExpenses": 743611000, "otherExpenses": 0, "operatingExpenses": 743611000, "costAndExpenses": 8198893000, "interestIncome": 2934000, "interestExpense": 13111000, "depreciationAndAmortization": 133434000, "ebitda": 1225225000, "ebitdaratio": 0.1322585405, "operatingIncome": 1067320000, "operatingIncomeRatio": 0.1152132755, "totalOtherIncomeExpensesNet": 2350000, "incomeBeforeTax": 1057143000, "incomeBeforeTaxRatio": 0.1141147057, "incomeTaxExpense": 369879000, "netIncome": 686088000, "netIncomeRatio": 0.0740606807, "eps": 1.3, "epsdiluted": 1.27, "weightedAverageShsOut": 528144000, "weightedAverageShsOutDil": 541002000, "link": "https://www.sec.gov/Archives/edgar/data/48465/000110465915085151/0001104659-15-085151-index.htm", "finalLink": "https://www.sec.gov/Archives/edgar/data/48465/000110465915085151/a15-20968_110k.htm", "calculatedOtherExpenses": -34350000, "calculatedOperatingExpenses": 741261000, "calculatedNetInterest": -10177000, "calculatedOtherIncome": 0, "calculatedIncomeNonControlling": 1176000, "calculatedEbitda": 1200754000}, {"date": "2014-10-26", "symbol": "HRL", "reportedCurrency": "USD", "cik": "0000048465", "fillingDate": "2014-12-17", "acceptedDate": "2014-12-17 12:12:17", "calendarYear": "2014", "period": "FY", "revenue": 9316256000, "costOfRevenue": 7751273000, "grossProfit": 1564983000, "grossProfitRatio": 0.1679841129, "researchAndDevelopmentExpenses": 29900000, "generalAndAdministrativeExpenses": 536548000, "sellingAndMarketingExpenses": 114400000, "sellingGeneralAndAdministrativeExpenses": 650948000, "otherExpenses": 0, "operatingExpenses": 650948000, "costAndExpenses": 8402221000, "interestIncome": 3236000, "interestExpense": 12704000, "depreciationAndAmortization": 130044000, "ebitda": 1064900000, "ebitdaratio": 0.1143055751, "operatingIncome": 931620000, "operatingIncomeRatio": 0.0999993989, "totalOtherIncomeExpensesNet": 17585000, "incomeBeforeTax": 922152000, "incomeBeforeTaxRatio": 0.0989831108, "incomeTaxExpense": 316126000, "netIncome": 602677000, "netIncomeRatio": 0.0646909016, "eps": 1.14, "epsdiluted": 1.12, "weightedAverageShsOut": 527624000, "weightedAverageShsOutDil": 540432000, "link": "https://www.sec.gov/Archives/edgar/data/48465/000110465914087276/0001104659-14-087276-index.htm", "finalLink": "https://www.sec.gov/Archives/edgar/data/48465/000110465914087276/a14-22022_110k.htm", "calculatedOtherExpenses": -47485000, "calculatedOperatingExpenses": 633363000, "calculatedNetInterest": -9468000, "calculatedOtherIncome": 0, "calculatedIncomeNonControlling": 3349000, "calculatedEbitda": 1061664000}, {"date": "2013-10-27", "symbol": "HRL", "reportedCurrency": "USD", "cik": "0000048465", "fillingDate": "2013-12-18", "acceptedDate": "2013-12-18 09:11:45", "calendarYear": "2013", "period": "FY", "revenue": 8751654000, "costOfRevenue": 7338838000, "grossProfit": 1412816000, "grossProfitRatio": 0.16143417, "researchAndDevelopmentExpenses": 29900000, "generalAndAdministrativeExpenses": 537440000, "sellingAndMarketingExpenses": 89900000, "sellingGeneralAndAdministrativeExpenses": 627340000, "otherExpenses": 0, "operatingExpenses": 627340000, "costAndExpenses": 7966178000, "interestIncome": 4971000, "interestExpense": 12453000, "depreciationAndAmortization": 124850000, "ebitda": 935810000, "ebitdaratio": 0.1069295016, "operatingIncome": 805989000, "operatingIncomeRatio": 0.0920956199, "totalOtherIncomeExpensesNet": 20513000, "incomeBeforeTax": 798507000, "incomeBeforeTaxRatio": 0.0912406958, "incomeTaxExpense": 268431000, "netIncome": 526211000, "netIncomeRatio": 0.0601270343, "eps": 1, "epsdiluted": 0.98, "weightedAverageShsOut": 528634000, "weightedAverageShsOutDil": 540448000, "link": "https://www.sec.gov/Archives/edgar/data/48465/000110465913090853/0001104659-13-090853-index.htm", "finalLink": "https://www.sec.gov/Archives/edgar/data/48465/000110465913090853/a13-21155_110k.htm", "calculatedOtherExpenses": -50413000, "calculatedOperatingExpenses": 606827000, "calculatedNetInterest": -7482000, "calculatedOtherIncome": 0, "calculatedIncomeNonControlling": 3865000, "calculatedEbitda": 930839000}, {"date": "2012-10-28", "symbol": "HRL", "reportedCurrency": "USD", "cik": "0000048465", "fillingDate": "2012-12-19", "acceptedDate": "2012-12-19 08:55:47", "calendarYear": "2012", "period": "FY", "revenue": 8230670000, "costOfRevenue": 6898819000, "grossProfit": 1331851000, "grossProfitRatio": 0.1618156238, "researchAndDevelopmentExpenses": 29800000, "generalAndAdministrativeExpenses": 502468000, "sellingAndMarketingExpenses": 103400000, "sellingGeneralAndAdministrativeExpenses": 605868000, "otherExpenses": 0, "operatingExpenses": 605868000, "costAndExpenses": 7504687000, "interestIncome": 6520000, "interestExpense": 12859000, "depreciationAndAmortization": 119494000, "ebitda": 890688000, "ebitdaratio": 0.1082157346, "operatingIncome": 764674000, "operatingIncomeRatio": 0.0929054378, "totalOtherIncomeExpensesNet": 38691000, "incomeBeforeTax": 758335000, "incomeBeforeTaxRatio": 0.0921352697, "incomeTaxExpense": 253374000, "netIncome": 500050000, "netIncomeRatio": 0.0607544708, "eps": 0.95, "epsdiluted": 0.93, "weightedAverageShsOut": 526932000, "weightedAverageShsOutDil": 537782000, "link": "https://www.sec.gov/Archives/edgar/data/48465/000110465912085141/0001104659-12-085141-index.htm", "finalLink": "https://www.sec.gov/Archives/edgar/data/48465/000110465912085141/a12-25702_110k.htm", "calculatedOtherExpenses": -68491000, "calculatedOperatingExpenses": 567177000, "calculatedNetInterest": -6339000, "calculatedOtherIncome": 0, "calculatedIncomeNonControlling": 4911000, "calculatedEbitda": 884168000}, {"date": "2011-10-30", "symbol": "HRL", "reportedCurrency": "USD", "cik": "0000048465", "fillingDate": "2011-12-21", "acceptedDate": "2011-12-21 16:38:13", "calendarYear": "2011", "period": "FY", "revenue": 7895089000, "costOfRevenue": 6560976000, "grossProfit": 1334113000, "grossProfitRatio": 0.168980109, "researchAndDevelopmentExpenses": 0, "generalAndAdministrativeExpenses": 0, "sellingAndMarketingExpenses": 0, "sellingGeneralAndAdministrativeExpenses": 618586000, "otherExpenses": -26757000, "operatingExpenses": 591829000, "costAndExpenses": 7152805000, "interestIncome": 0, "interestExpense": 23448000, "depreciationAndAmortization": 124165000, "ebitda": 866449000, "ebitdaratio": 0.1097453113, "operatingIncome": 742284000, "operatingIncomeRatio": 0.0940184462, "totalOtherIncomeExpensesNet": -786000, "incomeBeforeTax": 718836000, "incomeBeforeTaxRatio": 0.0910484986, "incomeTaxExpense": 239640000, "netIncome": 474195000, "netIncomeRatio": 0.0600620208, "eps": 0.89, "epsdiluted": 0.87, "weightedAverageShsOut": 532788000, "weightedAverageShsOutDil": 543830000, "link": "https://www.sec.gov/Archives/edgar/data/48465/000110465911070659/0001104659-11-070659-index.htm", "finalLink": "https://www.sec.gov/Archives/edgar/data/48465/000110465911070659/a11-30814_110k.htm", "calculatedOtherExpenses": -26757000, "calculatedOperatingExpenses": 591829000, "calculatedNetInterest": -23448000, "calculatedOtherIncome": 0, "calculatedIncomeNonControlling": 5001000, "calculatedEbitda": 866449000}, {"date": "2010-10-31", "symbol": "HRL", "reportedCurrency": "USD", "cik": "0000048465", "fillingDate": "2010-12-21", "acceptedDate": "2010-12-21 15:05:51", "calendarYear": "2010", "period": "FY", "revenue": 7220719000, "costOfRevenue": 5981977000, "grossProfit": 1238742000, "grossProfitRatio": 0.17155383, "researchAndDevelopmentExpenses": 0, "generalAndAdministrativeExpenses": 0, "sellingAndMarketingExpenses": 0, "sellingGeneralAndAdministrativeExpenses": 605293000, "otherExpenses": 0, "operatingExpenses": 605293000, "costAndExpenses": 6587270000, "interestIncome": 4565000, "interestExpense": 26589000, "depreciationAndAmortization": 125591000, "ebitda": 789857000, "ebitdaratio": 0.1093875831, "operatingIncome": 646575000, "operatingIncomeRatio": 0.0895444069, "totalOtherIncomeExpensesNet": -13126000, "incomeBeforeTax": 624551000, "incomeBeforeTaxRatio": 0.0864942951, "incomeTaxExpense": 224775000, "netIncome": 395587000, "netIncomeRatio": 0.0547849875, "eps": 0.74, "epsdiluted": 0.73, "weightedAverageShsOut": 533464000, "weightedAverageShsOutDil": 541396000, "link": "https://www.sec.gov/Archives/edgar/data/48465/000110465910063729/0001104659-10-063729-index.htm", "finalLink": "https://www.sec.gov/Archives/edgar/data/48465/000110465910063729/a10-21485_110k.htm", "calculatedOtherExpenses": -13126000, "calculatedOperatingExpenses": 592167000, "calculatedNetInterest": -22024000, "calculatedOtherIncome": 0, "calculatedIncomeNonControlling": 4189000, "calculatedEbitda": 772166000}, {"date": "2009-10-25", "symbol": "HRL", "reportedCurrency": "USD", "cik": "0000048465", "fillingDate": "2009-12-16", "acceptedDate": "2009-12-16 16:34:09", "calendarYear": "2009", "period": "FY", "revenue": 6533671000, "costOfRevenue": 5434800000, "grossProfit": 1098871000, "grossProfitRatio": 0.1681858484, "researchAndDevelopmentExpenses": 0, "generalAndAdministrativeExpenses": 0, "sellingAndMarketingExpenses": 0, "sellingGeneralAndAdministrativeExpenses": 567085000, "otherExpenses": 0, "operatingExpenses": 567085000, "costAndExpenses": 6001885000, "interestIncome": 19563000, "interestExpense": 27995000, "depreciationAndAmortization": 127138000, "ebitda": 681743000, "ebitdaratio": 0.1043430255, "operatingIncome": 533414000, "operatingIncomeRatio": 0.0816407805, "totalOtherIncomeExpensesNet": 1628000, "incomeBeforeTax": 524982000, "incomeBeforeTaxRatio": 0.080350235, "incomeTaxExpense": 182169000, "netIncome": 342813000, "netIncomeRatio": 0.0524686658, "eps": 0.64, "epsdiluted": 0.63, "weightedAverageShsOut": 536908000, "weightedAverageShsOutDil": 541956000, "link": "https://www.sec.gov/Archives/edgar/data/48465/000110465909070245/0001104659-09-070245-index.htm", "finalLink": "https://www.sec.gov/Archives/edgar/data/48465/000110465909070245/a09-35339_110k.htm", "calculatedOtherExpenses": -1628000, "calculatedOperatingExpenses": 565457000, "calculatedNetInterest": -8432000, "calculatedOtherIncome": 0, "calculatedIncomeNonControlling": 0, "calculatedEbitda": 660552000}, {"date": "2008-10-26", "symbol": "HRL", "reportedCurrency": "USD", "cik": "0000048465", "fillingDate": "2008-12-23", "acceptedDate": "2008-12-23 16:28:38", "calendarYear": "2008", "period": "FY", "revenue": 6754903000, "costOfRevenue": 5233156000, "grossProfit": 1521747000, "grossProfitRatio": 0.225280363, "researchAndDevelopmentExpenses": 0, "generalAndAdministrativeExpenses": 178029000, "sellingAndMarketingExpenses": 834292000, "sellingGeneralAndAdministrativeExpenses": 1012321000, "otherExpenses": 0, "operatingExpenses": 1012321000, "costAndExpenses": 6245477000, "interestIncome": 0, "interestExpense": 56125000, "depreciationAndAmortization": 126189000, "ebitda": 639850000, "ebitdaratio": 0.094723788, "operatingIncome": 513661000, "operatingIncomeRatio": 0.0760426908, "totalOtherIncomeExpensesNet": 4235000, "incomeBeforeTax": 457536000, "incomeBeforeTaxRatio": 0.0677339112, "incomeTaxExpense": 172036000, "netIncome": 285500000, "netIncomeRatio": 0.0422655958, "eps": 0.53, "epsdiluted": 0.52, "weightedAverageShsOut": 541440000, "weightedAverageShsOutDil": 548512000, "link": "https://www.sec.gov/Archives/edgar/data/48465/000110465908078222/0001104659-08-078222-index.htm", "finalLink": "https://www.sec.gov/Archives/edgar/data/48465/000110465908078222/a08-30826_110k.htm", "calculatedOtherExpenses": -4235000, "calculatedOperatingExpenses": 1008086000, "calculatedNetInterest": -56125000, "calculatedOtherIncome": 0, "calculatedIncomeNonControlling": 0, "calculatedEbitda": 639850000}, {"date": "2007-10-28", "symbol": "HRL", "reportedCurrency": "USD", "cik": "0000048465", "fillingDate": "2007-12-27", "acceptedDate": "2007-12-27 11:05:10", "calendarYear": "2007", "period": "FY", "revenue": 6193032000, "costOfRevenue": 4778505000, "grossProfit": 1414527000, "grossProfitRatio": 0.2284062152, "researchAndDevelopmentExpenses": 0, "generalAndAdministrativeExpenses": 162480000, "sellingAndMarketingExpenses": 771597000, "sellingGeneralAndAdministrativeExpenses": 934077000, "otherExpenses": 0, "operatingExpenses": 934077000, "costAndExpenses": 5712582000, "interestIncome": 13624000, "interestExpense": 27707000, "depreciationAndAmortization": 126738000, "ebitda": 624282000, "ebitdaratio": 0.1008039358, "operatingIncome": 483920000, "operatingIncomeRatio": 0.0781394315, "totalOtherIncomeExpensesNet": 3470000, "incomeBeforeTax": 469837000, "incomeBeforeTaxRatio": 0.0758654242, "incomeTaxExpense": 167945000, "netIncome": 301892000, "netIncomeRatio": 0.0487470435, "eps": 0.55, "epsdiluted": 0.54, "weightedAverageShsOut": 548864000, "weightedAverageShsOutDil": 556604000, "link": "https://www.sec.gov/Archives/edgar/data/48465/000110465907090982/0001104659-07-090982-index.htm", "finalLink": "https://www.sec.gov/Archives/edgar/data/48465/000110465907090982/a07-31664_110k.htm", "calculatedOtherExpenses": -3470000, "calculatedOperatingExpenses": 930607000, "calculatedNetInterest": -14083000, "calculatedOtherIncome": 0, "calculatedIncomeNonControlling": 0, "calculatedEbitda": 610658000}, {"date": "2006-10-29", "symbol": "HRL", "reportedCurrency": "USD", "cik": "0000048465", "fillingDate": "2007-01-12", "acceptedDate": "2007-01-12 12:13:20", "calendarYear": "2006", "period": "FY", "revenue": 5745481000, "costOfRevenue": 4362291000, "grossProfit": 1383190000, "grossProfitRatio": 0.2407439864, "researchAndDevelopmentExpenses": 0, "generalAndAdministrativeExpenses": 0, "sellingAndMarketingExpenses": 0, "sellingGeneralAndAdministrativeExpenses": 937034000, "otherExpenses": -4553000, "operatingExpenses": 932481000, "costAndExpenses": 5294772000, "interestIncome": 0, "interestExpense": 20166000, "depreciationAndAmortization": 121101000, "ebitda": 571810000, "ebitdaratio": 0.0995234342, "operatingIncome": 450709000, "operatingIncomeRatio": 0.0784458255, "totalOtherIncomeExpensesNet": 4553000, "incomeBeforeTax": 430543000, "incomeBeforeTaxRatio": 0.0749359366, "incomeTaxExpense": 144404000, "netIncome": 286139000, "netIncomeRatio": 0.0498024447, "eps": 0.52, "epsdiluted": 0.51, "weightedAverageShsOut": 551380000, "weightedAverageShsOutDil": 558244000, "link": "https://www.sec.gov/Archives/edgar/data/48465/000110465907002276/0001104659-07-002276-index.htm", "finalLink": "https://www.sec.gov/Archives/edgar/data/48465/000110465907002276/a07-1424_110k.htm", "calculatedOtherExpenses": -4553000, "calculatedOperatingExpenses": 932481000, "calculatedNetInterest": -20166000, "calculatedOtherIncome": 0, "calculatedIncomeNonControlling": 0, "calculatedEbitda": 571810000}, {"date": "2005-10-30", "symbol": "HRL", "reportedCurrency": "USD", "cik": "0000048465", "fillingDate": "2006-01-13", "acceptedDate": "2006-01-13 15:23:47", "calendarYear": "2005", "period": "FY", "revenue": 5413997000, "costOfRevenue": 4131389000, "grossProfit": 1282608000, "grossProfitRatio": 0.2369059311, "researchAndDevelopmentExpenses": 0, "generalAndAdministrativeExpenses": 0, "sellingAndMarketingExpenses": 0, "sellingGeneralAndAdministrativeExpenses": 864034000, "otherExpenses": 9994475000, "operatingExpenses": 10858509000, "costAndExpenses": 14989898000, "interestIncome": 0, "interestExpense": -9980787000, "depreciationAndAmortization": 115189000, "ebitda": -9460712000, "ebitdaratio": -1.7474542376, "operatingIncome": 424099000, "operatingIncomeRatio": 0.0783338077, "totalOtherIncomeExpensesNet": 5525000, "incomeBeforeTax": 404886000, "incomeBeforeTaxRatio": 0.0747850433, "incomeTaxExpense": 151427000, "netIncome": 253459000, "netIncomeRatio": 0.0468155043, "eps": 0.46, "epsdiluted": 0.46, "weightedAverageShsOut": 552160000, "weightedAverageShsOutDil": 558308000, "link": "https://www.sec.gov/Archives/edgar/data/48465/000110465906002096/0001104659-06-002096-index.htm", "finalLink": "https://www.sec.gov/Archives/edgar/data/48465/000110465906002096/a06-1208_110k.htm", "calculatedOtherExpenses": -5525000, "calculatedOperatingExpenses": 858509000, "calculatedNetInterest": 9980787000, "calculatedOtherIncome": -10000000000, "calculatedIncomeNonControlling": 0, "calculatedEbitda": 539288000}, {"date": "2004-10-30", "symbol": "HRL", "reportedCurrency": "USD", "cik": "0000048465", "fillingDate": "2005-01-13", "acceptedDate": "2005-01-13 12:32:35", "calendarYear": "2004", "period": "FY", "revenue": 4779875000, "costOfRevenue": 3658870000, "grossProfit": 1121005000, "grossProfitRatio": 0.2345260075, "researchAndDevelopmentExpenses": 0, "generalAndAdministrativeExpenses": 0, "sellingAndMarketingExpenses": 0, "sellingGeneralAndAdministrativeExpenses": 768182000, "otherExpenses": -24521000, "operatingExpenses": 743661000, "costAndExpenses": 4402531000, "interestIncome": 0, "interestExpense": -5284000, "depreciationAndAmortization": 94745000, "ebitda": 454026000, "ebitdaratio": 0.0949870028, "operatingIncome": 377344000, "operatingIncomeRatio": 0.0789443239, "totalOtherIncomeExpensesNet": 24521000, "incomeBeforeTax": 364565000, "incomeBeforeTaxRatio": 0.076270823, "incomeTaxExpense": 132902000, "netIncome": 231663000, "netIncomeRatio": 0.0484663302, "eps": 0.42, "epsdiluted": 0.42, "weightedAverageShsOut": 554384000, "weightedAverageShsOutDil": 560716000, "link": "https://www.sec.gov/Archives/edgar/data/48465/000110465905001285/0001104659-05-001285-index.htm", "finalLink": "https://www.sec.gov/Archives/edgar/data/48465/000110465905001285/a05-1139_110k.htm", "calculatedOtherExpenses": -24521000, "calculatedOperatingExpenses": 743661000, "calculatedNetInterest": 5284000, "calculatedOtherIncome": -18063000, "calculatedIncomeNonControlling": 0, "calculatedEbitda": 472089000}, {"date": "2003-10-25", "symbol": "HRL", "reportedCurrency": "USD", "cik": "0000048465", "fillingDate": "2004-01-23", "acceptedDate": "2004-01-23 09:12:00", "calendarYear": "2003", "period": "FY", "revenue": 4200328000, "costOfRevenue": 3187175000, "grossProfit": 1013153000, "grossProfitRatio": 0.2412080676, "researchAndDevelopmentExpenses": 0, "generalAndAdministrativeExpenses": 0, "sellingAndMarketingExpenses": 0, "sellingGeneralAndAdministrativeExpenses": 708629000, "otherExpenses": -5886000, "operatingExpenses": 702743000, "costAndExpenses": 3889918000, "interestIncome": 0, "interestExpense": 21079000, "depreciationAndAmortization": 88020000, "ebitda": 398430000, "ebitdaratio": 0.0948568778, "operatingIncome": 310410000, "operatingIncomeRatio": 0.0739013715, "totalOtherIncomeExpensesNet": 5886000, "incomeBeforeTax": 289331000, "incomeBeforeTaxRatio": 0.0688829539, "incomeTaxExpense": 103552000, "netIncome": 185779000, "netIncomeRatio": 0.0442296411, "eps": 0.34, "epsdiluted": 0.33, "weightedAverageShsOut": 553760000, "weightedAverageShsOutDil": 558840000, "link": "https://www.sec.gov/Archives/edgar/data/48465/000104746904001632/0001047469-04-001632-index.htm", "finalLink": "https://www.sec.gov/Archives/edgar/data/48465/000104746904001632/a2125484z10-k.htm", "calculatedOtherExpenses": -5886000, "calculatedOperatingExpenses": 702743000, "calculatedNetInterest": -21079000, "calculatedOtherIncome": 0, "calculatedIncomeNonControlling": 0, "calculatedEbitda": 398430000}, {"date": "2002-10-26", "symbol": "HRL", "reportedCurrency": "USD", "cik": "0000048465", "fillingDate": "2003-01-24", "acceptedDate": "2003-01-24 16:57:19", "calendarYear": "2002", "period": "FY", "revenue": 3910314000, "costOfRevenue": 2947461000, "grossProfit": 962853000, "grossProfitRatio": 0.2462341899, "researchAndDevelopmentExpenses": 0, "generalAndAdministrativeExpenses": 0, "sellingAndMarketingExpenses": 0, "sellingGeneralAndAdministrativeExpenses": 652344000, "otherExpenses": -7741000, "operatingExpenses": 644603000, "costAndExpenses": 3592064000, "interestIncome": 0, "interestExpense": 24280000, "depreciationAndAmortization": 83238000, "ebitda": 401488000, "ebitdaratio": 0.1026741075, "operatingIncome": 318250000, "operatingIncomeRatio": 0.0813873259, "totalOtherIncomeExpensesNet": 7741000, "incomeBeforeTax": 293970000, "incomeBeforeTaxRatio": 0.0751781059, "incomeTaxExpense": 104648000, "netIncome": 189322000, "netIncomeRatio": 0.0484160607, "eps": 0.34, "epsdiluted": 0.34, "weightedAverageShsOut": 554824000, "weightedAverageShsOutDil": 561168000, "link": "https://www.sec.gov/Archives/edgar/data/48465/000104746903002563/0001047469-03-002563-index.htm", "finalLink": "https://www.sec.gov/Archives/edgar/data/48465/000104746903002563/a2100452z10-k.htm", "calculatedOtherExpenses": -7741000, "calculatedOperatingExpenses": 644603000, "calculatedNetInterest": -24280000, "calculatedOtherIncome": 0, "calculatedIncomeNonControlling": 0, "calculatedEbitda": 401488000}, {"date": "2001-10-27", "symbol": "HRL", "reportedCurrency": "USD", "cik": "0000048465", "fillingDate": "2002-01-25", "acceptedDate": "2002-01-25 00:00:00", "calendarYear": "2001", "period": "FY", "revenue": 4124112000, "costOfRevenue": 2989337000, "grossProfit": 1134775000, "grossProfitRatio": 0.2751562033, "researchAndDevelopmentExpenses": 0, "generalAndAdministrativeExpenses": 0, "sellingAndMarketingExpenses": 0, "sellingGeneralAndAdministrativeExpenses": 834469000, "otherExpenses": 0, "operatingExpenses": 834469000, "costAndExpenses": 3823806000, "interestIncome": 0, "interestExpense": 15292000, "depreciationAndAmortization": 90193000, "ebitda": 390499000, "ebitdaratio": 0.0946868077, "operatingIncome": 300306000, "operatingIncomeRatio": 0.0728171301, "totalOtherIncomeExpensesNet": 2866000, "incomeBeforeTax": 285014000, "incomeBeforeTaxRatio": 0.0691091804, "incomeTaxExpense": 102573000, "netIncome": 182441000, "netIncomeRatio": 0.0442376444, "eps": 0.33, "epsdiluted": 0.33, "weightedAverageShsOut": 552851515, "weightedAverageShsOutDil": 561356923, "link": "https://www.sec.gov/Archives/edgar/data/48465/000091205702002668/0000912057-02-002668-index.htm", "finalLink": "https://www.sec.gov/Archives/edgar/data/48465/000091205702002668/a2068311z10-k.htm", "calculatedOtherExpenses": 0, "calculatedOperatingExpenses": 834469000, "calculatedNetInterest": -15292000, "calculatedOtherIncome": 0, "calculatedIncomeNonControlling": 0, "calculatedEbitda": 390499000}, {"date": "2000-10-28", "symbol": "HRL", "reportedCurrency": "USD", "cik": "0000048465", "fillingDate": "2001-01-26", "acceptedDate": "2001-01-26 00:00:00", "calendarYear": "2000", "period": "FY", "revenue": 3675132000, "costOfRevenue": 2608988000, "grossProfit": 1066144000, "grossProfitRatio": 0.2900967911, "researchAndDevelopmentExpenses": 0, "generalAndAdministrativeExpenses": 0, "sellingAndMarketingExpenses": 0, "sellingGeneralAndAdministrativeExpenses": 737651000, "otherExpenses": 65886000, "operatingExpenses": 803537000, "costAndExpenses": 3412525000, "interestIncome": 0, "interestExpense": -2250000, "depreciationAndAmortization": 65886000, "ebitda": 328017000, "ebitdaratio": 0.0892531207, "operatingIncome": 262607000, "operatingIncomeRatio": 0.0714551205, "totalOtherIncomeExpensesNet": 476000, "incomeBeforeTax": 264381000, "incomeBeforeTaxRatio": 0.0719378243, "incomeTaxExpense": 94164000, "netIncome": 170217000, "netIncomeRatio": 0.0463158874, "eps": 0.3, "epsdiluted": 0.3, "weightedAverageShsOut": 562700826, "weightedAverageShsOutDil": 567390000, "link": "https://www.sec.gov/Archives/edgar/data/48465/000091205701002984/0000912057-01-002984-index.htm", "finalLink": "https://www.sec.gov/Archives/edgar/data/48465/000091205701002984/a2033904z10-k.htm", "calculatedOtherExpenses": 65886000, "calculatedOperatingExpenses": 803537000, "calculatedNetInterest": 2250000, "calculatedOtherIncome": -476000, "calculatedIncomeNonControlling": 0, "calculatedEbitda": 328493000}, {"date": "1999-10-30", "symbol": "HRL", "reportedCurrency": "USD", "cik": "0000048465", "fillingDate": "2000-01-28", "acceptedDate": "2000-01-28 00:00:00", "calendarYear": "1999", "period": "FY", "revenue": 3357800000, "costOfRevenue": 2315000000, "grossProfit": 1042800000, "grossProfitRatio": 0.310560486, "researchAndDevelopmentExpenses": 0, "generalAndAdministrativeExpenses": 0, "sellingAndMarketingExpenses": 0, "sellingGeneralAndAdministrativeExpenses": 737200000, "otherExpenses": 64700000, "operatingExpenses": 801900000, "costAndExpenses": 3116900000, "interestIncome": 0, "interestExpense": -17500000, "depreciationAndAmortization": 64700000, "ebitda": 298600000, "ebitdaratio": 0.0889272738, "operatingIncome": 240900000, "operatingIncomeRatio": 0.0717434034, "totalOtherIncomeExpensesNet": 7000000, "incomeBeforeTax": 251400000, "incomeBeforeTaxRatio": 0.0748704509, "incomeTaxExpense": 88000000, "netIncome": 163400000, "netIncomeRatio": 0.0486628149, "eps": 0.28, "epsdiluted": 0.28, "weightedAverageShsOut": 583571429, "weightedAverageShsOutDil": 588828829, "link": "https://www.sec.gov/Archives/edgar/data/48465/000091205700002891/0000912057-00-002891-index.html", "finalLink": "https://www.sec.gov/Archives/edgar/data/48465/000091205700002891/0000912057-00-002891-d1.html", "calculatedOtherExpenses": 64700000, "calculatedOperatingExpenses": 801900000, "calculatedNetInterest": 17500000, "calculatedOtherIncome": -7000000, "calculatedIncomeNonControlling": 0, "calculatedEbitda": 305600000}, {"date": "1998-10-31", "symbol": "HRL", "reportedCurrency": "USD", "cik": "0000048465", "fillingDate": "1999-01-29", "acceptedDate": "1999-01-29 00:00:00", "calendarYear": "1998", "period": "FY", "revenue": 3261000000, "costOfRevenue": 2340100000, "grossProfit": 920900000, "grossProfitRatio": 0.2823980374, "researchAndDevelopmentExpenses": 0, "generalAndAdministrativeExpenses": 0, "sellingAndMarketingExpenses": 0, "sellingGeneralAndAdministrativeExpenses": 677200000, "otherExpenses": 60300000, "operatingExpenses": 737500000, "costAndExpenses": 3077600000, "interestIncome": 0, "interestExpense": -81400000, "depreciationAndAmortization": 60300000, "ebitda": 196200000, "ebitdaratio": 0.0601655934, "operatingIncome": 183400000, "operatingIncomeRatio": 0.056240417, "totalOtherIncomeExpensesNet": 47500000, "incomeBeforeTax": 217300000, "incomeBeforeTaxRatio": 0.0666360012, "incomeTaxExpense": 78000000, "netIncome": 139300000, "netIncomeRatio": 0.042716958, "eps": 0.23, "epsdiluted": 0.23, "weightedAverageShsOut": 599139785, "weightedAverageShsOutDil": 602378378, "link": "https://www.sec.gov/Archives/edgar/data/48465/000004846599000004/0000048465-99-000004-index.html", "finalLink": "https://www.sec.gov/Archives/edgar/data/48465/", "calculatedOtherExpenses": 60300000, "calculatedOperatingExpenses": 737500000, "calculatedNetInterest": 81400000, "calculatedOtherIncome": -47500000, "calculatedIncomeNonControlling": 0, "calculatedEbitda": 243700000}, {"date": "1997-10-26", "symbol": "HRL", "reportedCurrency": "USD", "cik": "0000048465", "fillingDate": "1998-01-23", "acceptedDate": "1998-01-23 00:00:00", "calendarYear": "1997", "period": "FY", "revenue": 3256600000, "costOfRevenue": 2444800000, "grossProfit": 811800000, "grossProfitRatio": 0.2492783885, "researchAndDevelopmentExpenses": 0, "generalAndAdministrativeExpenses": 0, "sellingAndMarketingExpenses": 0, "sellingGeneralAndAdministrativeExpenses": 590700000, "otherExpenses": 52900000, "operatingExpenses": 643600000, "costAndExpenses": 3088400000, "interestIncome": 0, "interestExpense": -20500000, "depreciationAndAmortization": 52900000, "ebitda": 203300000, "ebitdaratio": 0.0624270712, "operatingIncome": 168200000, "operatingIncomeRatio": 0.051648959, "totalOtherIncomeExpensesNet": 17800000, "incomeBeforeTax": 170900000, "incomeBeforeTaxRatio": 0.0524780446, "incomeTaxExpense": 61400000, "netIncome": 109500000, "netIncomeRatio": 0.0336240251, "eps": 0.18, "epsdiluted": 0.18, "weightedAverageShsOut": 608333333, "weightedAverageShsOutDil": 608333333, "link": "https://www.sec.gov/Archives/edgar/data/48465/000004846598000002/0000048465-98-000002-index.html", "finalLink": "https://www.sec.gov/Archives/edgar/data/48465/", "calculatedOtherExpenses": 52900000, "calculatedOperatingExpenses": 643600000, "calculatedNetInterest": 20500000, "calculatedOtherIncome": -17800000, "calculatedIncomeNonControlling": 0, "calculatedEbitda": 221100000}, {"date": "1996-10-26", "symbol": "HRL", "reportedCurrency": "USD", "cik": "0000048465", "fillingDate": "1997-01-24", "acceptedDate": "1997-01-24 00:00:00", "calendarYear": "1996", "period": "FY", "revenue": 3098700000, "costOfRevenue": 2355600000, "grossProfit": 743100000, "grossProfitRatio": 0.239810243, "researchAndDevelopmentExpenses": 0, "generalAndAdministrativeExpenses": 0, "sellingAndMarketingExpenses": 0, "sellingGeneralAndAdministrativeExpenses": 578800000, "otherExpenses": 42700000, "operatingExpenses": 621500000, "costAndExpenses": 2977100000, "interestIncome": 0, "interestExpense": -9300000, "depreciationAndAmortization": 42700000, "ebitda": 158900000, "ebitdaratio": 0.0512795689, "operatingIncome": 121600000, "operatingIncomeRatio": 0.0392422629, "totalOtherIncomeExpensesNet": 5400000, "incomeBeforeTax": 125500000, "incomeBeforeTaxRatio": 0.0405008552, "incomeTaxExpense": 46100000, "netIncome": 79400000, "netIncomeRatio": 0.0256236486, "eps": 0.13, "epsdiluted": 0.13, "weightedAverageShsOut": 610769231, "weightedAverageShsOutDil": 610769231, "link": "https://www.sec.gov/Archives/edgar/data/48465/000004846597000004/0000048465-97-000004-index.html", "finalLink": "https://www.sec.gov/Archives/edgar/data/48465/", "calculatedOtherExpenses": 42700000, "calculatedOperatingExpenses": 621500000, "calculatedNetInterest": 9300000, "calculatedOtherIncome": -5400000, "calculatedIncomeNonControlling": 0, "calculatedEbitda": 164300000}, {"date": "1995-10-31", "symbol": "HRL", "reportedCurrency": "USD", "cik": "0000048465", "fillingDate": "1995-10-31", "acceptedDate": "1995-10-31 00:00:00", "calendarYear": "1995", "period": "FY", "revenue": 3046200000, "costOfRevenue": 2257100000, "grossProfit": 789100000, "grossProfitRatio": 0.2590440549, "researchAndDevelopmentExpenses": 0, "generalAndAdministrativeExpenses": 0, "sellingAndMarketingExpenses": 0, "sellingGeneralAndAdministrativeExpenses": 568500000, "otherExpenses": 37200000, "operatingExpenses": 605700000, "costAndExpenses": 2862800000, "interestIncome": 0, "interestExpense": -24000000, "depreciationAndAmortization": 37200000, "ebitda": 207800000, "ebitdaratio": 0.0682161381, "operatingIncome": 183400000, "operatingIncomeRatio": 0.0602061585, "totalOtherIncomeExpensesNet": 12800000, "incomeBeforeTax": 194600000, "incomeBeforeTaxRatio": 0.0638828705, "incomeTaxExpense": 74200000, "netIncome": 120400000, "netIncomeRatio": 0.0395246537, "eps": 0.2, "epsdiluted": 0.2, "weightedAverageShsOut": 609620253, "weightedAverageShsOutDil": 609620253, "link": null, "finalLink": null, "calculatedOtherExpenses": 37200000, "calculatedOperatingExpenses": 605700000, "calculatedNetInterest": 24000000, "calculatedOtherIncome": -12800000, "calculatedIncomeNonControlling": 0, "calculatedEbitda": 220600000}, {"date": "1994-10-31", "symbol": "HRL", "reportedCurrency": "USD", "cik": "0000048465", "fillingDate": "1994-10-31", "acceptedDate": "1994-10-31 00:00:00", "calendarYear": "1994", "period": "FY", "revenue": 3064800000, "costOfRevenue": 2308900000, "grossProfit": 755900000, "grossProfitRatio": 0.2466392587, "researchAndDevelopmentExpenses": 0, "generalAndAdministrativeExpenses": 0, "sellingAndMarketingExpenses": 0, "sellingGeneralAndAdministrativeExpenses": 532200000, "otherExpenses": 36600000, "operatingExpenses": 568800000, "costAndExpenses": 2877700000, "interestIncome": 0, "interestExpense": -10500000, "depreciationAndAmortization": 36600000, "ebitda": 217200000, "ebitdaratio": 0.0708692247, "operatingIncome": 187100000, "operatingIncomeRatio": 0.0610480292, "totalOtherIncomeExpensesNet": 6500000, "incomeBeforeTax": 191100000, "incomeBeforeTaxRatio": 0.0623531715, "incomeTaxExpense": 73100000, "netIncome": 118000000, "netIncomeRatio": 0.0385016967, "eps": 0.19, "epsdiluted": 0.19, "weightedAverageShsOut": 612987013, "weightedAverageShsOutDil": 612987013, "link": null, "finalLink": null, "calculatedOtherExpenses": 36600000, "calculatedOperatingExpenses": 568800000, "calculatedNetInterest": 10500000, "calculatedOtherIncome": -6500000, "calculatedIncomeNonControlling": 0, "calculatedEbitda": 223700000}, {"date": "1993-10-31", "symbol": "HRL", "reportedCurrency": "USD", "cik": "0000048465", "fillingDate": "1993-10-31", "acceptedDate": "1993-10-31 00:00:00", "calendarYear": "1993", "period": "FY", "revenue": 2854000000, "costOfRevenue": 2174700000, "grossProfit": 679300000, "grossProfitRatio": 0.2380168185, "researchAndDevelopmentExpenses": 0, "generalAndAdministrativeExpenses": 0, "sellingAndMarketingExpenses": 0, "sellingGeneralAndAdministrativeExpenses": 491700000, "otherExpenses": 32200000, "operatingExpenses": 523900000, "costAndExpenses": 2698600000, "interestIncome": 0, "interestExpense": 114500000, "depreciationAndAmortization": 32200000, "ebitda": 180400000, "ebitdaratio": 0.0632095305, "operatingIncome": 155400000, "operatingIncomeRatio": 0.0544498949, "totalOtherIncomeExpensesNet": 7200000, "incomeBeforeTax": 161200000, "incomeBeforeTaxRatio": 0.0564821303, "incomeTaxExpense": 60400000, "netIncome": -26700000, "netIncomeRatio": -0.0093552908, "eps": -0.0425, "epsdiluted": -0.0425, "weightedAverageShsOut": 628235294, "weightedAverageShsOutDil": 628235294, "link": null, "finalLink": null, "calculatedOtherExpenses": 32200000, "calculatedOperatingExpenses": 523900000, "calculatedNetInterest": -114500000, "calculatedOtherIncome": 120300000, "calculatedIncomeNonControlling": 127500000, "calculatedEbitda": 187600000}, {"date": "1992-10-31", "symbol": "HRL", "reportedCurrency": "USD", "cik": "0000048465", "fillingDate": "1992-10-31", "acceptedDate": "1992-10-31 00:00:00", "calendarYear": "1992", "period": "FY", "revenue": 2813700000, "costOfRevenue": 2157900000, "grossProfit": 655800000, "grossProfitRatio": 0.2330738885, "researchAndDevelopmentExpenses": 0, "generalAndAdministrativeExpenses": 0, "sellingAndMarketingExpenses": 0, "sellingGeneralAndAdministrativeExpenses": 475000000, "otherExpenses": 34300000, "operatingExpenses": 509300000, "costAndExpenses": 2667200000, "interestIncome": 0, "interestExpense": -13000000, "depreciationAndAmortization": 34300000, "ebitda": 172400000, "ebitdaratio": 0.0612716352, "operatingIncome": 146500000, "operatingIncomeRatio": 0.0520666738, "totalOtherIncomeExpensesNet": 8400000, "incomeBeforeTax": 151100000, "incomeBeforeTaxRatio": 0.0537015318, "incomeTaxExpense": 55900000, "netIncome": 95200000, "netIncomeRatio": 0.0338344529, "eps": 0.16, "epsdiluted": 0.16, "weightedAverageShsOut": 614193548, "weightedAverageShsOutDil": 614193548, "link": null, "finalLink": null, "calculatedOtherExpenses": 34300000, "calculatedOperatingExpenses": 509300000, "calculatedNetInterest": 13000000, "calculatedOtherIncome": -8400000, "calculatedIncomeNonControlling": 0, "calculatedEbitda": 180800000}, {"date": "1991-10-31", "symbol": "HRL", "reportedCurrency": "USD", "cik": "0000048465", "fillingDate": "1991-10-31", "acceptedDate": "1991-10-31 00:00:00", "calendarYear": "1991", "period": "FY", "revenue": 2836200000, "costOfRevenue": 2238400000, "grossProfit": 597800000, "grossProfitRatio": 0.2107749806, "researchAndDevelopmentExpenses": 0, "generalAndAdministrativeExpenses": 0, "sellingAndMarketingExpenses": 0, "sellingGeneralAndAdministrativeExpenses": 429500000, "otherExpenses": 34700000, "operatingExpenses": 464200000, "costAndExpenses": 2702600000, "interestIncome": 0, "interestExpense": -11300000, "depreciationAndAmortization": 34700000, "ebitda": 161300000, "ebitdaratio": 0.0568718708, "operatingIncome": 133600000, "operatingIncomeRatio": 0.0471052817, "totalOtherIncomeExpensesNet": 7000000, "incomeBeforeTax": 137900000, "incomeBeforeTaxRatio": 0.0486213948, "incomeTaxExpense": 51500000, "netIncome": 86400000, "netIncomeRatio": 0.030463296, "eps": 0.14, "epsdiluted": 0.14, "weightedAverageShsOut": 606315789, "weightedAverageShsOutDil": 617142857, "link": null, "finalLink": null, "calculatedOtherExpenses": 34700000, "calculatedOperatingExpenses": 464200000, "calculatedNetInterest": 11300000, "calculatedOtherIncome": -7000000, "calculatedIncomeNonControlling": 0, "calculatedEbitda": 168300000}, {"date": "1990-10-31", "symbol": "HRL", "reportedCurrency": "USD", "cik": "0000048465", "fillingDate": "1990-10-31", "acceptedDate": "1990-10-31 00:00:00", "calendarYear": "1990", "period": "FY", "revenue": 2681200000, "costOfRevenue": 2119500000, "grossProfit": 561700000, "grossProfitRatio": 0.2094957482, "researchAndDevelopmentExpenses": 0, "generalAndAdministrativeExpenses": 0, "sellingAndMarketingExpenses": 0, "sellingGeneralAndAdministrativeExpenses": 407300000, "otherExpenses": 34300000, "operatingExpenses": 441600000, "costAndExpenses": 2561100000, "interestIncome": 0, "interestExpense": -5800000, "depreciationAndAmortization": 34300000, "ebitda": 149800000, "ebitdaratio": 0.0558705057, "operatingIncome": 120100000, "operatingIncomeRatio": 0.0447933761, "totalOtherIncomeExpensesNet": 4600000, "incomeBeforeTax": 121300000, "incomeBeforeTaxRatio": 0.0452409369, "incomeTaxExpense": 44200000, "netIncome": 77100000, "netIncomeRatio": 0.028755781, "eps": 0.13, "epsdiluted": 0.13, "weightedAverageShsOut": 604705882, "weightedAverageShsOutDil": 616800000, "link": null, "finalLink": null, "calculatedOtherExpenses": 34300000, "calculatedOperatingExpenses": 441600000, "calculatedNetInterest": 5800000, "calculatedOtherIncome": -4600000, "calculatedIncomeNonControlling": 0, "calculatedEbitda": 154400000}, {"date": "1989-10-31", "symbol": "HRL", "reportedCurrency": "USD", "cik": "0000048465", "fillingDate": "1989-10-31", "acceptedDate": "1989-10-31 00:00:00", "calendarYear": "1989", "period": "FY", "revenue": 2340500000, "costOfRevenue": 1818000000, "grossProfit": 522500000, "grossProfitRatio": 0.2232428968, "researchAndDevelopmentExpenses": 0, "generalAndAdministrativeExpenses": 0, "sellingAndMarketingExpenses": 0, "sellingGeneralAndAdministrativeExpenses": 377100000, "otherExpenses": 35700000, "operatingExpenses": 412800000, "costAndExpenses": 2230800000, "interestIncome": 0, "interestExpense": -5900000, "depreciationAndAmortization": 35700000, "ebitda": 140600000, "ebitdaratio": 0.0600726341, "operatingIncome": 109700000, "operatingIncomeRatio": 0.0468703269, "totalOtherIncomeExpensesNet": 4800000, "incomeBeforeTax": 110800000, "incomeBeforeTaxRatio": 0.0473403119, "incomeTaxExpense": 40700000, "netIncome": 70100000, "netIncomeRatio": 0.0299508652, "eps": 0.12, "epsdiluted": 0.12, "weightedAverageShsOut": 609565217, "weightedAverageShsOutDil": 609565217, "link": null, "finalLink": null, "calculatedOtherExpenses": 35700000, "calculatedOperatingExpenses": 412800000, "calculatedNetInterest": 5900000, "calculatedOtherIncome": -4800000, "calculatedIncomeNonControlling": 0, "calculatedEbitda": 145400000}, {"date": "1988-10-31", "symbol": "HRL", "reportedCurrency": "USD", "cik": "0000048465", "fillingDate": "1988-10-31", "acceptedDate": "1988-10-31 00:00:00", "calendarYear": "1988", "period": "FY", "revenue": 2292800000, "costOfRevenue": 1815300000, "grossProfit": 477500000, "grossProfitRatio": 0.208260642, "researchAndDevelopmentExpenses": 0, "generalAndAdministrativeExpenses": 0, "sellingAndMarketingExpenses": 0, "sellingGeneralAndAdministrativeExpenses": 344500000, "otherExpenses": 34300000, "operatingExpenses": 378800000, "costAndExpenses": 2194100000, "interestIncome": 0, "interestExpense": -2000000, "depreciationAndAmortization": 34300000, "ebitda": 127700000, "ebitdaratio": 0.0556960921, "operatingIncome": 98700000, "operatingIncomeRatio": 0.0430478018, "totalOtherIncomeExpensesNet": 5300000, "incomeBeforeTax": 95400000, "incomeBeforeTaxRatio": 0.0416085136, "incomeTaxExpense": 35200000, "netIncome": 60200000, "netIncomeRatio": 0.0262561061, "eps": 0.1, "epsdiluted": 0.1, "weightedAverageShsOut": 602000000, "weightedAverageShsOutDil": 602000000, "link": null, "finalLink": null, "calculatedOtherExpenses": 34300000, "calculatedOperatingExpenses": 378800000, "calculatedNetInterest": 2000000, "calculatedOtherIncome": -5300000, "calculatedIncomeNonControlling": 0, "calculatedEbitda": 133000000}, {"date": "1987-10-31", "symbol": "HRL", "reportedCurrency": "USD", "cik": "0000048465", "fillingDate": "1987-10-31", "acceptedDate": "1987-10-31 00:00:00", "calendarYear": "1987", "period": "FY", "revenue": 2314100000, "costOfRevenue": 1902100000, "grossProfit": 412000000, "grossProfitRatio": 0.1780389784, "researchAndDevelopmentExpenses": 0, "generalAndAdministrativeExpenses": 0, "sellingAndMarketingExpenses": 0, "sellingGeneralAndAdministrativeExpenses": 291600000, "otherExpenses": 32500000, "operatingExpenses": 324100000, "costAndExpenses": 2226200000, "interestIncome": 0, "interestExpense": 6500000, "depreciationAndAmortization": 32500000, "ebitda": 118800000, "ebitdaratio": 0.051337453, "operatingIncome": 87900000, "operatingIncomeRatio": 0.0379845296, "totalOtherIncomeExpensesNet": 1600000, "incomeBeforeTax": 79800000, "incomeBeforeTaxRatio": 0.0344842487, "incomeTaxExpense": 33900000, "netIncome": 45900000, "netIncomeRatio": 0.019834925, "eps": 0.075, "epsdiluted": 0.075, "weightedAverageShsOut": 612000000, "weightedAverageShsOutDil": 612000000, "link": null, "finalLink": null, "calculatedOtherExpenses": 32500000, "calculatedOperatingExpenses": 324100000, "calculatedNetInterest": -6500000, "calculatedOtherIncome": -1600000, "calculatedIncomeNonControlling": 0, "calculatedEbitda": 120400000}, {"date": "1986-10-31", "symbol": "HRL", "reportedCurrency": "USD", "cik": "0000048465", "fillingDate": "1986-10-31", "acceptedDate": "1986-10-31 00:00:00", "calendarYear": "1986", "period": "FY", "revenue": 1960200000, "costOfRevenue": 1584000000, "grossProfit": 376200000, "grossProfitRatio": 0.1919191919, "researchAndDevelopmentExpenses": 0, "generalAndAdministrativeExpenses": 0, "sellingAndMarketingExpenses": 0, "sellingGeneralAndAdministrativeExpenses": 271300000, "otherExpenses": 30700000, "operatingExpenses": 302000000, "costAndExpenses": 1886000000, "interestIncome": 0, "interestExpense": -1200000, "depreciationAndAmortization": 30700000, "ebitda": 100400000, "ebitdaratio": 0.0512192633, "operatingIncome": 74200000, "operatingIncomeRatio": 0.0378532803, "totalOtherIncomeExpensesNet": 4500000, "incomeBeforeTax": 70900000, "incomeBeforeTaxRatio": 0.0361697786, "incomeTaxExpense": 31800000, "netIncome": 39100000, "netIncomeRatio": 0.0199469442, "eps": 0.065, "epsdiluted": 0.065, "weightedAverageShsOut": 601538462, "weightedAverageShsOutDil": 601538462, "link": null, "finalLink": null, "calculatedOtherExpenses": 30700000, "calculatedOperatingExpenses": 302000000, "calculatedNetInterest": 1200000, "calculatedOtherIncome": -4500000, "calculatedIncomeNonControlling": 0, "calculatedEbitda": 104900000}, {"date": "1985-10-31", "symbol": "HRL", "reportedCurrency": "USD", "cik": "0000048465", "fillingDate": "1985-10-31", "acceptedDate": "1985-10-31 00:00:00", "calendarYear": "1985", "period": "FY", "revenue": 1502200000, "costOfRevenue": 1157000000, "grossProfit": 345200000, "grossProfitRatio": 0.2297962988, "researchAndDevelopmentExpenses": 0, "generalAndAdministrativeExpenses": 0, "sellingAndMarketingExpenses": 0, "sellingGeneralAndAdministrativeExpenses": 237000000, "otherExpenses": 28100000, "operatingExpenses": 265100000, "costAndExpenses": 1422100000, "interestIncome": 0, "interestExpense": 5400000, "depreciationAndAmortization": 28100000, "ebitda": 105200000, "ebitdaratio": 0.0700306218, "operatingIncome": 80100000, "operatingIncomeRatio": 0.0533217947, "totalOtherIncomeExpensesNet": 3000000, "incomeBeforeTax": 71700000, "incomeBeforeTaxRatio": 0.047729996, "incomeTaxExpense": 33100000, "netIncome": 38600000, "netIncomeRatio": 0.0256956464, "eps": 0.065, "epsdiluted": 0.065, "weightedAverageShsOut": 593846154, "weightedAverageShsOutDil": 593846154, "link": null, "finalLink": null, "calculatedOtherExpenses": 28100000, "calculatedOperatingExpenses": 265100000, "calculatedNetInterest": -5400000, "calculatedOtherIncome": -3000000, "calculatedIncomeNonControlling": 0, "calculatedEbitda": 108200000}]}