{"originalCurrency": "USD", "convertedCurrency": "USD", "report": [{"date": "2023-12-31", "symbol": "HST", "reportedCurrency": "USD", "cik": "0001070750", "fillingDate": "2024-02-28", "acceptedDate": "2024-02-28 13:41:50", "calendarYear": "2023", "period": "FY", "revenue": 5311000000, "costOfRevenue": 2212000000, "grossProfit": 3099000000, "grossProfitRatio": 0.5835059311, "researchAndDevelopmentExpenses": 0, "generalAndAdministrativeExpenses": 364000000, "sellingAndMarketingExpenses": 0, "sellingGeneralAndAdministrativeExpenses": 364000000, "otherExpenses": 71000000, "operatingExpenses": 2341000000, "costAndExpenses": 4553000000, "interestIncome": 75000000, "interestExpense": 187000000, "depreciationAndAmortization": 697000000, "ebitda": 1607000000, "ebitdaratio": 0.3025795519, "operatingIncome": 827000000, "operatingIncomeRatio": 0.1557145547, "totalOtherIncomeExpensesNet": 142000000, "incomeBeforeTax": 788000000, "incomeBeforeTaxRatio": 0.1483713048, "incomeTaxExpense": 36000000, "netIncome": 740000000, "netIncomeRatio": 0.1393334589, "eps": 1.04, "epsdiluted": 1.04, "weightedAverageShsOut": 709700000, "weightedAverageShsOutDil": 712800000, "link": "https://www.sec.gov/Archives/edgar/data/1070750/000107075024000081/0001070750-24-000081-index.htm", "finalLink": "https://www.sec.gov/Archives/edgar/data/1061937/000107075024000081/hst-20231231.htm", "calculatedOtherExpenses": 1908000000, "calculatedOperatingExpenses": 2272000000, "calculatedNetInterest": -112000000, "calculatedOtherIncome": 73000000, "calculatedIncomeNonControlling": 12000000, "calculatedEbitda": 1524000000}, {"date": "2022-12-31", "symbol": "HST", "reportedCurrency": "USD", "cik": "0001070750", "fillingDate": "2023-02-22", "acceptedDate": "2023-02-22 16:25:06", "calendarYear": "2022", "period": "FY", "revenue": 4907000000, "costOfRevenue": 1980000000, "grossProfit": 2927000000, "grossProfitRatio": 0.5964948033, "researchAndDevelopmentExpenses": 0, "generalAndAdministrativeExpenses": 324000000, "sellingAndMarketingExpenses": 0, "sellingGeneralAndAdministrativeExpenses": 324000000, "otherExpenses": 1845000000, "operatingExpenses": 2169000000, "costAndExpenses": 4149000000, "interestIncome": 30000000, "interestExpense": 156000000, "depreciationAndAmortization": 697000000, "ebitda": 1472000000, "ebitdaratio": 0.2999796209, "operatingIncome": 775000000, "operatingIncomeRatio": 0.1579376401, "totalOtherIncomeExpensesNet": -106000000, "incomeBeforeTax": 669000000, "incomeBeforeTaxRatio": 0.1363358467, "incomeTaxExpense": 26000000, "netIncome": 633000000, "netIncomeRatio": 0.1289993886, "eps": 0.89, "epsdiluted": 0.88, "weightedAverageShsOut": 714700000, "weightedAverageShsOutDil": 717500000, "link": "https://www.sec.gov/Archives/edgar/data/1070750/000095017023003778/0000950170-23-003778-index.htm", "finalLink": "https://www.sec.gov/Archives/edgar/data/1061937/000095017023003778/hst-20221231.htm", "calculatedOtherExpenses": 1828000000, "calculatedOperatingExpenses": 2152000000, "calculatedNetInterest": -126000000, "calculatedOtherIncome": 20000000, "calculatedIncomeNonControlling": 10000000, "calculatedEbitda": 1472000000}, {"date": "2021-12-31", "symbol": "HST", "reportedCurrency": "USD", "cik": "0001070750", "fillingDate": "2022-02-24", "acceptedDate": "2022-02-24 16:10:58", "calendarYear": "2021", "period": "FY", "revenue": 2890000000, "costOfRevenue": 1300000000, "grossProfit": 1590000000, "grossProfitRatio": 0.5501730104, "researchAndDevelopmentExpenses": 0, "generalAndAdministrativeExpenses": 196000000, "sellingAndMarketingExpenses": 0, "sellingGeneralAndAdministrativeExpenses": 196000000, "otherExpenses": 1652000000, "operatingExpenses": 1848000000, "costAndExpenses": 3148000000, "interestIncome": 2000000, "interestExpense": 191000000, "depreciationAndAmortization": 762000000, "ebitda": 843000000, "ebitdaratio": 0.2916955017, "operatingIncome": 81000000, "operatingIncomeRatio": 0.0280276817, "totalOtherIncomeExpensesNet": -183000000, "incomeBeforeTax": -102000000, "incomeBeforeTaxRatio": -0.0352941176, "incomeTaxExpense": -91000000, "netIncome": -11000000, "netIncomeRatio": -0.0038062284, "eps": -0.0155, "epsdiluted": -0.0155, "weightedAverageShsOut": 710300000, "weightedAverageShsOutDil": 710300000, "link": "https://www.sec.gov/Archives/edgar/data/1070750/000095017022001965/0000950170-22-001965-index.htm", "finalLink": "https://www.sec.gov/Archives/edgar/data/1061937/000095017022001965/hst-20211231.htm", "calculatedOtherExpenses": 1313000000, "calculatedOperatingExpenses": 1509000000, "calculatedNetInterest": -189000000, "calculatedOtherIncome": 6000000, "calculatedIncomeNonControlling": 0, "calculatedEbitda": 843000000}, {"date": "2020-12-31", "symbol": "HST", "reportedCurrency": "USD", "cik": "0001070750", "fillingDate": "2021-02-25", "acceptedDate": "2021-02-25 14:21:24", "calendarYear": "2020", "period": "FY", "revenue": 1620000000, "costOfRevenue": 1094000000, "grossProfit": 526000000, "grossProfitRatio": 0.324691358, "researchAndDevelopmentExpenses": 0, "generalAndAdministrativeExpenses": 128000000, "sellingAndMarketingExpenses": 0, "sellingGeneralAndAdministrativeExpenses": 128000000, "otherExpenses": 1351000000, "operatingExpenses": 1479000000, "costAndExpenses": 2573000000, "interestIncome": 8000000, "interestExpense": 194000000, "depreciationAndAmortization": 851000000, "ebitda": -102000000, "ebitdaratio": -0.062962963, "operatingIncome": -953000000, "operatingIncomeRatio": -0.5882716049, "totalOtherIncomeExpensesNet": -8000000, "incomeBeforeTax": -961000000, "incomeBeforeTaxRatio": -0.5932098765, "incomeTaxExpense": -220000000, "netIncome": -741000000, "netIncomeRatio": -0.4574074074, "eps": -1.05, "epsdiluted": -1.05, "weightedAverageShsOut": 705900000, "weightedAverageShsOutDil": 705900000, "link": "https://www.sec.gov/Archives/edgar/data/1070750/000156459021008676/0001564590-21-008676-index.htm", "finalLink": "https://www.sec.gov/Archives/edgar/data/1061937/000156459021008676/hst-10k_20201231.htm", "calculatedOtherExpenses": 1351000000, "calculatedOperatingExpenses": 1479000000, "calculatedNetInterest": -186000000, "calculatedOtherIncome": 178000000, "calculatedIncomeNonControlling": 0, "calculatedEbitda": -102000000}, {"date": "2019-12-31", "symbol": "HST", "reportedCurrency": "USD", "cik": "0001070750", "fillingDate": "2020-02-25", "acceptedDate": "2020-02-25 16:22:49", "calendarYear": "2019", "period": "FY", "revenue": 5469000000, "costOfRevenue": 2358000000, "grossProfit": 3111000000, "grossProfitRatio": 0.5688425672, "researchAndDevelopmentExpenses": 0, "generalAndAdministrativeExpenses": 346000000, "sellingAndMarketingExpenses": 0, "sellingGeneralAndAdministrativeExpenses": 346000000, "otherExpenses": 1971000000, "operatingExpenses": 2317000000, "costAndExpenses": 4675000000, "interestIncome": 32000000, "interestExpense": 222000000, "depreciationAndAmortization": 723000000, "ebitda": 1522000000, "ebitdaratio": 0.2782958493, "operatingIncome": 799000000, "operatingIncomeRatio": 0.1460961785, "totalOtherIncomeExpensesNet": 163000000, "incomeBeforeTax": 962000000, "incomeBeforeTaxRatio": 0.1759005303, "incomeTaxExpense": 30000000, "netIncome": 920000000, "netIncomeRatio": 0.1682208813, "eps": 1.26, "epsdiluted": 1.26, "weightedAverageShsOut": 730300000, "weightedAverageShsOutDil": 731100000, "link": "https://www.sec.gov/Archives/edgar/data/1070750/000156459020006404/0001564590-20-006404-index.htm", "finalLink": "https://www.sec.gov/Archives/edgar/data/1061937/000156459020006404/hst-10k_20191231.htm", "calculatedOtherExpenses": 1966000000, "calculatedOperatingExpenses": 2312000000, "calculatedNetInterest": -190000000, "calculatedOtherIncome": 353000000, "calculatedIncomeNonControlling": 12000000, "calculatedEbitda": 1522000000}, {"date": "2018-12-31", "symbol": "HST", "reportedCurrency": "USD", "cik": "0001070750", "fillingDate": "2019-02-26", "acceptedDate": "2019-02-25 21:12:06", "calendarYear": "2018", "period": "FY", "revenue": 5524000000, "costOfRevenue": 2408000000, "grossProfit": 3116000000, "grossProfitRatio": 0.5640839971, "researchAndDevelopmentExpenses": 0, "generalAndAdministrativeExpenses": 347000000, "sellingAndMarketingExpenses": 0, "sellingGeneralAndAdministrativeExpenses": 347000000, "otherExpenses": 2246000000, "operatingExpenses": 2593000000, "costAndExpenses": 5001000000, "interestIncome": 15000000, "interestExpense": 176000000, "depreciationAndAmortization": 944000000, "ebitda": 1512000000, "ebitdaratio": 0.2737146995, "operatingIncome": 530000000, "operatingIncomeRatio": 0.0959449674, "totalOtherIncomeExpensesNet": 939000000, "incomeBeforeTax": 1301000000, "incomeBeforeTaxRatio": 0.2355177408, "incomeTaxExpense": 150000000, "netIncome": 1087000000, "netIncomeRatio": 0.1967776973, "eps": 1.47, "epsdiluted": 1.47, "weightedAverageShsOut": 739800000, "weightedAverageShsOutDil": 740600000, "link": "https://www.sec.gov/Archives/edgar/data/1070750/000156459019004191/0001564590-19-004191-index.htm", "finalLink": "https://www.sec.gov/Archives/edgar/data/1061937/000156459019004191/hst-10k_20181231.htm", "calculatedOtherExpenses": 2239000000, "calculatedOperatingExpenses": 2586000000, "calculatedNetInterest": -161000000, "calculatedOtherIncome": 932000000, "calculatedIncomeNonControlling": 64000000, "calculatedEbitda": 1474000000}, {"date": "2017-12-31", "symbol": "HST", "reportedCurrency": "USD", "cik": "0001070750", "fillingDate": "2018-02-27", "acceptedDate": "2018-02-26 19:14:10", "calendarYear": "2017", "period": "FY", "revenue": 5387000000, "costOfRevenue": 2364000000, "grossProfit": 3023000000, "grossProfitRatio": 0.5611657694, "researchAndDevelopmentExpenses": 0, "generalAndAdministrativeExpenses": 336000000, "sellingAndMarketingExpenses": 0, "sellingGeneralAndAdministrativeExpenses": 336000000, "otherExpenses": 2024000000, "operatingExpenses": 2360000000, "costAndExpenses": 4724000000, "interestIncome": 6000000, "interestExpense": 167000000, "depreciationAndAmortization": 751000000, "ebitda": 1450000000, "ebitdaratio": 0.269166512, "operatingIncome": 676000000, "operatingIncomeRatio": 0.1254872842, "totalOtherIncomeExpensesNet": 149000000, "incomeBeforeTax": 651000000, "incomeBeforeTaxRatio": 0.1208464823, "incomeTaxExpense": 80000000, "netIncome": 564000000, "netIncomeRatio": 0.1046964916, "eps": 0.76, "epsdiluted": 0.76, "weightedAverageShsOut": 738600000, "weightedAverageShsOutDil": 739100000, "link": "https://www.sec.gov/Archives/edgar/data/1070750/000156459018003330/0001564590-18-003330-index.htm", "finalLink": "https://www.sec.gov/Archives/edgar/data/1061937/000156459018003330/hst-10k_20171231.htm", "calculatedOtherExpenses": 2011000000, "calculatedOperatingExpenses": 2347000000, "calculatedNetInterest": -161000000, "calculatedOtherIncome": 136000000, "calculatedIncomeNonControlling": 7000000, "calculatedEbitda": 1427000000}, {"date": "2016-12-31", "symbol": "HST", "reportedCurrency": "USD", "cik": "0001070750", "fillingDate": "2017-02-24", "acceptedDate": "2017-02-24 13:44:55", "calendarYear": "2016", "period": "FY", "revenue": 5430000000, "costOfRevenue": 2389000000, "grossProfit": 3041000000, "grossProfitRatio": 0.5600368324, "researchAndDevelopmentExpenses": 0, "generalAndAdministrativeExpenses": 343000000, "sellingAndMarketingExpenses": 0, "sellingGeneralAndAdministrativeExpenses": 343000000, "otherExpenses": 2030000000, "operatingExpenses": 2373000000, "costAndExpenses": 4762000000, "interestIncome": 3000000, "interestExpense": 154000000, "depreciationAndAmortization": 724000000, "ebitda": 1416000000, "ebitdaratio": 0.2607734807, "operatingIncome": 684000000, "operatingIncomeRatio": 0.1259668508, "totalOtherIncomeExpensesNet": 294000000, "incomeBeforeTax": 811000000, "incomeBeforeTaxRatio": 0.1493554328, "incomeTaxExpense": 40000000, "netIncome": 762000000, "netIncomeRatio": 0.1403314917, "eps": 1.03, "epsdiluted": 1.02, "weightedAverageShsOut": 743000000, "weightedAverageShsOutDil": 743700000, "link": "https://www.sec.gov/Archives/edgar/data/1070750/000156459017002348/0001564590-17-002348-index.htm", "finalLink": "https://www.sec.gov/Archives/edgar/data/1061937/000156459017002348/hst-10k_20161231.htm", "calculatedOtherExpenses": 2014000000, "calculatedOperatingExpenses": 2357000000, "calculatedNetInterest": -151000000, "calculatedOtherIncome": 278000000, "calculatedIncomeNonControlling": 9000000, "calculatedEbitda": 1408000000}, {"date": "2015-12-31", "symbol": "HST", "reportedCurrency": "USD", "cik": "0001070750", "fillingDate": "2016-02-22", "acceptedDate": "2016-02-22 15:18:24", "calendarYear": "2015", "period": "FY", "revenue": 5387000000, "costOfRevenue": 2408000000, "grossProfit": 2979000000, "grossProfitRatio": 0.552997958, "researchAndDevelopmentExpenses": 0, "generalAndAdministrativeExpenses": 324000000, "sellingAndMarketingExpenses": 0, "sellingGeneralAndAdministrativeExpenses": 324000000, "otherExpenses": 2011000000, "operatingExpenses": 2335000000, "costAndExpenses": 4743000000, "interestIncome": 4000000, "interestExpense": 234000000, "depreciationAndAmortization": 716000000, "ebitda": 1434000000, "ebitdaratio": 0.2661963987, "operatingIncome": 650000000, "operatingIncomeRatio": 0.1206608502, "totalOtherIncomeExpensesNet": 166000000, "incomeBeforeTax": 580000000, "incomeBeforeTaxRatio": 0.1076666048, "incomeTaxExpense": 9000000, "netIncome": 558000000, "netIncomeRatio": 0.1035826991, "eps": 0.74, "epsdiluted": 0.74, "weightedAverageShsOut": 752400000, "weightedAverageShsOutDil": 752900000, "link": "https://www.sec.gov/Archives/edgar/data/1070750/000156459016012990/0001564590-16-012990-index.htm", "finalLink": "https://www.sec.gov/Archives/edgar/data/1061937/000156459016012990/hst-10k_20151231.htm", "calculatedOtherExpenses": 2005000000, "calculatedOperatingExpenses": 2329000000, "calculatedNetInterest": -230000000, "calculatedOtherIncome": 160000000, "calculatedIncomeNonControlling": 13000000, "calculatedEbitda": 1366000000}, {"date": "2014-12-31", "symbol": "HST", "reportedCurrency": "USD", "cik": "0001070750", "fillingDate": "2015-02-25", "acceptedDate": "2015-02-24 18:57:36", "calendarYear": "2014", "period": "FY", "revenue": 5354000000, "costOfRevenue": 2419000000, "grossProfit": 2935000000, "grossProfitRatio": 0.5481882705, "researchAndDevelopmentExpenses": 0, "generalAndAdministrativeExpenses": 331000000, "sellingAndMarketingExpenses": 0, "sellingGeneralAndAdministrativeExpenses": 331000000, "otherExpenses": 1965000000, "operatingExpenses": 2296000000, "costAndExpenses": 4715000000, "interestIncome": 4000000, "interestExpense": 214000000, "depreciationAndAmortization": 701000000, "ebitda": 1370000000, "ebitdaratio": 0.2558834516, "operatingIncome": 710000000, "operatingIncomeRatio": 0.1326111319, "totalOtherIncomeExpensesNet": 332000000, "incomeBeforeTax": 761000000, "incomeBeforeTaxRatio": 0.1421367202, "incomeTaxExpense": 14000000, "netIncome": 732000000, "netIncomeRatio": 0.1367202092, "eps": 0.97, "epsdiluted": 0.96, "weightedAverageShsOut": 755400000, "weightedAverageShsOutDil": 786800000, "link": "https://www.sec.gov/Archives/edgar/data/1070750/000156459015000907/0001564590-15-000907-index.htm", "finalLink": "https://www.sec.gov/Archives/edgar/data/1061937/000156459015000907/hst-10k_20141231.htm", "calculatedOtherExpenses": 1894000000, "calculatedOperatingExpenses": 2225000000, "calculatedNetInterest": -210000000, "calculatedOtherIncome": 261000000, "calculatedIncomeNonControlling": 15000000, "calculatedEbitda": 1411000000}, {"date": "2013-12-31", "symbol": "HST", "reportedCurrency": "USD", "cik": "0001070750", "fillingDate": "2014-02-26", "acceptedDate": "2014-02-26 16:34:29", "calendarYear": "2013", "period": "FY", "revenue": 5166000000, "costOfRevenue": 2365000000, "grossProfit": 2801000000, "grossProfitRatio": 0.5421989934, "researchAndDevelopmentExpenses": 0, "generalAndAdministrativeExpenses": 343000000, "sellingAndMarketingExpenses": 0, "sellingGeneralAndAdministrativeExpenses": 343000000, "otherExpenses": 1946000000, "operatingExpenses": 2289000000, "costAndExpenses": 4654000000, "interestIncome": 4000000, "interestExpense": 304000000, "depreciationAndAmortization": 697000000, "ebitda": 1196000000, "ebitdaratio": 0.2315137437, "operatingIncome": 512000000, "operatingIncomeRatio": 0.0991095625, "totalOtherIncomeExpensesNet": 19000000, "incomeBeforeTax": 231000000, "incomeBeforeTaxRatio": 0.0447154472, "incomeTaxExpense": 21000000, "netIncome": 317000000, "netIncomeRatio": 0.0613627565, "eps": 0.43, "epsdiluted": 0.42, "weightedAverageShsOut": 744400000, "weightedAverageShsOutDil": 747900000, "link": "https://www.sec.gov/Archives/edgar/data/1070750/000095012314002876/0000950123-14-002876-index.htm", "finalLink": "https://www.sec.gov/Archives/edgar/data/1061937/000095012314002876/hst-10k_20131231.htm", "calculatedOtherExpenses": 1946000000, "calculatedOperatingExpenses": 2289000000, "calculatedNetInterest": -300000000, "calculatedOtherIncome": 19000000, "calculatedIncomeNonControlling": -107000000, "calculatedEbitda": 1209000000}, {"date": "2012-12-31", "symbol": "HST", "reportedCurrency": "USD", "cik": "0001070750", "fillingDate": "2013-02-25", "acceptedDate": "2013-02-25 12:03:58", "calendarYear": "2012", "period": "FY", "revenue": 5286000000, "costOfRevenue": 2567000000, "grossProfit": 2719000000, "grossProfitRatio": 0.5143776012, "researchAndDevelopmentExpenses": 0, "generalAndAdministrativeExpenses": 314000000, "sellingAndMarketingExpenses": 0, "sellingGeneralAndAdministrativeExpenses": 314000000, "otherExpenses": 2033000000, "operatingExpenses": 2347000000, "costAndExpenses": 4914000000, "interestIncome": 23000000, "interestExpense": 373000000, "depreciationAndAmortization": 751000000, "ebitda": 1148000000, "ebitdaratio": 0.2171774499, "operatingIncome": 383000000, "operatingIncomeRatio": 0.0724555429, "totalOtherIncomeExpensesNet": 22000000, "incomeBeforeTax": 44000000, "incomeBeforeTaxRatio": 0.0083238744, "incomeTaxExpense": 31000000, "netIncome": 61000000, "netIncomeRatio": 0.0115399168, "eps": 0.08, "epsdiluted": 0.08, "weightedAverageShsOut": 718200000, "weightedAverageShsOutDil": 719600000, "link": "https://www.sec.gov/Archives/edgar/data/1070750/000119312513073292/0001193125-13-073292-index.htm", "finalLink": "https://www.sec.gov/Archives/edgar/data/1061937/000119312513073292/d440990d10k.htm", "calculatedOtherExpenses": 2022000000, "calculatedOperatingExpenses": 2336000000, "calculatedNetInterest": -350000000, "calculatedOtherIncome": 11000000, "calculatedIncomeNonControlling": -48000000, "calculatedEbitda": 1134000000}, {"date": "2011-12-31", "symbol": "HST", "reportedCurrency": "USD", "cik": "0001070750", "fillingDate": "2012-02-22", "acceptedDate": "2012-02-22 14:54:22", "calendarYear": "2011", "period": "FY", "revenue": 4998000000, "costOfRevenue": 3155000000, "grossProfit": 1843000000, "grossProfitRatio": 0.368747499, "researchAndDevelopmentExpenses": 0, "generalAndAdministrativeExpenses": 0, "sellingAndMarketingExpenses": 0, "sellingGeneralAndAdministrativeExpenses": 869000000, "otherExpenses": 650000000, "operatingExpenses": 1519000000, "costAndExpenses": 4674000000, "interestIncome": 20000000, "interestExpense": 371000000, "depreciationAndAmortization": 652000000, "ebitda": 1000000000, "ebitdaratio": 0.200080032, "operatingIncome": 324000000, "operatingIncomeRatio": 0.0648259304, "totalOtherIncomeExpensesNet": 14000000, "incomeBeforeTax": -13000000, "incomeBeforeTaxRatio": -0.0026010404, "incomeTaxExpense": -1000000, "netIncome": -15000000, "netIncomeRatio": -0.0030012005, "eps": -0.0216, "epsdiluted": -0.0216, "weightedAverageShsOut": 693000000, "weightedAverageShsOutDil": 693000000, "link": "https://www.sec.gov/Archives/edgar/data/1070750/000119312512072499/0001193125-12-072499-index.htm", "finalLink": "https://www.sec.gov/Archives/edgar/data/1061937/000119312512072499/d226381d10k.htm", "calculatedOtherExpenses": 650000000, "calculatedOperatingExpenses": 1519000000, "calculatedNetInterest": -351000000, "calculatedOtherIncome": 14000000, "calculatedIncomeNonControlling": 3000000, "calculatedEbitda": 976000000}, {"date": "2010-12-31", "symbol": "HST", "reportedCurrency": "USD", "cik": "0001070750", "fillingDate": "2011-02-24", "acceptedDate": "2011-02-24 16:14:33", "calendarYear": "2010", "period": "FY", "revenue": 4437000000, "costOfRevenue": 2857000000, "grossProfit": 1580000000, "grossProfitRatio": 0.3560964616, "researchAndDevelopmentExpenses": 0, "generalAndAdministrativeExpenses": 0, "sellingAndMarketingExpenses": 0, "sellingGeneralAndAdministrativeExpenses": 768000000, "otherExpenses": 589000000, "operatingExpenses": 1357000000, "costAndExpenses": 4214000000, "interestIncome": 8000000, "interestExpense": 384000000, "depreciationAndAmortization": 592000000, "ebitda": 822000000, "ebitdaratio": 0.185260311, "operatingIncome": 223000000, "operatingIncomeRatio": 0.0502591841, "totalOtherIncomeExpensesNet": -6000000, "incomeBeforeTax": -159000000, "incomeBeforeTaxRatio": -0.0358350237, "incomeTaxExpense": -31000000, "netIncome": -130000000, "netIncomeRatio": -0.029299076, "eps": -0.2, "epsdiluted": -0.2, "weightedAverageShsOut": 656100000, "weightedAverageShsOutDil": 656100000, "link": "https://www.sec.gov/Archives/edgar/data/1070750/000119312511045334/0001193125-11-045334-index.htm", "finalLink": "https://www.sec.gov/Archives/edgar/data/1061937/000119312511045334/d10k.htm", "calculatedOtherExpenses": 589000000, "calculatedOperatingExpenses": 1357000000, "calculatedNetInterest": -376000000, "calculatedOtherIncome": -6000000, "calculatedIncomeNonControlling": 2000000, "calculatedEbitda": 815000000}, {"date": "2009-12-31", "symbol": "HST", "reportedCurrency": "USD", "cik": "0001070750", "fillingDate": "2010-03-01", "acceptedDate": "2010-03-01 09:44:39", "calendarYear": "2009", "period": "FY", "revenue": 4158000000, "costOfRevenue": 1626000000, "grossProfit": 2532000000, "grossProfitRatio": 0.6089466089, "researchAndDevelopmentExpenses": 0, "generalAndAdministrativeExpenses": 1385000000, "sellingAndMarketingExpenses": 387000000, "sellingGeneralAndAdministrativeExpenses": 1772000000, "otherExpenses": -447000000, "operatingExpenses": 2434000000, "costAndExpenses": 4060000000, "interestIncome": 7000000, "interestExpense": 379000000, "depreciationAndAmortization": 662000000, "ebitda": 735000000, "ebitdaratio": 0.1767676768, "operatingIncome": 98000000, "operatingIncomeRatio": 0.0235690236, "totalOtherIncomeExpensesNet": -13000000, "incomeBeforeTax": -287000000, "incomeBeforeTaxRatio": -0.069023569, "incomeTaxExpense": -39000000, "netIncome": -252000000, "netIncomeRatio": -0.0606060606, "eps": -0.43, "epsdiluted": -0.43, "weightedAverageShsOut": 586300000, "weightedAverageShsOutDil": 587200000, "link": "https://www.sec.gov/Archives/edgar/data/1070750/000119312510044002/0001193125-10-044002-index.htm", "finalLink": "https://www.sec.gov/Archives/edgar/data/1070750/000119312510044002/d10k.htm", "calculatedOtherExpenses": 662000000, "calculatedOperatingExpenses": 2434000000, "calculatedNetInterest": -372000000, "calculatedOtherIncome": -13000000, "calculatedIncomeNonControlling": 4000000, "calculatedEbitda": 760000000}, {"date": "2008-12-31", "symbol": "HST", "reportedCurrency": "USD", "cik": "0001070750", "fillingDate": "2009-02-27", "acceptedDate": "2009-02-27 13:28:37", "calendarYear": "2008", "period": "FY", "revenue": 5288000000, "costOfRevenue": 3267000000, "grossProfit": 2021000000, "grossProfitRatio": 0.3821860817, "researchAndDevelopmentExpenses": 0, "generalAndAdministrativeExpenses": 0, "sellingAndMarketingExpenses": 0, "sellingGeneralAndAdministrativeExpenses": 691000000, "otherExpenses": 582000000, "operatingExpenses": 1273000000, "costAndExpenses": 4540000000, "interestIncome": 20000000, "interestExpense": 341000000, "depreciationAndAmortization": 582000000, "ebitda": 1322000000, "ebitdaratio": 0.25, "operatingIncome": 748000000, "operatingIncomeRatio": 0.1414523449, "totalOtherIncomeExpensesNet": -10000000, "incomeBeforeTax": 399000000, "incomeBeforeTaxRatio": 0.0754538578, "incomeTaxExpense": -3000000, "netIncome": 427000000, "netIncomeRatio": 0.0807488654, "eps": 0.74, "epsdiluted": 0.72, "weightedAverageShsOut": 521600000, "weightedAverageShsOutDil": 527400000, "link": "https://www.sec.gov/Archives/edgar/data/1070750/000119312509040623/0001193125-09-040623-index.htm", "finalLink": "https://www.sec.gov/Archives/edgar/data/1070750/000119312509040623/d10k.htm", "calculatedOtherExpenses": 582000000, "calculatedOperatingExpenses": 1273000000, "calculatedNetInterest": -321000000, "calculatedOtherIncome": -28000000, "calculatedIncomeNonControlling": -25000000, "calculatedEbitda": 1330000000}, {"date": "2007-12-31", "symbol": "HST", "reportedCurrency": "USD", "cik": "0001070750", "fillingDate": "2008-02-26", "acceptedDate": "2008-02-25 20:01:38", "calendarYear": "2007", "period": "FY", "revenue": 5426000000, "costOfRevenue": 3273000000, "grossProfit": 2153000000, "grossProfitRatio": 0.3967932178, "researchAndDevelopmentExpenses": 0, "generalAndAdministrativeExpenses": 0, "sellingAndMarketingExpenses": 0, "sellingGeneralAndAdministrativeExpenses": 683000000, "otherExpenses": 517000000, "operatingExpenses": 1200000000, "costAndExpenses": 4473000000, "interestIncome": 37000000, "interestExpense": 422000000, "depreciationAndAmortization": 517000000, "ebitda": 1518000000, "ebitdaratio": 0.2797640988, "operatingIncome": 953000000, "operatingIncomeRatio": 0.1756358275, "totalOtherIncomeExpensesNet": -15000000, "incomeBeforeTax": 553000000, "incomeBeforeTaxRatio": 0.1019166974, "incomeTaxExpense": 3000000, "netIncome": 727000000, "netIncomeRatio": 0.133984519, "eps": 1.35, "epsdiluted": 1.3, "weightedAverageShsOut": 533560095, "weightedAverageShsOutDil": 566875665, "link": "https://www.sec.gov/Archives/edgar/data/1070750/000119312508037704/0001193125-08-037704-index.htm", "finalLink": "https://www.sec.gov/Archives/edgar/data/1070750/000119312508037704/d10k.htm", "calculatedOtherExpenses": 517000000, "calculatedOperatingExpenses": 1200000000, "calculatedNetInterest": -385000000, "calculatedOtherIncome": -15000000, "calculatedIncomeNonControlling": -177000000, "calculatedEbitda": 1470000000}, {"date": "2006-12-31", "symbol": "HST", "reportedCurrency": "USD", "cik": "0001070750", "fillingDate": "2007-02-27", "acceptedDate": "2007-02-27 11:37:26", "calendarYear": "2006", "period": "FY", "revenue": 4888000000, "costOfRevenue": 1774000000, "grossProfit": 3114000000, "grossProfitRatio": 0.6370703764, "researchAndDevelopmentExpenses": 0, "generalAndAdministrativeExpenses": 0, "sellingAndMarketingExpenses": 0, "sellingGeneralAndAdministrativeExpenses": 322000000, "otherExpenses": 2015000000, "operatingExpenses": 2337000000, "costAndExpenses": 4111000000, "interestIncome": 0, "interestExpense": 0, "depreciationAndAmortization": 459000000, "ebitda": 1282000000, "ebitdaratio": 0.2622749591, "operatingIncome": 777000000, "operatingIncomeRatio": 0.1589607201, "totalOtherIncomeExpensesNet": -46000000, "incomeBeforeTax": 314000000, "incomeBeforeTaxRatio": 0.0642389525, "incomeTaxExpense": 5000000, "netIncome": 738000000, "netIncomeRatio": 0.1509819967, "eps": 1.46, "epsdiluted": 1.45, "weightedAverageShsOut": 492375510, "weightedAverageShsOutDil": 494419410, "link": "https://www.sec.gov/Archives/edgar/data/1070750/000119312507040653/0001193125-07-040653-index.htm", "finalLink": "https://www.sec.gov/Archives/edgar/data/1070750/000119312507040653/d10k.htm", "calculatedOtherExpenses": 2015000000, "calculatedOperatingExpenses": 2337000000, "calculatedNetInterest": 0, "calculatedOtherIncome": -463000000, "calculatedIncomeNonControlling": -429000000, "calculatedEbitda": 1236000000}, {"date": "2005-12-31", "symbol": "HST", "reportedCurrency": "USD", "cik": "0001070750", "fillingDate": "2006-03-10", "acceptedDate": "2006-03-10 16:20:27", "calendarYear": "2005", "period": "FY", "revenue": 3881000000, "costOfRevenue": 1443000000, "grossProfit": 2438000000, "grossProfitRatio": 0.6281886112, "researchAndDevelopmentExpenses": 0, "generalAndAdministrativeExpenses": 0, "sellingAndMarketingExpenses": 0, "sellingGeneralAndAdministrativeExpenses": 170000000, "otherExpenses": 1749000000, "operatingExpenses": 1919000000, "costAndExpenses": 3362000000, "interestIncome": 0, "interestExpense": 0, "depreciationAndAmortization": 373000000, "ebitda": 827000000, "ebitdaratio": 0.2130894099, "operatingIncome": 519000000, "operatingIncomeRatio": 0.1337284205, "totalOtherIncomeExpensesNet": 65000000, "incomeBeforeTax": 162000000, "incomeBeforeTaxRatio": 0.0417418191, "incomeTaxExpense": 24000000, "netIncome": 166000000, "netIncomeRatio": 0.0427724813, "eps": 0.37, "epsdiluted": 0.37, "weightedAverageShsOut": 363061184, "weightedAverageShsOutDil": 363061184, "link": "https://www.sec.gov/Archives/edgar/data/1070750/000119312506051055/0001193125-06-051055-index.htm", "finalLink": "https://www.sec.gov/Archives/edgar/data/1070750/000119312506051055/d10k.htm", "calculatedOtherExpenses": 1749000000, "calculatedOperatingExpenses": 1919000000, "calculatedNetInterest": 0, "calculatedOtherIncome": -357000000, "calculatedIncomeNonControlling": -28000000, "calculatedEbitda": 892000000}, {"date": "2004-12-31", "symbol": "HST", "reportedCurrency": "USD", "cik": "0001070750", "fillingDate": "2005-03-01", "acceptedDate": "2005-03-01 16:16:10", "calendarYear": "2004", "period": "FY", "revenue": 3640000000, "costOfRevenue": 1392000000, "grossProfit": 2248000000, "grossProfitRatio": 0.6175824176, "researchAndDevelopmentExpenses": 0, "generalAndAdministrativeExpenses": 0, "sellingAndMarketingExpenses": 0, "sellingGeneralAndAdministrativeExpenses": 212000000, "otherExpenses": 1629000000, "operatingExpenses": 1841000000, "costAndExpenses": 3233000000, "interestIncome": 0, "interestExpense": 0, "depreciationAndAmortization": 354000000, "ebitda": 770000000, "ebitdaratio": 0.2115384615, "operatingIncome": 407000000, "operatingIncomeRatio": 0.1118131868, "totalOtherIncomeExpensesNet": -9000000, "incomeBeforeTax": -74000000, "incomeBeforeTaxRatio": -0.0203296703, "incomeTaxExpense": -10000000, "netIncome": -64000000, "netIncomeRatio": -0.0175824176, "eps": -0.18, "epsdiluted": -0.18, "weightedAverageShsOut": 349166250, "weightedAverageShsOutDil": 349166250, "link": "https://www.sec.gov/Archives/edgar/data/1070750/000119312505039824/0001193125-05-039824-index.htm", "finalLink": "https://www.sec.gov/Archives/edgar/data/1070750/000119312505039824/d10k.htm", "calculatedOtherExpenses": 1629000000, "calculatedOperatingExpenses": 1841000000, "calculatedNetInterest": 0, "calculatedOtherIncome": -481000000, "calculatedIncomeNonControlling": 0, "calculatedEbitda": 761000000}, {"date": "2003-12-31", "symbol": "HST", "reportedCurrency": "USD", "cik": "0001070750", "fillingDate": "2004-03-02", "acceptedDate": "2004-03-02 17:27:25", "calendarYear": "2003", "period": "FY", "revenue": 3448000000, "costOfRevenue": 1331000000, "grossProfit": 2117000000, "grossProfitRatio": 0.6139791183, "researchAndDevelopmentExpenses": 0, "generalAndAdministrativeExpenses": 199000000, "sellingAndMarketingExpenses": 0, "sellingGeneralAndAdministrativeExpenses": 199000000, "otherExpenses": 1602000000, "operatingExpenses": 1801000000, "costAndExpenses": 3132000000, "interestIncome": 0, "interestExpense": 0, "depreciationAndAmortization": 367000000, "ebitda": 756000000, "ebitdaratio": 0.2192575406, "operatingIncome": 316000000, "operatingIncomeRatio": 0.0916473318, "totalOtherIncomeExpensesNet": -73000000, "incomeBeforeTax": -237000000, "incomeBeforeTaxRatio": -0.0687354988, "incomeTaxExpense": -12000000, "netIncome": 14000000, "netIncomeRatio": 0.0040603248, "eps": -0.0685, "epsdiluted": -0.0685, "weightedAverageShsOut": 306585000, "weightedAverageShsOutDil": 306585000, "link": "https://www.sec.gov/Archives/edgar/data/1070750/000119312504033132/0001193125-04-033132-index.htm", "finalLink": "https://www.sec.gov/Archives/edgar/data/1070750/000119312504033132/d10k.htm", "calculatedOtherExpenses": 1602000000, "calculatedOperatingExpenses": 1801000000, "calculatedNetInterest": 0, "calculatedOtherIncome": -553000000, "calculatedIncomeNonControlling": -239000000, "calculatedEbitda": 683000000}, {"date": "2002-12-31", "symbol": "HST", "reportedCurrency": "USD", "cik": "0001070750", "fillingDate": "2003-03-31", "acceptedDate": "2003-03-31 13:30:58", "calendarYear": "2002", "period": "FY", "revenue": 3680000000, "costOfRevenue": 1380000000, "grossProfit": 2300000000, "grossProfitRatio": 0.625, "researchAndDevelopmentExpenses": 0, "generalAndAdministrativeExpenses": 161000000, "sellingAndMarketingExpenses": 0, "sellingGeneralAndAdministrativeExpenses": 161000000, "otherExpenses": 1673000000, "operatingExpenses": 1834000000, "costAndExpenses": 3214000000, "interestIncome": 0, "interestExpense": 0, "depreciationAndAmortization": 372000000, "ebitda": 881000000, "ebitdaratio": 0.2394021739, "operatingIncome": 466000000, "operatingIncomeRatio": 0.1266304348, "totalOtherIncomeExpensesNet": -43000000, "incomeBeforeTax": -23000000, "incomeBeforeTaxRatio": -0.00625, "incomeTaxExpense": 6000000, "netIncome": -16000000, "netIncomeRatio": -0.0043478261, "eps": -0.0583, "epsdiluted": -0.0583, "weightedAverageShsOut": 274312895, "weightedAverageShsOutDil": 274312895, "link": "https://www.sec.gov/Archives/edgar/data/1070750/000092838503000981/0000928385-03-000981-index.htm", "finalLink": "https://www.sec.gov/Archives/edgar/data/1070750/000092838503000981/d10k.htm", "calculatedOtherExpenses": 1673000000, "calculatedOperatingExpenses": 1834000000, "calculatedNetInterest": 0, "calculatedOtherIncome": -489000000, "calculatedIncomeNonControlling": -13000000, "calculatedEbitda": 838000000}, {"date": "2001-12-31", "symbol": "HST", "reportedCurrency": "USD", "cik": "0001070750", "fillingDate": "2002-03-29", "acceptedDate": "2002-03-29 00:00:00", "calendarYear": "2001", "period": "FY", "revenue": 3754000000, "costOfRevenue": 1384000000, "grossProfit": 2370000000, "grossProfitRatio": 0.631326585, "researchAndDevelopmentExpenses": 0, "generalAndAdministrativeExpenses": 177000000, "sellingAndMarketingExpenses": 0, "sellingGeneralAndAdministrativeExpenses": 177000000, "otherExpenses": 1662000000, "operatingExpenses": 1839000000, "costAndExpenses": 3223000000, "interestIncome": 0, "interestExpense": 0, "depreciationAndAmortization": 378000000, "ebitda": 955000000, "ebitdaratio": 0.2543953117, "operatingIncome": 531000000, "operatingIncomeRatio": 0.1414491209, "totalOtherIncomeExpensesNet": -46000000, "incomeBeforeTax": 61000000, "incomeBeforeTaxRatio": 0.016249334, "incomeTaxExpense": 8000000, "netIncome": 51000000, "netIncomeRatio": 0.0135855088, "eps": 0.0783, "epsdiluted": 0.0783, "weightedAverageShsOut": 242713125, "weightedAverageShsOutDil": 294628185, "link": "https://www.sec.gov/Archives/edgar/data/1070750/000092838502001193/0000928385-02-001193-index.htm", "finalLink": "https://www.sec.gov/Archives/edgar/data/1070750/000092838502001193/d10k.txt", "calculatedOtherExpenses": 1662000000, "calculatedOperatingExpenses": 1839000000, "calculatedNetInterest": 0, "calculatedOtherIncome": -470000000, "calculatedIncomeNonControlling": 2000000, "calculatedEbitda": 909000000}, {"date": "2000-12-31", "symbol": "HST", "reportedCurrency": "USD", "cik": "0001070750", "fillingDate": "2001-04-02", "acceptedDate": "2001-04-02 00:00:00", "calendarYear": "2000", "period": "FY", "revenue": 1473000000, "costOfRevenue": 0, "grossProfit": 1473000000, "grossProfitRatio": 1, "researchAndDevelopmentExpenses": 0, "generalAndAdministrativeExpenses": 32000000, "sellingAndMarketingExpenses": 0, "sellingGeneralAndAdministrativeExpenses": 32000000, "otherExpenses": 947000000, "operatingExpenses": 979000000, "costAndExpenses": 979000000, "interestIncome": 0, "interestExpense": 0, "depreciationAndAmortization": 331000000, "ebitda": 825000000, "ebitdaratio": 0.5600814664, "operatingIncome": 494000000, "operatingIncomeRatio": 0.3353699932, "totalOtherIncomeExpensesNet": -433000000, "incomeBeforeTax": 61000000, "incomeBeforeTaxRatio": 0.0414120842, "incomeTaxExpense": -98000000, "netIncome": 156000000, "netIncomeRatio": 0.1059063136, "eps": 0.63, "epsdiluted": 0.62, "weightedAverageShsOut": 225148359, "weightedAverageShsOutDil": 228722143, "link": "https://www.sec.gov/Archives/edgar/data/1070750/000092838501000958/0000928385-01-000958-index.htm", "finalLink": "https://www.sec.gov/Archives/edgar/data/1070750/000092838501000958/0000928385-01-000958-0001.txt", "calculatedOtherExpenses": 947000000, "calculatedOperatingExpenses": 979000000, "calculatedNetInterest": 0, "calculatedOtherIncome": -433000000, "calculatedIncomeNonControlling": 3000000, "calculatedEbitda": 825000000}, {"date": "1999-12-31", "symbol": "HST", "reportedCurrency": "USD", "cik": "0001070750", "fillingDate": "2000-03-16", "acceptedDate": "2000-03-16 00:00:00", "calendarYear": "1999", "period": "FY", "revenue": 1376000000, "costOfRevenue": 0, "grossProfit": 1376000000, "grossProfitRatio": 1, "researchAndDevelopmentExpenses": 0, "generalAndAdministrativeExpenses": 37000000, "sellingAndMarketingExpenses": 0, "sellingGeneralAndAdministrativeExpenses": 37000000, "otherExpenses": 729000000, "operatingExpenses": 766000000, "costAndExpenses": 766000000, "interestIncome": 0, "interestExpense": 0, "depreciationAndAmortization": 293000000, "ebitda": 903000000, "ebitdaratio": 0.65625, "operatingIncome": 610000000, "operatingIncomeRatio": 0.4433139535, "totalOtherIncomeExpensesNet": -430000000, "incomeBeforeTax": 180000000, "incomeBeforeTaxRatio": 0.1308139535, "incomeTaxExpense": -16000000, "netIncome": 211000000, "netIncomeRatio": 0.1533430233, "eps": 0.93, "epsdiluted": 0.9, "weightedAverageShsOut": 232359158, "weightedAverageShsOutDil": 239936087, "link": "https://www.sec.gov/Archives/edgar/data/1070750/000095010900000975/0000950109-00-000975-index.html", "finalLink": "https://www.sec.gov/Archives/edgar/data/1070750/000095010900000975/", "calculatedOtherExpenses": 729000000, "calculatedOperatingExpenses": 766000000, "calculatedNetInterest": 0, "calculatedOtherIncome": -430000000, "calculatedIncomeNonControlling": -15000000, "calculatedEbitda": 903000000}, {"date": "1998-12-31", "symbol": "HST", "reportedCurrency": "USD", "cik": "0001070750", "fillingDate": "1999-03-26", "acceptedDate": "1999-03-26 00:00:00", "calendarYear": "1998", "period": "FY", "revenue": 3513000000, "costOfRevenue": 1255000000, "grossProfit": 2258000000, "grossProfitRatio": 0.6427554796, "researchAndDevelopmentExpenses": 0, "generalAndAdministrativeExpenses": 0, "sellingAndMarketingExpenses": 0, "sellingGeneralAndAdministrativeExpenses": 50000000, "otherExpenses": 1589000000, "operatingExpenses": 1639000000, "costAndExpenses": 2894000000, "interestIncome": 0, "interestExpense": 0, "depreciationAndAmortization": 243000000, "ebitda": 1023000000, "ebitdaratio": 0.2912040991, "operatingIncome": 661000000, "operatingIncomeRatio": 0.1881582693, "totalOtherIncomeExpensesNet": -161000000, "incomeBeforeTax": 174000000, "incomeBeforeTaxRatio": 0.049530316, "incomeTaxExpense": -20000000, "netIncome": 47000000, "netIncomeRatio": 0.0133788785, "eps": 0.22, "epsdiluted": 0.22, "weightedAverageShsOut": 218325682, "weightedAverageShsOutDil": 218325682, "link": "https://www.sec.gov/Archives/edgar/data/1070750/000095010999001064/0000950109-99-001064-index.html", "finalLink": "https://www.sec.gov/Archives/edgar/data/1070750/", "calculatedOtherExpenses": 1547000000, "calculatedOperatingExpenses": 1597000000, "calculatedNetInterest": 0, "calculatedOtherIncome": -487000000, "calculatedIncomeNonControlling": 147000000, "calculatedEbitda": 904000000}, {"date": "1997-12-31", "symbol": "HST", "reportedCurrency": "USD", "cik": "0001070750", "fillingDate": "1997-12-31", "acceptedDate": "1997-12-30 19:00:00", "calendarYear": "1997", "period": "FY", "revenue": 1147000000, "costOfRevenue": 462000000, "grossProfit": 685000000, "grossProfitRatio": 0.5972101133, "researchAndDevelopmentExpenses": 0, "generalAndAdministrativeExpenses": 0, "sellingAndMarketingExpenses": 0, "sellingGeneralAndAdministrativeExpenses": 47000000, "otherExpenses": 236000000, "operatingExpenses": 283000000, "costAndExpenses": 745000000, "interestIncome": 0, "interestExpense": 0, "depreciationAndAmortization": -236000000, "ebitda": 623000000, "ebitdaratio": 0.5431560593, "operatingIncome": 402000000, "operatingIncomeRatio": 0.3504795118, "totalOtherIncomeExpensesNet": 15000000, "incomeBeforeTax": 83000000, "incomeBeforeTaxRatio": 0.0723626853, "incomeTaxExpense": 36000000, "netIncome": 50000000, "netIncomeRatio": 0.0435919791, "eps": 0.23, "epsdiluted": 0.23, "weightedAverageShsOut": 210067500, "weightedAverageShsOutDil": 210067500, "link": "", "finalLink": "", "calculatedOtherExpenses": 236000000, "calculatedOperatingExpenses": 283000000, "calculatedNetInterest": 0, "calculatedOtherIncome": -319000000, "calculatedIncomeNonControlling": -3000000, "calculatedEbitda": 166000000}, {"date": "1996-12-31", "symbol": "HST", "reportedCurrency": "USD", "cik": "0001070750", "fillingDate": "1996-12-31", "acceptedDate": "1996-12-30 19:00:00", "calendarYear": "1996", "period": "FY", "revenue": 732000000, "costOfRevenue": 337000000, "grossProfit": 395000000, "grossProfitRatio": 0.5396174863, "researchAndDevelopmentExpenses": 0, "generalAndAdministrativeExpenses": 0, "sellingAndMarketingExpenses": 0, "sellingGeneralAndAdministrativeExpenses": 43000000, "otherExpenses": 162000000, "operatingExpenses": 205000000, "costAndExpenses": 542000000, "interestIncome": 0, "interestExpense": 0, "depreciationAndAmortization": -162000000, "ebitda": 307000000, "ebitdaratio": 0.4193989071, "operatingIncome": 190000000, "operatingIncomeRatio": 0.2595628415, "totalOtherIncomeExpensesNet": 45000000, "incomeBeforeTax": -8000000, "incomeBeforeTaxRatio": -0.0109289617, "incomeTaxExpense": 5000000, "netIncome": -13000000, "netIncomeRatio": -0.0177595628, "eps": -0.0727, "epsdiluted": -0.0727, "weightedAverageShsOut": 178841250, "weightedAverageShsOutDil": 178841250, "link": "", "finalLink": "", "calculatedOtherExpenses": 162000000, "calculatedOperatingExpenses": 205000000, "calculatedNetInterest": 0, "calculatedOtherIncome": -198000000, "calculatedIncomeNonControlling": 0, "calculatedEbitda": 28000000}, {"date": "1995-12-31", "symbol": "HST", "reportedCurrency": "USD", "cik": "0001070750", "fillingDate": "1995-12-31", "acceptedDate": "1995-12-30 19:00:00", "calendarYear": "1995", "period": "FY", "revenue": 484000000, "costOfRevenue": 248000000, "grossProfit": 236000000, "grossProfitRatio": 0.4876033058, "researchAndDevelopmentExpenses": 0, "generalAndAdministrativeExpenses": 0, "sellingAndMarketingExpenses": 0, "sellingGeneralAndAdministrativeExpenses": 36000000, "otherExpenses": 122000000, "operatingExpenses": 158000000, "costAndExpenses": 406000000, "interestIncome": 0, "interestExpense": 0, "depreciationAndAmortization": -122000000, "ebitda": 173000000, "ebitdaratio": 0.3574380165, "operatingIncome": 78000000, "operatingIncomeRatio": 0.1611570248, "totalOtherIncomeExpensesNet": 27000000, "incomeBeforeTax": -75000000, "incomeBeforeTaxRatio": -0.1549586777, "incomeTaxExpense": -13000000, "netIncome": -143000000, "netIncomeRatio": -0.2954545455, "eps": -0.88, "epsdiluted": -0.88, "weightedAverageShsOut": 162376500, "weightedAverageShsOutDil": 162376500, "link": "", "finalLink": "", "calculatedOtherExpenses": 122000000, "calculatedOperatingExpenses": 158000000, "calculatedNetInterest": 0, "calculatedOtherIncome": -153000000, "calculatedIncomeNonControlling": 81000000, "calculatedEbitda": -44000000}, {"date": "1994-12-31", "symbol": "HST", "reportedCurrency": "USD", "cik": "0001070750", "fillingDate": "1994-12-31", "acceptedDate": "1994-12-30 19:00:00", "calendarYear": "1994", "period": "FY", "revenue": 1501000000, "costOfRevenue": 1141000000, "grossProfit": 360000000, "grossProfitRatio": 0.2398401066, "researchAndDevelopmentExpenses": 0, "generalAndAdministrativeExpenses": 0, "sellingAndMarketingExpenses": 0, "sellingGeneralAndAdministrativeExpenses": 37000000, "otherExpenses": 169000000, "operatingExpenses": 206000000, "costAndExpenses": 1347000000, "interestIncome": 0, "interestExpense": 0, "depreciationAndAmortization": -169000000, "ebitda": 294000000, "ebitdaratio": 0.1958694204, "operatingIncome": 154000000, "operatingIncomeRatio": 0.1025982678, "totalOtherIncomeExpensesNet": 29000000, "incomeBeforeTax": -23000000, "incomeBeforeTaxRatio": -0.0153231179, "incomeTaxExpense": -4000000, "netIncome": -25000000, "netIncomeRatio": -0.016655563, "eps": -0.17, "epsdiluted": -0.17, "weightedAverageShsOut": 150286765, "weightedAverageShsOutDil": 150286765, "link": "", "finalLink": "", "calculatedOtherExpenses": 169000000, "calculatedOperatingExpenses": 206000000, "calculatedNetInterest": 0, "calculatedOtherIncome": -177000000, "calculatedIncomeNonControlling": 6000000, "calculatedEbitda": -15000000}, {"date": "1993-12-31", "symbol": "HST", "reportedCurrency": "USD", "cik": "0001070750", "fillingDate": "1993-12-31", "acceptedDate": "1993-12-30 19:00:00", "calendarYear": "1993", "period": "FY", "revenue": 1354000000, "costOfRevenue": 1054000000, "grossProfit": 300000000, "grossProfitRatio": 0.2215657312, "researchAndDevelopmentExpenses": 0, "generalAndAdministrativeExpenses": 0, "sellingAndMarketingExpenses": 0, "sellingGeneralAndAdministrativeExpenses": 28000000, "otherExpenses": 178000000, "operatingExpenses": 206000000, "costAndExpenses": 1260000000, "interestIncome": 0, "interestExpense": 0, "depreciationAndAmortization": -178000000, "ebitda": 246000000, "ebitdaratio": 0.1816838996, "operatingIncome": 94000000, "operatingIncomeRatio": 0.0694239291, "totalOtherIncomeExpensesNet": 26000000, "incomeBeforeTax": -70000000, "incomeBeforeTaxRatio": -0.0516986706, "incomeTaxExpense": -10000000, "netIncome": -60000000, "netIncomeRatio": -0.0443131462, "eps": -0.47, "epsdiluted": -0.47, "weightedAverageShsOut": 128254725, "weightedAverageShsOutDil": 128254725, "link": "", "finalLink": "", "calculatedOtherExpenses": 178000000, "calculatedOperatingExpenses": 206000000, "calculatedNetInterest": 0, "calculatedOtherIncome": -164000000, "calculatedIncomeNonControlling": 0, "calculatedEbitda": -84000000}]}