{"originalCurrency": "USD", "convertedCurrency": "USD", "report": [{"date": "2023-12-31", "symbol": "HTH", "reportedCurrency": "USD", "cik": "0001265131", "fillingDate": "2024-02-14", "acceptedDate": "2024-02-14 16:16:29", "calendarYear": "2023", "period": "FY", "revenue": 1132097000, "costOfRevenue": 293722000, "grossProfit": 838375000, "grossProfitRatio": 0.7405505005, "researchAndDevelopmentExpenses": 0, "generalAndAdministrativeExpenses": 678310000, "sellingAndMarketingExpenses": 11282000, "sellingGeneralAndAdministrativeExpenses": 678310000, "otherExpenses": -1367566000, "operatingExpenses": -689256000, "costAndExpenses": -395534000, "interestIncome": 838375000, "interestExpense": 371528000, "depreciationAndAmortization": 19630000, "ebitda": 149119000, "ebitdaratio": 0.1317192785, "operatingIncome": 149119000, "operatingIncomeRatio": 0.1317192785, "totalOtherIncomeExpensesNet": 149119000, "incomeBeforeTax": 149119000, "incomeBeforeTaxRatio": 0.1317192785, "incomeTaxExpense": 31140000, "netIncome": 109646000, "netIncomeRatio": 0.0968521249, "eps": 1.69, "epsdiluted": 1.69, "weightedAverageShsOut": 65043000, "weightedAverageShsOutDil": 65045000, "link": "https://www.sec.gov/Archives/edgar/data/1265131/000155837024001160/0001558370-24-001160-index.htm", "finalLink": "https://www.sec.gov/Archives/edgar/data/1265131/000155837024001160/hth-20231231x10k.htm", "calculatedOtherExpenses": 10946000, "calculatedOperatingExpenses": 689256000, "calculatedNetInterest": 466847000, "calculatedOtherIncome": -466847000, "calculatedIncomeNonControlling": 8333000, "calculatedEbitda": 168749000}, {"date": "2022-12-31", "symbol": "HTH", "reportedCurrency": "USD", "cik": "0001265131", "fillingDate": "2023-02-17", "acceptedDate": "2023-02-17 16:36:14", "calendarYear": "2022", "period": "FY", "revenue": 700319000, "costOfRevenue": 0, "grossProfit": 700319000, "grossProfitRatio": 1, "researchAndDevelopmentExpenses": 0, "generalAndAdministrativeExpenses": 773688000, "sellingAndMarketingExpenses": 12550000, "sellingGeneralAndAdministrativeExpenses": 773688000, "otherExpenses": -1185739000, "operatingExpenses": -412051000, "costAndExpenses": -412051000, "interestIncome": 591116000, "interestExpense": 132141000, "depreciationAndAmortization": 32625000, "ebitda": 320893000, "ebitdaratio": 0.4582097587, "operatingIncome": 288268000, "operatingIncomeRatio": 0.4116238457, "totalOtherIncomeExpensesNet": -132141000, "incomeBeforeTax": 156127000, "incomeBeforeTaxRatio": 0.2229369759, "incomeTaxExpense": 36833000, "netIncome": 113134000, "netIncomeRatio": 0.161546381, "eps": 1.61, "epsdiluted": 1.6, "weightedAverageShsOut": 70434000, "weightedAverageShsOutDil": 70626000, "link": "https://www.sec.gov/Archives/edgar/data/1265131/000155837023001524/0001558370-23-001524-index.htm", "finalLink": "https://www.sec.gov/Archives/edgar/data/1265131/000155837023001524/hth-20221231x10k.htm", "calculatedOtherExpenses": -361637000, "calculatedOperatingExpenses": 412051000, "calculatedNetInterest": 458975000, "calculatedOtherIncome": -591116000, "calculatedIncomeNonControlling": 6160000, "calculatedEbitda": 320893000}, {"date": "2021-12-31", "symbol": "HTH", "reportedCurrency": "USD", "cik": "0001265131", "fillingDate": "2022-02-15", "acceptedDate": "2022-02-15 16:16:38", "calendarYear": "2021", "period": "FY", "revenue": 1833257000, "costOfRevenue": 0, "grossProfit": 1833257000, "grossProfitRatio": 1, "researchAndDevelopmentExpenses": 0, "generalAndAdministrativeExpenses": 1007235000, "sellingAndMarketingExpenses": 11998000, "sellingGeneralAndAdministrativeExpenses": 1007235000, "otherExpenses": -2348021000, "operatingExpenses": -1340786000, "costAndExpenses": -1340786000, "interestIncome": 529973000, "interestExpense": 106991000, "depreciationAndAmortization": 24628000, "ebitda": 517099000, "ebitdaratio": 0.2820657442, "operatingIncome": 492471000, "operatingIncomeRatio": 0.2686317303, "totalOtherIncomeExpensesNet": 11601000, "incomeBeforeTax": 504072000, "incomeBeforeTaxRatio": 0.274959812, "incomeTaxExpense": 117976000, "netIncome": 374495000, "netIncomeRatio": 0.2042785054, "eps": 4.64, "epsdiluted": 4.61, "weightedAverageShsOut": 80708000, "weightedAverageShsOutDil": 81173000, "link": "https://www.sec.gov/Archives/edgar/data/1265131/000155837022001187/0001558370-22-001187-index.htm", "finalLink": "https://www.sec.gov/Archives/edgar/data/1265131/000155837022001187/hth-20211231x10k.htm", "calculatedOtherExpenses": 333551000, "calculatedOperatingExpenses": 1340786000, "calculatedNetInterest": 422982000, "calculatedOtherIncome": -411381000, "calculatedIncomeNonControlling": 11601000, "calculatedEbitda": 517099000}, {"date": "2020-12-31", "symbol": "HTH", "reportedCurrency": "USD", "cik": "0001265131", "fillingDate": "2021-02-17", "acceptedDate": "2021-02-16 20:17:40", "calendarYear": "2020", "period": "FY", "revenue": 2114646000, "costOfRevenue": 0, "grossProfit": 2114646000, "grossProfitRatio": 1, "researchAndDevelopmentExpenses": 0, "generalAndAdministrativeExpenses": 1059645000, "sellingAndMarketingExpenses": 10190000, "sellingGeneralAndAdministrativeExpenses": 1059645000, "otherExpenses": -2593384000, "operatingExpenses": -1533739000, "costAndExpenses": -1533739000, "interestIncome": 546495000, "interestExpense": 122329000, "depreciationAndAmortization": 21930000, "ebitda": 602837000, "ebitdaratio": 0.2850770294, "operatingIncome": 580907000, "operatingIncomeRatio": 0.2747064993, "totalOtherIncomeExpensesNet": -16555000, "incomeBeforeTax": 564352000, "incomeBeforeTaxRatio": 0.2668777658, "incomeTaxExpense": 133071000, "netIncome": 447836000, "netIncomeRatio": 0.2117782362, "eps": 4.6, "epsdiluted": 4.6, "weightedAverageShsOut": 89280000, "weightedAverageShsOutDil": 89304000, "link": "https://www.sec.gov/Archives/edgar/data/1265131/000155837021001105/0001558370-21-001105-index.htm", "finalLink": "https://www.sec.gov/Archives/edgar/data/1265131/000155837021001105/hth-20201231x10k.htm", "calculatedOtherExpenses": 474094000, "calculatedOperatingExpenses": 1533739000, "calculatedNetInterest": 424166000, "calculatedOtherIncome": -440721000, "calculatedIncomeNonControlling": -16555000, "calculatedEbitda": 602837000}, {"date": "2019-12-31", "symbol": "HTH", "reportedCurrency": "USD", "cik": "0001265131", "fillingDate": "2020-02-27", "acceptedDate": "2020-02-27 16:58:33", "calendarYear": "2019", "period": "FY", "revenue": 1647322000, "costOfRevenue": 0, "grossProfit": 1647322000, "grossProfitRatio": 1, "researchAndDevelopmentExpenses": 0, "generalAndAdministrativeExpenses": 925205000, "sellingAndMarketingExpenses": 12940000, "sellingGeneralAndAdministrativeExpenses": 925205000, "otherExpenses": -2279904000, "operatingExpenses": -1354699000, "costAndExpenses": -1354699000, "interestIncome": 614829000, "interestExpense": 173523000, "depreciationAndAmortization": 1160000, "ebitda": 293783000, "ebitdaratio": 0.1783397539, "operatingIncome": 292623000, "operatingIncomeRatio": 0.1776355807, "totalOtherIncomeExpensesNet": 7686000, "incomeBeforeTax": 300309000, "incomeBeforeTaxRatio": 0.1823013351, "incomeTaxExpense": 67332000, "netIncome": 225291000, "netIncomeRatio": 0.1367619688, "eps": 2.44, "epsdiluted": 2.44, "weightedAverageShsOut": 92345000, "weightedAverageShsOutDil": 92394000, "link": "https://www.sec.gov/Archives/edgar/data/1265131/000155837020001651/0001558370-20-001651-index.htm", "finalLink": "https://www.sec.gov/Archives/edgar/data/1265131/000155837020001651/hth-20191231x10k08cf14.htm", "calculatedOtherExpenses": 429494000, "calculatedOperatingExpenses": 1354699000, "calculatedNetInterest": 441306000, "calculatedOtherIncome": -433620000, "calculatedIncomeNonControlling": 7686000, "calculatedEbitda": 293783000}, {"date": "2018-12-31", "symbol": "HTH", "reportedCurrency": "USD", "cik": "0001265131", "fillingDate": "2019-02-15", "acceptedDate": "2019-02-15 17:10:13", "calendarYear": "2018", "period": "FY", "revenue": 1459114000, "costOfRevenue": 62591000, "grossProfit": 1396523000, "grossProfitRatio": 0.9571034203, "researchAndDevelopmentExpenses": 0, "generalAndAdministrativeExpenses": 848035000, "sellingAndMarketingExpenses": 15853000, "sellingGeneralAndAdministrativeExpenses": 848035000, "otherExpenses": -2043133000, "operatingExpenses": -1096928000, "costAndExpenses": -1096928000, "interestIncome": 579428000, "interestExpense": 143104000, "depreciationAndAmortization": -2345000, "ebitda": 297250000, "ebitdaratio": 0.2037195175, "operatingIncome": 299595000, "operatingIncomeRatio": 0.2053266571, "totalOtherIncomeExpensesNet": -138818000, "incomeBeforeTax": 160777000, "incomeBeforeTaxRatio": 0.1101881004, "incomeTaxExpense": 35050000, "netIncome": 121441000, "netIncomeRatio": 0.0832292748, "eps": 1.28, "epsdiluted": 1.28, "weightedAverageShsOut": 94969000, "weightedAverageShsOutDil": 95067000, "link": "https://www.sec.gov/Archives/edgar/data/1265131/000155837019000715/0001558370-19-000715-index.htm", "finalLink": "https://www.sec.gov/Archives/edgar/data/1265131/000155837019000715/hth-20181231x10k.htm", "calculatedOtherExpenses": 248893000, "calculatedOperatingExpenses": 1096928000, "calculatedNetInterest": 436324000, "calculatedOtherIncome": -575142000, "calculatedIncomeNonControlling": 4286000, "calculatedEbitda": 297250000}, {"date": "2017-12-31", "symbol": "HTH", "reportedCurrency": "USD", "cik": "0001265131", "fillingDate": "2018-02-15", "acceptedDate": "2018-02-15 17:10:39", "calendarYear": "2017", "period": "FY", "revenue": 1626812000, "costOfRevenue": 85886000, "grossProfit": 1540926000, "grossProfitRatio": 0.9472059464, "researchAndDevelopmentExpenses": 0, "generalAndAdministrativeExpenses": 911695000, "sellingAndMarketingExpenses": 18619000, "sellingGeneralAndAdministrativeExpenses": 911695000, "otherExpenses": -2124527000, "operatingExpenses": -1212832000, "costAndExpenses": 85886000, "interestIncome": 507156000, "interestExpense": 85408000, "depreciationAndAmortization": -13869000, "ebitda": 314225000, "ebitdaratio": 0.1931538494, "operatingIncome": 328094000, "operatingIncomeRatio": 0.2016791123, "totalOtherIncomeExpensesNet": -84808000, "incomeBeforeTax": 243286000, "incomeBeforeTaxRatio": 0.1495477043, "incomeTaxExpense": 110142000, "netIncome": 132544000, "netIncomeRatio": 0.0814746879, "eps": 1.36, "epsdiluted": 1.36, "weightedAverageShsOut": 97137000, "weightedAverageShsOutDil": 97353000, "link": "https://www.sec.gov/Archives/edgar/data/1265131/000155837018000726/0001558370-18-000726-index.htm", "finalLink": "https://www.sec.gov/Archives/edgar/data/1265131/000155837018000726/hth-20171231x10k.htm", "calculatedOtherExpenses": 301137000, "calculatedOperatingExpenses": 1212832000, "calculatedNetInterest": 421748000, "calculatedOtherIncome": -506556000, "calculatedIncomeNonControlling": 600000, "calculatedEbitda": 314225000}, {"date": "2016-12-31", "symbol": "HTH", "reportedCurrency": "USD", "cik": "0001265131", "fillingDate": "2017-02-16", "acceptedDate": "2017-02-16 17:29:37", "calendarYear": "2016", "period": "FY", "revenue": 1640107000, "costOfRevenue": 49190000, "grossProfit": 1590917000, "grossProfitRatio": 0.9700080544, "researchAndDevelopmentExpenses": 0, "generalAndAdministrativeExpenses": 923356000, "sellingAndMarketingExpenses": 31127000, "sellingGeneralAndAdministrativeExpenses": 923356000, "otherExpenses": -2226495000, "operatingExpenses": -1303139000, "costAndExpenses": 49190000, "interestIncome": 455954000, "interestExpense": 58423000, "depreciationAndAmortization": -49765000, "ebitda": 238013000, "ebitdaratio": 0.1451204098, "operatingIncome": 287778000, "operatingIncomeRatio": 0.1754629424, "totalOtherIncomeExpensesNet": -56373000, "incomeBeforeTax": 231405000, "incomeBeforeTaxRatio": 0.1410914044, "incomeTaxExpense": 83461000, "netIncome": 145894000, "netIncomeRatio": 0.0889539524, "eps": 1.48, "epsdiluted": 1.48, "weightedAverageShsOut": 98404000, "weightedAverageShsOutDil": 98629000, "link": "https://www.sec.gov/Archives/edgar/data/1265131/000155837017000640/0001558370-17-000640-index.htm", "finalLink": "https://www.sec.gov/Archives/edgar/data/1265131/000155837017000640/hth-20161231x10k.htm", "calculatedOtherExpenses": 379783000, "calculatedOperatingExpenses": 1303139000, "calculatedNetInterest": 397531000, "calculatedOtherIncome": -453904000, "calculatedIncomeNonControlling": 2050000, "calculatedEbitda": 238013000}, {"date": "2015-12-31", "symbol": "HTH", "reportedCurrency": "USD", "cik": "0001265131", "fillingDate": "2016-02-24", "acceptedDate": "2016-02-24 17:03:38", "calendarYear": "2015", "period": "FY", "revenue": 1472557000, "costOfRevenue": 0, "grossProfit": 1472557000, "grossProfitRatio": 1, "researchAndDevelopmentExpenses": 0, "generalAndAdministrativeExpenses": 916212000, "sellingAndMarketingExpenses": 26957000, "sellingGeneralAndAdministrativeExpenses": 943169000, "otherExpenses": -2072583000, "operatingExpenses": -1129414000, "costAndExpenses": -1129414000, "interestIncome": 469838000, "interestExpense": 61255000, "depreciationAndAmortization": -83360000, "ebitda": 259783000, "ebitdaratio": 0.176416261, "operatingIncome": 343143000, "operatingIncomeRatio": 0.2330252751, "totalOtherIncomeExpensesNet": -59649000, "incomeBeforeTax": 283494000, "incomeBeforeTaxRatio": 0.1925181844, "incomeTaxExpense": 70915000, "netIncome": 210973000, "netIncomeRatio": 0.1432698361, "eps": 2.1, "epsdiluted": 2.09, "weightedAverageShsOut": 99074000, "weightedAverageShsOutDil": 99962000, "link": "https://www.sec.gov/Archives/edgar/data/1265131/000155837016003454/0001558370-16-003454-index.htm", "finalLink": "https://www.sec.gov/Archives/edgar/data/1265131/000155837016003454/hth-20151231x10k.htm", "calculatedOtherExpenses": 186245000, "calculatedOperatingExpenses": 1129414000, "calculatedNetInterest": 408583000, "calculatedOtherIncome": -468232000, "calculatedIncomeNonControlling": 1606000, "calculatedEbitda": 259783000}, {"date": "2014-12-31", "symbol": "HTH", "reportedCurrency": "USD", "cik": "0001265131", "fillingDate": "2015-02-26", "acceptedDate": "2015-02-26 17:01:43", "calendarYear": "2014", "period": "FY", "revenue": 1160452000, "costOfRevenue": 82132000, "grossProfit": 1078320000, "grossProfitRatio": 0.9292241299, "researchAndDevelopmentExpenses": 0, "generalAndAdministrativeExpenses": 624382000, "sellingAndMarketingExpenses": 21372000, "sellingGeneralAndAdministrativeExpenses": 645754000, "otherExpenses": -1519188000, "operatingExpenses": -873434000, "costAndExpenses": 82132000, "interestIncome": 388769000, "interestExpense": 27628000, "depreciationAndAmortization": -83279000, "ebitda": 121607000, "ebitdaratio": 0.1047927876, "operatingIncome": 204886000, "operatingIncomeRatio": 0.1765570657, "totalOtherIncomeExpensesNet": -26720000, "incomeBeforeTax": 178166000, "incomeBeforeTaxRatio": 0.1535315549, "incomeTaxExpense": 65608000, "netIncome": 111650000, "netIncomeRatio": 0.0962125103, "eps": 1.18, "epsdiluted": 1.17, "weightedAverageShsOut": 89710000, "weightedAverageShsOutDil": 90573000, "link": "https://www.sec.gov/Archives/edgar/data/1265131/000110465915014473/0001104659-15-014473-index.htm", "finalLink": "https://www.sec.gov/Archives/edgar/data/1265131/000110465915014473/a15-1120_110k.htm", "calculatedOtherExpenses": 227680000, "calculatedOperatingExpenses": 873434000, "calculatedNetInterest": 361141000, "calculatedOtherIncome": -387861000, "calculatedIncomeNonControlling": 908000, "calculatedEbitda": 121607000}, {"date": "2013-12-31", "symbol": "HTH", "reportedCurrency": "USD", "cik": "0001265131", "fillingDate": "2014-03-03", "acceptedDate": "2014-03-03 17:15:06", "calendarYear": "2013", "period": "FY", "revenue": 1052914000, "costOfRevenue": 0, "grossProfit": 1052914000, "grossProfitRatio": 1, "researchAndDevelopmentExpenses": 0, "generalAndAdministrativeExpenses": 613756000, "sellingAndMarketingExpenses": 17257000, "sellingGeneralAndAdministrativeExpenses": 631013000, "otherExpenses": -1455027000, "operatingExpenses": -824014000, "costAndExpenses": -824014000, "interestIncome": 329075000, "interestExpense": 32874000, "depreciationAndAmortization": -53794000, "ebitda": 175106000, "ebitdaratio": 0.1663060801, "operatingIncome": 228900000, "operatingIncomeRatio": 0.2173966725, "totalOtherIncomeExpensesNet": -31507000, "incomeBeforeTax": 197393000, "incomeBeforeTaxRatio": 0.187473051, "incomeTaxExpense": 70684000, "netIncome": 125342000, "netIncomeRatio": 0.1190429608, "eps": 1.43, "epsdiluted": 1.4, "weightedAverageShsOut": 84382000, "weightedAverageShsOutDil": 90331000, "link": "https://www.sec.gov/Archives/edgar/data/1265131/000110465914015431/0001104659-14-015431-index.htm", "finalLink": "https://www.sec.gov/Archives/edgar/data/1265131/000110465914015431/a14-2833_110k.htm", "calculatedOtherExpenses": 193001000, "calculatedOperatingExpenses": 824014000, "calculatedNetInterest": 296201000, "calculatedOtherIncome": -327708000, "calculatedIncomeNonControlling": 1367000, "calculatedEbitda": 175106000}, {"date": "2012-12-31", "symbol": "HTH", "reportedCurrency": "USD", "cik": "0001265131", "fillingDate": "2013-03-15", "acceptedDate": "2013-03-15 16:20:17", "calendarYear": "2012", "period": "FY", "revenue": 203472000, "costOfRevenue": 0, "grossProfit": 203472000, "grossProfitRatio": 1, "researchAndDevelopmentExpenses": 0, "generalAndAdministrativeExpenses": 175189000, "sellingAndMarketingExpenses": 2245000, "sellingGeneralAndAdministrativeExpenses": 177434000, "otherExpenses": -377447000, "operatingExpenses": -200013000, "costAndExpenses": -200013000, "interestIncome": 39038000, "interestExpense": 10196000, "depreciationAndAmortization": -2533000, "ebitda": 926000, "ebitdaratio": 0.0045509947, "operatingIncome": 3459000, "operatingIncomeRatio": 0.016999882, "totalOtherIncomeExpensesNet": -9702000, "incomeBeforeTax": -6243000, "incomeBeforeTaxRatio": -0.0306823543, "incomeTaxExpense": -1145000, "netIncome": -5592000, "netIncomeRatio": -0.0274828969, "eps": -0.0956, "epsdiluted": -0.0952, "weightedAverageShsOut": 58510000, "weightedAverageShsOutDil": 58754000, "link": "https://www.sec.gov/Archives/edgar/data/1265131/000110465913021261/0001104659-13-021261-index.htm", "finalLink": "https://www.sec.gov/Archives/edgar/data/1265131/000110465913021261/a13-1259_110k.htm", "calculatedOtherExpenses": 22579000, "calculatedOperatingExpenses": 200013000, "calculatedNetInterest": 28842000, "calculatedOtherIncome": -38544000, "calculatedIncomeNonControlling": 494000, "calculatedEbitda": 926000}, {"date": "2011-12-31", "symbol": "HTH", "reportedCurrency": "USD", "cik": "0001265131", "fillingDate": "2012-03-09", "acceptedDate": "2012-03-09 15:46:29", "calendarYear": "2011", "period": "FY", "revenue": 152188000, "costOfRevenue": 0, "grossProfit": 152188000, "grossProfitRatio": 1, "researchAndDevelopmentExpenses": 0, "generalAndAdministrativeExpenses": 8870000, "sellingAndMarketingExpenses": 0, "sellingGeneralAndAdministrativeExpenses": 8870000, "otherExpenses": -172598000, "operatingExpenses": -163728000, "costAndExpenses": -163728000, "interestIncome": -8985000, "interestExpense": 0, "depreciationAndAmortization": 1714000, "ebitda": -9826000, "ebitdaratio": -0.0645648803, "operatingIncome": -11540000, "operatingIncomeRatio": -0.0758272663, "totalOtherIncomeExpensesNet": 0, "incomeBeforeTax": -11540000, "incomeBeforeTaxRatio": -0.0758272663, "incomeTaxExpense": -5009000, "netIncome": -6531000, "netIncomeRatio": -0.0429140274, "eps": -0.12, "epsdiluted": -0.12, "weightedAverageShsOut": 56499000, "weightedAverageShsOutDil": 56499000, "link": "https://www.sec.gov/Archives/edgar/data/1265131/000110465912017075/0001104659-12-017075-index.htm", "finalLink": "https://www.sec.gov/Archives/edgar/data/1265131/000110465912017075/a11-32048_110k.htm", "calculatedOtherExpenses": 154858000, "calculatedOperatingExpenses": 163728000, "calculatedNetInterest": -8985000, "calculatedOtherIncome": 8985000, "calculatedIncomeNonControlling": 0, "calculatedEbitda": -9826000}, {"date": "2010-12-31", "symbol": "HTH", "reportedCurrency": "USD", "cik": "0001265131", "fillingDate": "2011-03-11", "acceptedDate": "2011-03-11 14:49:01", "calendarYear": "2010", "period": "FY", "revenue": 131737000, "costOfRevenue": 0, "grossProfit": 131737000, "grossProfitRatio": 1, "researchAndDevelopmentExpenses": 0, "generalAndAdministrativeExpenses": 7433000, "sellingAndMarketingExpenses": 0, "sellingGeneralAndAdministrativeExpenses": 7433000, "otherExpenses": -140725000, "operatingExpenses": -133292000, "costAndExpenses": -133292000, "interestIncome": -8971000, "interestExpense": 0, "depreciationAndAmortization": 1788000, "ebitda": 233000, "ebitdaratio": 0.0017686755, "operatingIncome": -1555000, "operatingIncomeRatio": -0.0118038212, "totalOtherIncomeExpensesNet": 0, "incomeBeforeTax": -1555000, "incomeBeforeTaxRatio": -0.0118038212, "incomeTaxExpense": -1007000, "netIncome": -548000, "netIncomeRatio": -0.0041598032, "eps": -0.0097, "epsdiluted": -0.0097, "weightedAverageShsOut": 56492000, "weightedAverageShsOutDil": 56492000, "link": "https://www.sec.gov/Archives/edgar/data/1265131/000110465911013833/0001104659-11-013833-index.htm", "finalLink": "https://www.sec.gov/Archives/edgar/data/1265131/000110465911013833/a11-2163_110k.htm", "calculatedOtherExpenses": 125859000, "calculatedOperatingExpenses": 133292000, "calculatedNetInterest": -8971000, "calculatedOtherIncome": 8971000, "calculatedIncomeNonControlling": 0, "calculatedEbitda": 233000}, {"date": "2009-12-31", "symbol": "HTH", "reportedCurrency": "USD", "cik": "0001265131", "fillingDate": "2010-03-11", "acceptedDate": "2010-03-11 16:31:08", "calendarYear": "2009", "period": "FY", "revenue": 128835000, "costOfRevenue": 0, "grossProfit": 128835000, "grossProfitRatio": 1, "researchAndDevelopmentExpenses": 0, "generalAndAdministrativeExpenses": 7154000, "sellingAndMarketingExpenses": 0, "sellingGeneralAndAdministrativeExpenses": 7154000, "otherExpenses": -139450000, "operatingExpenses": -132296000, "costAndExpenses": -132296000, "interestIncome": 0, "interestExpense": 10528000, "depreciationAndAmortization": 1981000, "ebitda": -1480000, "ebitdaratio": -0.0114875616, "operatingIncome": -3461000, "operatingIncomeRatio": -0.0268638181, "totalOtherIncomeExpensesNet": 0, "incomeBeforeTax": -3461000, "incomeBeforeTaxRatio": -0.0268638181, "incomeTaxExpense": -1349000, "netIncome": -2112000, "netIncomeRatio": -0.0163930609, "eps": -0.0374, "epsdiluted": -0.0374, "weightedAverageShsOut": 56474000, "weightedAverageShsOutDil": 56474000, "link": "https://www.sec.gov/Archives/edgar/data/1265131/000104746910002077/0001047469-10-002077-index.htm", "finalLink": "https://www.sec.gov/Archives/edgar/data/1265131/000104746910002077/a2197130z10-k.htm", "calculatedOtherExpenses": 125142000, "calculatedOperatingExpenses": 132296000, "calculatedNetInterest": -10528000, "calculatedOtherIncome": 10528000, "calculatedIncomeNonControlling": 0, "calculatedEbitda": -1480000}, {"date": "2008-12-31", "symbol": "HTH", "reportedCurrency": "USD", "cik": "0001265131", "fillingDate": "2009-03-16", "acceptedDate": "2009-03-16 16:23:21", "calendarYear": "2008", "period": "FY", "revenue": 102545000, "costOfRevenue": 0, "grossProfit": 102545000, "grossProfitRatio": 1, "researchAndDevelopmentExpenses": 0, "generalAndAdministrativeExpenses": 8115000, "sellingAndMarketingExpenses": 0, "sellingGeneralAndAdministrativeExpenses": 8115000, "otherExpenses": 0, "operatingExpenses": 8115000, "costAndExpenses": 8115000, "interestIncome": 0, "interestExpense": 10528000, "depreciationAndAmortization": 2159000, "ebitda": -39985000, "ebitdaratio": -0.3899263738, "operatingIncome": -22585000, "operatingIncomeRatio": -0.2202447706, "totalOtherIncomeExpensesNet": 9246000, "incomeBeforeTax": -42144000, "incomeBeforeTaxRatio": -0.4109805451, "incomeTaxExpense": -19559000, "netIncome": -22585000, "netIncomeRatio": -0.2202447706, "eps": -0.4, "epsdiluted": -0.4, "weightedAverageShsOut": 56453000, "weightedAverageShsOutDil": 56453000, "link": "https://www.sec.gov/Archives/edgar/data/1265131/000104746909002753/0001047469-09-002753-index.htm", "finalLink": "https://www.sec.gov/Archives/edgar/data/1265131/000104746909002753/a2191444z10-k.htm", "calculatedOtherExpenses": 117015000, "calculatedOperatingExpenses": 125130000, "calculatedNetInterest": -10528000, "calculatedOtherIncome": -9031000, "calculatedIncomeNonControlling": 0, "calculatedEbitda": -20426000}, {"date": "2007-12-31", "symbol": "HTH", "reportedCurrency": "USD", "cik": "0001265131", "fillingDate": "2008-03-17", "acceptedDate": "2008-03-17 14:36:59", "calendarYear": "2007", "period": "FY", "revenue": 131283000, "costOfRevenue": 0, "grossProfit": 131283000, "grossProfitRatio": 1, "researchAndDevelopmentExpenses": 0, "generalAndAdministrativeExpenses": 9414000, "sellingAndMarketingExpenses": 0, "sellingGeneralAndAdministrativeExpenses": 9414000, "otherExpenses": 163173000, "operatingExpenses": 172587000, "costAndExpenses": 172587000, "interestIncome": -11539000, "interestExpense": 2814000, "depreciationAndAmortization": 2238000, "ebitda": 306108000, "ebitdaratio": 2.3316651813, "operatingIncome": 303870000, "operatingIncomeRatio": 2.3146180389, "totalOtherIncomeExpensesNet": -278597000, "incomeBeforeTax": 25273000, "incomeBeforeTaxRatio": 0.1925077885, "incomeTaxExpense": 10635000, "netIncome": 293235000, "netIncomeRatio": 2.2336098352, "eps": 5.1, "epsdiluted": 5.02, "weightedAverageShsOut": 55421000, "weightedAverageShsOutDil": 56326000, "link": "https://www.sec.gov/Archives/edgar/data/1265131/000104746908002916/0001047469-08-002916-index.htm", "finalLink": "https://www.sec.gov/Archives/edgar/data/1265131/000104746908002916/a2183617z10-k.htm", "calculatedOtherExpenses": -182001000, "calculatedOperatingExpenses": -172587000, "calculatedNetInterest": -14353000, "calculatedOtherIncome": -264244000, "calculatedIncomeNonControlling": -278597000, "calculatedEbitda": 306108000}, {"date": "2006-12-31", "symbol": "HTH", "reportedCurrency": "USD", "cik": "0001265131", "fillingDate": "2007-03-15", "acceptedDate": "2007-03-15 17:04:41", "calendarYear": "2006", "period": "FY", "revenue": 244111000, "costOfRevenue": 19738000, "grossProfit": 224373000, "grossProfitRatio": 0.9191433405, "researchAndDevelopmentExpenses": 0, "generalAndAdministrativeExpenses": 19651000, "sellingAndMarketingExpenses": 0, "sellingGeneralAndAdministrativeExpenses": 19651000, "otherExpenses": 0, "operatingExpenses": 19651000, "costAndExpenses": 39389000, "interestIncome": -74919000, "interestExpense": 77052000, "depreciationAndAmortization": 92144000, "ebitda": 61111000, "ebitdaratio": 0.2503410334, "operatingIncome": -37117000, "operatingIncomeRatio": -0.1520496823, "totalOtherIncomeExpensesNet": -4229000, "incomeBeforeTax": -51255000, "incomeBeforeTaxRatio": -0.2099659581, "incomeTaxExpense": -13615000, "netIncome": -17418000, "netIncomeRatio": -0.0713527862, "eps": -0.4, "epsdiluted": -0.4, "weightedAverageShsOut": 43681000, "weightedAverageShsOutDil": 43681000, "link": "https://www.sec.gov/Archives/edgar/data/1265131/000110465907019608/0001104659-07-019608-index.htm", "finalLink": "https://www.sec.gov/Archives/edgar/data/1265131/000110465907019608/a07-5847_110k.htm", "calculatedOtherExpenses": 241839000, "calculatedOperatingExpenses": 261490000, "calculatedNetInterest": -151971000, "calculatedOtherIncome": 137833000, "calculatedIncomeNonControlling": -20222000, "calculatedEbitda": 55027000}, {"date": "2005-12-31", "symbol": "HTH", "reportedCurrency": "USD", "cik": "0001265131", "fillingDate": "2006-03-22", "acceptedDate": "2006-03-22 17:25:06", "calendarYear": "2005", "period": "FY", "revenue": 254513000, "costOfRevenue": 38328000, "grossProfit": 216185000, "grossProfitRatio": 0.8494065136, "researchAndDevelopmentExpenses": 0, "generalAndAdministrativeExpenses": 27634000, "sellingAndMarketingExpenses": 0, "sellingGeneralAndAdministrativeExpenses": 27634000, "otherExpenses": 0, "operatingExpenses": 27634000, "costAndExpenses": 65962000, "interestIncome": -70897000, "interestExpense": 525000, "depreciationAndAmortization": 89225000, "ebitda": -95248000, "ebitdaratio": -0.3742362866, "operatingIncome": -174192000, "operatingIncomeRatio": -0.6844129769, "totalOtherIncomeExpensesNet": -20593000, "incomeBeforeTax": -194785000, "incomeBeforeTaxRatio": -0.7653243646, "incomeTaxExpense": -20593000, "netIncome": -184473000, "netIncomeRatio": -0.7248077701, "eps": -4.26, "epsdiluted": -4.26, "weightedAverageShsOut": 43277000, "weightedAverageShsOutDil": 43277000, "link": "https://www.sec.gov/Archives/edgar/data/1265131/000110465906018647/0001104659-06-018647-index.htm", "finalLink": "https://www.sec.gov/Archives/edgar/data/1265131/000110465906018647/a06-3017_110k.htm", "calculatedOtherExpenses": 362743000, "calculatedOperatingExpenses": 390377000, "calculatedNetInterest": -71422000, "calculatedOtherIncome": 50829000, "calculatedIncomeNonControlling": 10281000, "calculatedEbitda": -84967000}, {"date": "2004-12-31", "symbol": "HTH", "reportedCurrency": "USD", "cik": "0001265131", "fillingDate": "2005-03-31", "acceptedDate": "2005-03-31 16:12:01", "calendarYear": "2004", "period": "FY", "revenue": 222657000, "costOfRevenue": 20212000, "grossProfit": 202445000, "grossProfitRatio": 0.909223604, "researchAndDevelopmentExpenses": 0, "generalAndAdministrativeExpenses": 29361000, "sellingAndMarketingExpenses": 0, "sellingGeneralAndAdministrativeExpenses": 29361000, "otherExpenses": 0, "operatingExpenses": 29361000, "costAndExpenses": 49573000, "interestIncome": -55276000, "interestExpense": 56892000, "depreciationAndAmortization": 74765000, "ebitda": -10928000, "ebitdaratio": -0.049079975, "operatingIncome": -79442000, "operatingIncomeRatio": -0.3567909385, "totalOtherIncomeExpensesNet": -15217000, "incomeBeforeTax": -94659000, "incomeBeforeTaxRatio": -0.4251337259, "incomeTaxExpense": -15217000, "netIncome": -85693000, "netIncomeRatio": -0.3848655106, "eps": -2.26, "epsdiluted": -2.07, "weightedAverageShsOut": 37967000, "weightedAverageShsOutDil": 41354000, "link": "https://www.sec.gov/Archives/edgar/data/1265131/000104746905008575/0001047469-05-008575-index.htm", "finalLink": "https://www.sec.gov/Archives/edgar/data/1265131/000104746905008575/a2154628z10-k.htm", "calculatedOtherExpenses": 252526000, "calculatedOperatingExpenses": 281887000, "calculatedNetInterest": -112168000, "calculatedOtherIncome": 96951000, "calculatedIncomeNonControlling": 6251000, "calculatedEbitda": -4677000}, {"date": "2003-12-31", "symbol": "HTH", "reportedCurrency": "USD", "cik": "0001265131", "fillingDate": "2004-03-30", "acceptedDate": "2004-03-30 14:42:55", "calendarYear": "2003", "period": "FY", "revenue": 170150000, "costOfRevenue": 10697000, "grossProfit": 159453000, "grossProfitRatio": 0.9371319424, "researchAndDevelopmentExpenses": 0, "generalAndAdministrativeExpenses": 16834000, "sellingAndMarketingExpenses": 0, "sellingGeneralAndAdministrativeExpenses": 16834000, "otherExpenses": 0, "operatingExpenses": 16834000, "costAndExpenses": 27531000, "interestIncome": -56581000, "interestExpense": 58018000, "depreciationAndAmortization": 49581000, "ebitda": 15161000, "ebitdaratio": 0.089103732, "operatingIncome": -37537000, "operatingIncomeRatio": -0.2206112254, "totalOtherIncomeExpensesNet": 3117000, "incomeBeforeTax": -34420000, "incomeBeforeTaxRatio": -0.2022920952, "incomeTaxExpense": 3117000, "netIncome": -34420000, "netIncomeRatio": -0.2022920952, "eps": -2.03, "epsdiluted": -1.75, "weightedAverageShsOut": 16973000, "weightedAverageShsOutDil": 19699000, "link": "https://www.sec.gov/Archives/edgar/data/1265131/000104746904010008/0001047469-04-010008-index.htm", "finalLink": "https://www.sec.gov/Archives/edgar/data/1265131/000104746904010008/a2131910z10-k.htm", "calculatedOtherExpenses": 180156000, "calculatedOperatingExpenses": 196990000, "calculatedNetInterest": -114599000, "calculatedOtherIncome": 117716000, "calculatedIncomeNonControlling": -3117000, "calculatedEbitda": 12044000}, {"date": "2002-12-31", "symbol": "HTH", "reportedCurrency": "USD", "cik": "0001265131", "fillingDate": "2002-12-31", "acceptedDate": "2002-12-30 19:00:00", "calendarYear": "2002", "period": "FY", "revenue": 128361000, "costOfRevenue": 0, "grossProfit": 128361000, "grossProfitRatio": 1, "researchAndDevelopmentExpenses": 0, "generalAndAdministrativeExpenses": 0, "sellingAndMarketingExpenses": 0, "sellingGeneralAndAdministrativeExpenses": 0, "otherExpenses": -169195000, "operatingExpenses": -169195000, "costAndExpenses": -169195000, "interestIncome": 0, "interestExpense": 0, "depreciationAndAmortization": 34603000, "ebitda": -6231000, "ebitdaratio": -0.0485427817, "operatingIncome": -40834000, "operatingIncomeRatio": -0.3181184316, "totalOtherIncomeExpensesNet": -7882000, "incomeBeforeTax": -48716000, "incomeBeforeTaxRatio": -0.3795233755, "incomeTaxExpense": -7882000, "netIncome": -40834000, "netIncomeRatio": -0.3181184316, "eps": -2.65, "epsdiluted": -2.65, "weightedAverageShsOut": 15381000, "weightedAverageShsOutDil": 15381000, "link": "", "finalLink": "", "calculatedOtherExpenses": 169195000, "calculatedOperatingExpenses": 169195000, "calculatedNetInterest": 0, "calculatedOtherIncome": -7882000, "calculatedIncomeNonControlling": 0, "calculatedEbitda": -6231000}, {"date": "2001-12-31", "symbol": "HTH", "reportedCurrency": "USD", "cik": "0001265131", "fillingDate": "2001-12-31", "acceptedDate": "2001-12-30 19:00:00", "calendarYear": "2001", "period": "FY", "revenue": 32129000, "costOfRevenue": 0, "grossProfit": 32129000, "grossProfitRatio": 1, "researchAndDevelopmentExpenses": 0, "generalAndAdministrativeExpenses": 9047000, "sellingAndMarketingExpenses": 0, "sellingGeneralAndAdministrativeExpenses": 9047000, "otherExpenses": -54293000, "operatingExpenses": -45246000, "costAndExpenses": -45246000, "interestIncome": -10241000, "interestExpense": 0, "depreciationAndAmortization": 13102000, "ebitda": -15000, "ebitdaratio": -0.0004668679, "operatingIncome": -13117000, "operatingIncomeRatio": -0.4082604501, "totalOtherIncomeExpensesNet": 0, "incomeBeforeTax": 0, "incomeBeforeTaxRatio": 0, "incomeTaxExpense": 0, "netIncome": -13117000, "netIncomeRatio": -0.4082604501, "eps": -1.45, "epsdiluted": -1.45, "weightedAverageShsOut": 9062000, "weightedAverageShsOutDil": 9062000, "link": "", "finalLink": "", "calculatedOtherExpenses": 36199000, "calculatedOperatingExpenses": 45246000, "calculatedNetInterest": -10241000, "calculatedOtherIncome": 23358000, "calculatedIncomeNonControlling": 13117000, "calculatedEbitda": -15000}, {"date": "2000-12-31", "symbol": "HTH", "reportedCurrency": "USD", "cik": "0001265131", "fillingDate": "2000-12-31", "acceptedDate": "2000-12-30 19:00:00", "calendarYear": "2000", "period": "FY", "revenue": 23975000, "costOfRevenue": 0, "grossProfit": 23975000, "grossProfitRatio": 1, "researchAndDevelopmentExpenses": 0, "generalAndAdministrativeExpenses": 7173000, "sellingAndMarketingExpenses": 0, "sellingGeneralAndAdministrativeExpenses": 7173000, "otherExpenses": -45258000, "operatingExpenses": -38085000, "costAndExpenses": -38085000, "interestIncome": -10899000, "interestExpense": 0, "depreciationAndAmortization": 9974000, "ebitda": -4136000, "ebitdaratio": -0.1725130344, "operatingIncome": -14110000, "operatingIncomeRatio": -0.5885297185, "totalOtherIncomeExpensesNet": 0, "incomeBeforeTax": 0, "incomeBeforeTaxRatio": 0, "incomeTaxExpense": 0, "netIncome": -14110000, "netIncomeRatio": -0.5885297185, "eps": -2.19, "epsdiluted": -2.19, "weightedAverageShsOut": 6441000, "weightedAverageShsOutDil": 6441000, "link": "", "finalLink": "", "calculatedOtherExpenses": 30912000, "calculatedOperatingExpenses": 38085000, "calculatedNetInterest": -10899000, "calculatedOtherIncome": 25009000, "calculatedIncomeNonControlling": 14110000, "calculatedEbitda": -4136000}, {"date": "1999-12-31", "symbol": "HTH", "reportedCurrency": "USD", "cik": "0001265131", "fillingDate": "1999-12-31", "acceptedDate": "1999-12-30 19:00:00", "calendarYear": "1999", "period": "FY", "revenue": 16116000, "costOfRevenue": 0, "grossProfit": 16116000, "grossProfitRatio": 1, "researchAndDevelopmentExpenses": 0, "generalAndAdministrativeExpenses": 5435000, "sellingAndMarketingExpenses": 0, "sellingGeneralAndAdministrativeExpenses": 5435000, "otherExpenses": -5435000, "operatingExpenses": 0, "costAndExpenses": 0, "interestIncome": -5976000, "interestExpense": 0, "depreciationAndAmortization": 6770000, "ebitda": 22886000, "ebitdaratio": 1.4200794242, "operatingIncome": 16116000, "operatingIncomeRatio": 1, "totalOtherIncomeExpensesNet": 0, "incomeBeforeTax": 0, "incomeBeforeTaxRatio": 0, "incomeTaxExpense": 0, "netIncome": 0, "netIncomeRatio": 0, "eps": -3.07, "epsdiluted": -3.07, "weightedAverageShsOut": 3116000, "weightedAverageShsOutDil": 3116000, "link": "", "finalLink": "", "calculatedOtherExpenses": -5435000, "calculatedOperatingExpenses": 0, "calculatedNetInterest": -5976000, "calculatedOtherIncome": -10140000, "calculatedIncomeNonControlling": 0, "calculatedEbitda": 22886000}]}