{"originalCurrency": "USD", "convertedCurrency": "USD", "report": [{"date": "2023-12-31", "symbol": "HUBG", "reportedCurrency": "USD", "cik": "0000940942", "fillingDate": "2024-02-27", "acceptedDate": "2024-02-27 17:27:47", "calendarYear": "2023", "period": "FY", "revenue": 4202585000, "costOfRevenue": 3698921000, "grossProfit": 503664000, "grossProfitRatio": 0.1198462375, "researchAndDevelopmentExpenses": 0, "generalAndAdministrativeExpenses": 105705000, "sellingAndMarketingExpenses": 0, "sellingGeneralAndAdministrativeExpenses": 105705000, "otherExpenses": 185728000, "operatingExpenses": 291433000, "costAndExpenses": 3990354000, "interestIncome": 10011000, "interestExpense": -13435000, "depreciationAndAmortization": 143523000, "ebitda": 339292000, "ebitdaratio": 0.0807341196, "operatingIncome": 212231000, "operatingIncomeRatio": 0.0505001089, "totalOtherIncomeExpensesNet": -3027000, "incomeBeforeTax": 209204000, "incomeBeforeTaxRatio": 0.0497798379, "incomeTaxExpense": 41676000, "netIncome": 167528000, "netIncomeRatio": 0.0398630843, "eps": 2.65, "epsdiluted": 2.62, "weightedAverageShsOut": 63324000, "weightedAverageShsOutDil": 63954000, "link": "https://www.sec.gov/Archives/edgar/data/940942/000095017024021432/0000950170-24-021432-index.htm", "finalLink": "https://www.sec.gov/Archives/edgar/data/940942/000095017024021432/hubg-20231231.htm", "calculatedOtherExpenses": 185728000, "calculatedOperatingExpenses": 291433000, "calculatedNetInterest": 23446000, "calculatedOtherIncome": -26473000, "calculatedIncomeNonControlling": 0, "calculatedEbitda": 355754000}, {"date": "2022-12-31", "symbol": "HUBG", "reportedCurrency": "USD", "cik": "0000940942", "fillingDate": "2023-02-24", "acceptedDate": "2023-02-24 15:16:01", "calendarYear": "2022", "period": "FY", "revenue": 5340490000, "costOfRevenue": 4450985000, "grossProfit": 889505000, "grossProfitRatio": 0.1665586866, "researchAndDevelopmentExpenses": 0, "generalAndAdministrativeExpenses": 368824000, "sellingAndMarketingExpenses": 0, "sellingGeneralAndAdministrativeExpenses": 368824000, "otherExpenses": 45960000, "operatingExpenses": 414784000, "costAndExpenses": 4865769000, "interestIncome": 6632000, "interestExpense": 6632000, "depreciationAndAmortization": 153595000, "ebitda": 628316000, "ebitdaratio": 0.1176513766, "operatingIncome": 474721000, "operatingIncomeRatio": 0.088890907, "totalOtherIncomeExpensesNet": -6763000, "incomeBeforeTax": 467958000, "incomeBeforeTaxRatio": 0.0876245438, "incomeTaxExpense": 111010000, "netIncome": 356948000, "netIncomeRatio": 0.0668380617, "eps": 5.37, "epsdiluted": 5.32, "weightedAverageShsOut": 66418000, "weightedAverageShsOutDil": 67118000, "link": "https://www.sec.gov/Archives/edgar/data/940942/000095017023004358/0000950170-23-004358-index.htm", "finalLink": "https://www.sec.gov/Archives/edgar/data/940942/000095017023004358/hubg-20221231.htm", "calculatedOtherExpenses": 45960000, "calculatedOperatingExpenses": 414784000, "calculatedNetInterest": 0, "calculatedOtherIncome": -6763000, "calculatedIncomeNonControlling": 0, "calculatedEbitda": 628316000}, {"date": "2021-12-31", "symbol": "HUBG", "reportedCurrency": "USD", "cik": "0000940942", "fillingDate": "2022-02-25", "acceptedDate": "2022-02-25 16:07:03", "calendarYear": "2021", "period": "FY", "revenue": 4232383000, "costOfRevenue": 3632743000, "grossProfit": 599640000, "grossProfitRatio": 0.1416790494, "researchAndDevelopmentExpenses": 0, "generalAndAdministrativeExpenses": 323716000, "sellingAndMarketingExpenses": 0, "sellingGeneralAndAdministrativeExpenses": 323716000, "otherExpenses": 37467000, "operatingExpenses": 361183000, "costAndExpenses": 3993926000, "interestIncome": 5000, "interestExpense": 7302000, "depreciationAndAmortization": 130384000, "ebitda": 368841000, "ebitdaratio": 0.0871473588, "operatingIncome": 238457000, "operatingIncomeRatio": 0.0563410731, "totalOtherIncomeExpensesNet": -7547000, "incomeBeforeTax": 230910000, "incomeBeforeTaxRatio": 0.0545579169, "incomeTaxExpense": 59436000, "netIncome": 171474000, "netIncomeRatio": 0.0405147644, "eps": 2.56, "epsdiluted": 2.53, "weightedAverageShsOut": 66867999, "weightedAverageShsOutDil": 67784000, "link": "https://www.sec.gov/Archives/edgar/data/940942/000095017022002100/0000950170-22-002100-index.htm", "finalLink": "https://www.sec.gov/Archives/edgar/data/940942/000095017022002100/hubg-20211231.htm", "calculatedOtherExpenses": 37467000, "calculatedOperatingExpenses": 361183000, "calculatedNetInterest": -7297000, "calculatedOtherIncome": -250000, "calculatedIncomeNonControlling": 0, "calculatedEbitda": 368841000}, {"date": "2020-12-31", "symbol": "HUBG", "reportedCurrency": "USD", "cik": "0000940942", "fillingDate": "2021-02-26", "acceptedDate": "2021-02-26 16:01:11", "calendarYear": "2020", "period": "FY", "revenue": 3495644000, "costOfRevenue": 3070207000, "grossProfit": 425437000, "grossProfitRatio": 0.121704899, "researchAndDevelopmentExpenses": 0, "generalAndAdministrativeExpenses": 288374000, "sellingAndMarketingExpenses": 0, "sellingGeneralAndAdministrativeExpenses": 288374000, "otherExpenses": 31237000, "operatingExpenses": 319611000, "costAndExpenses": 3389818000, "interestIncome": 403000, "interestExpense": 9746000, "depreciationAndAmortization": 123699000, "ebitda": 229525000, "ebitdaratio": 0.0656602903, "operatingIncome": 105826000, "operatingIncomeRatio": 0.0302736778, "totalOtherIncomeExpensesNet": -9726000, "incomeBeforeTax": 96100000, "incomeBeforeTaxRatio": 0.0274913578, "incomeTaxExpense": 22541000, "netIncome": 73559000, "netIncomeRatio": 0.0210430467, "eps": 1.11, "epsdiluted": 1.1, "weightedAverageShsOut": 66360000, "weightedAverageShsOutDil": 67086000, "link": "https://www.sec.gov/Archives/edgar/data/940942/000156459021009409/0001564590-21-009409-index.htm", "finalLink": "https://www.sec.gov/Archives/edgar/data/940942/000156459021009409/hubg-10k_20201231.htm", "calculatedOtherExpenses": 31237000, "calculatedOperatingExpenses": 319611000, "calculatedNetInterest": -9343000, "calculatedOtherIncome": -383000, "calculatedIncomeNonControlling": 0, "calculatedEbitda": 229525000}, {"date": "2019-12-31", "symbol": "HUBG", "reportedCurrency": "USD", "cik": "0000940942", "fillingDate": "2020-02-28", "acceptedDate": "2020-02-28 16:02:12", "calendarYear": "2019", "period": "FY", "revenue": 3668117000, "costOfRevenue": 3147047000, "grossProfit": 521070000, "grossProfitRatio": 0.1420538113, "researchAndDevelopmentExpenses": 0, "generalAndAdministrativeExpenses": 340169000, "sellingAndMarketingExpenses": 0, "sellingGeneralAndAdministrativeExpenses": 340169000, "otherExpenses": 28481000, "operatingExpenses": 368650000, "costAndExpenses": 3515697000, "interestIncome": 2103000, "interestExpense": 10994000, "depreciationAndAmortization": 119332000, "ebitda": 271752000, "ebitdaratio": 0.0740848779, "operatingIncome": 152420000, "operatingIncomeRatio": 0.0415526549, "totalOtherIncomeExpensesNet": -8550000, "incomeBeforeTax": 143870000, "incomeBeforeTaxRatio": 0.0392217587, "incomeTaxExpense": 36699000, "netIncome": 107171000, "netIncomeRatio": 0.0292168979, "eps": 1.61, "epsdiluted": 1.6, "weightedAverageShsOut": 66568000, "weightedAverageShsOutDil": 66959999, "link": "https://www.sec.gov/Archives/edgar/data/940942/000156459020007787/0001564590-20-007787-index.htm", "finalLink": "https://www.sec.gov/Archives/edgar/data/940942/000156459020007787/hubg-10k_20191231.htm", "calculatedOtherExpenses": 28481000, "calculatedOperatingExpenses": 368650000, "calculatedNetInterest": -8891000, "calculatedOtherIncome": 341000, "calculatedIncomeNonControlling": 0, "calculatedEbitda": 271752000}, {"date": "2018-12-31", "symbol": "HUBG", "reportedCurrency": "USD", "cik": "0000940942", "fillingDate": "2019-03-01", "acceptedDate": "2019-03-01 15:10:25", "calendarYear": "2018", "period": "FY", "revenue": 3683593000, "costOfRevenue": 3237992000, "grossProfit": 445601000, "grossProfitRatio": 0.120969119, "researchAndDevelopmentExpenses": 0, "generalAndAdministrativeExpenses": 304058000, "sellingAndMarketingExpenses": 0, "sellingGeneralAndAdministrativeExpenses": 304058000, "otherExpenses": 58000, "operatingExpenses": 320682000, "costAndExpenses": 3558674000, "interestIncome": 1359000, "interestExpense": 9611000, "depreciationAndAmortization": 83910000, "ebitda": 210246000, "ebitdaratio": 0.0570763382, "operatingIncome": 124919000, "operatingIncomeRatio": 0.0339122699, "totalOtherIncomeExpensesNet": 58000, "incomeBeforeTax": 116725000, "incomeBeforeTaxRatio": 0.0316878113, "incomeTaxExpense": 29064000, "netIncome": 201740000, "netIncomeRatio": 0.0547671798, "eps": 3.02, "epsdiluted": 3.01, "weightedAverageShsOut": 66786000, "weightedAverageShsOutDil": 67120000, "link": "https://www.sec.gov/Archives/edgar/data/940942/000156459019005778/0001564590-19-005778-index.htm", "finalLink": "https://www.sec.gov/Archives/edgar/data/940942/000156459019005778/hubg-10k_20181231.htm", "calculatedOtherExpenses": 16624000, "calculatedOperatingExpenses": 320682000, "calculatedNetInterest": -8252000, "calculatedOtherIncome": 58000, "calculatedIncomeNonControlling": -114079000, "calculatedEbitda": 208829000}, {"date": "2017-12-31", "symbol": "HUBG", "reportedCurrency": "USD", "cik": "0000940942", "fillingDate": "2018-02-28", "acceptedDate": "2018-02-28 17:02:40", "calendarYear": "2017", "period": "FY", "revenue": 4034897000, "costOfRevenue": 3577380000, "grossProfit": 457517000, "grossProfitRatio": 0.1133900072, "researchAndDevelopmentExpenses": 0, "generalAndAdministrativeExpenses": 273571000, "sellingAndMarketingExpenses": 0, "sellingGeneralAndAdministrativeExpenses": 273571000, "otherExpenses": 724000, "operatingExpenses": 360966000, "costAndExpenses": 3938346000, "interestIncome": 416000, "interestExpense": 6754000, "depreciationAndAmortization": 62173000, "ebitda": 159864000, "ebitdaratio": 0.0396203422, "operatingIncome": 96551000, "operatingIncomeRatio": 0.0239289875, "totalOtherIncomeExpensesNet": 724000, "incomeBeforeTax": 90937000, "incomeBeforeTaxRatio": 0.0225376261, "incomeTaxExpense": -44216000, "netIncome": 135153000, "netIncomeRatio": 0.0334960223, "eps": 4.07, "epsdiluted": 4.05, "weightedAverageShsOut": 66440000, "weightedAverageShsOutDil": 66700000, "link": "https://www.sec.gov/Archives/edgar/data/940942/000156459018003839/0001564590-18-003839-index.htm", "finalLink": "https://www.sec.gov/Archives/edgar/data/940942/000156459018003839/hubg-10k_20171231.htm", "calculatedOtherExpenses": 87395000, "calculatedOperatingExpenses": 360966000, "calculatedNetInterest": -6338000, "calculatedOtherIncome": 724000, "calculatedIncomeNonControlling": 0, "calculatedEbitda": 158724000}, {"date": "2016-12-31", "symbol": "HUBG", "reportedCurrency": "USD", "cik": "0000940942", "fillingDate": "2017-02-24", "acceptedDate": "2017-02-24 17:11:41", "calendarYear": "2016", "period": "FY", "revenue": 3572790000, "costOfRevenue": 3118005000, "grossProfit": 454785000, "grossProfitRatio": 0.1272912766, "researchAndDevelopmentExpenses": 0, "generalAndAdministrativeExpenses": 249089000, "sellingAndMarketingExpenses": 0, "sellingGeneralAndAdministrativeExpenses": 249089000, "otherExpenses": 819000, "operatingExpenses": 330951000, "costAndExpenses": 3448956000, "interestIncome": 393000, "interestExpense": 3625000, "depreciationAndAmortization": 44712000, "ebitda": 169758000, "ebitdaratio": 0.0475141276, "operatingIncome": 123834000, "operatingIncomeRatio": 0.0346603075, "totalOtherIncomeExpensesNet": 819000, "incomeBeforeTax": 121421000, "incomeBeforeTaxRatio": 0.0339849249, "incomeTaxExpense": 46616000, "netIncome": 74805000, "netIncomeRatio": 0.0209374187, "eps": 2.21, "epsdiluted": 2.2, "weightedAverageShsOut": 67682000, "weightedAverageShsOutDil": 67898000, "link": "https://www.sec.gov/Archives/edgar/data/940942/000156459017002435/0001564590-17-002435-index.htm", "finalLink": "https://www.sec.gov/Archives/edgar/data/940942/000156459017002435/hubg-10k_20161231.htm", "calculatedOtherExpenses": 81862000, "calculatedOperatingExpenses": 330951000, "calculatedNetInterest": -3232000, "calculatedOtherIncome": 819000, "calculatedIncomeNonControlling": 0, "calculatedEbitda": 168546000}, {"date": "2015-12-31", "symbol": "HUBG", "reportedCurrency": "USD", "cik": "0000940942", "fillingDate": "2016-02-26", "acceptedDate": "2016-02-26 16:14:19", "calendarYear": "2015", "period": "FY", "revenue": 3525595000, "costOfRevenue": 3112900000, "grossProfit": 412695000, "grossProfitRatio": 0.1170568372, "researchAndDevelopmentExpenses": 0, "generalAndAdministrativeExpenses": 218953000, "sellingAndMarketingExpenses": 68724000, "sellingGeneralAndAdministrativeExpenses": 218953000, "otherExpenses": -2560000, "operatingExpenses": 295665000, "costAndExpenses": 3408565000, "interestIncome": 83000, "interestExpense": 2971000, "depreciationAndAmortization": 37042000, "ebitda": 151595000, "ebitdaratio": 0.0429984159, "operatingIncome": 117030000, "operatingIncomeRatio": 0.033194397, "totalOtherIncomeExpensesNet": -2560000, "incomeBeforeTax": 111582000, "incomeBeforeTaxRatio": 0.0316491259, "incomeTaxExpense": 40633000, "netIncome": 70949000, "netIncomeRatio": 0.0201239791, "eps": 1.98, "epsdiluted": 1.97, "weightedAverageShsOut": 71752000, "weightedAverageShsOutDil": 71936000, "link": "https://www.sec.gov/Archives/edgar/data/940942/000156459016013549/0001564590-16-013549-index.htm", "finalLink": "https://www.sec.gov/Archives/edgar/data/940942/000156459016013549/hubg-10k_20151231.htm", "calculatedOtherExpenses": 76712000, "calculatedOperatingExpenses": 295665000, "calculatedNetInterest": -2888000, "calculatedOtherIncome": -2560000, "calculatedIncomeNonControlling": 0, "calculatedEbitda": 154072000}, {"date": "2014-12-31", "symbol": "HUBG", "reportedCurrency": "USD", "cik": "0000940942", "fillingDate": "2015-02-27", "acceptedDate": "2015-02-27 12:32:17", "calendarYear": "2014", "period": "FY", "revenue": 3571126000, "costOfRevenue": 3200691000, "grossProfit": 370435000, "grossProfitRatio": 0.1037305881, "researchAndDevelopmentExpenses": 11881000, "generalAndAdministrativeExpenses": 194494000, "sellingAndMarketingExpenses": 62041000, "sellingGeneralAndAdministrativeExpenses": 194494000, "otherExpenses": -257000, "operatingExpenses": 264334000, "costAndExpenses": 3465025000, "interestIncome": 32000, "interestExpense": 1785000, "depreciationAndAmortization": 29380000, "ebitda": 135256000, "ebitdaratio": 0.0378748888, "operatingIncome": 83877000, "operatingIncomeRatio": 0.0234875499, "totalOtherIncomeExpensesNet": -22481000, "incomeBeforeTax": 81867000, "incomeBeforeTaxRatio": 0.0229247022, "incomeTaxExpense": 30309000, "netIncome": 51558000, "netIncomeRatio": 0.0144374631, "eps": 1.41, "epsdiluted": 1.4, "weightedAverageShsOut": 73180000, "weightedAverageShsOutDil": 73464000, "link": "https://www.sec.gov/Archives/edgar/data/940942/000156459015001071/0001564590-15-001071-index.htm", "finalLink": "https://www.sec.gov/Archives/edgar/data/940942/000156459015001071/hubg-10k_20141231.htm", "calculatedOtherExpenses": 80183000, "calculatedOperatingExpenses": 286558000, "calculatedNetInterest": -1753000, "calculatedOtherIncome": -257000, "calculatedIncomeNonControlling": 0, "calculatedEbitda": 113257000}, {"date": "2013-12-31", "symbol": "HUBG", "reportedCurrency": "USD", "cik": "0000940942", "fillingDate": "2014-02-24", "acceptedDate": "2014-02-24 17:19:01", "calendarYear": "2013", "period": "FY", "revenue": 3373898000, "costOfRevenue": 3002875000, "grossProfit": 371023000, "grossProfitRatio": 0.1099686475, "researchAndDevelopmentExpenses": 0, "generalAndAdministrativeExpenses": 192113000, "sellingAndMarketingExpenses": 55789000, "sellingGeneralAndAdministrativeExpenses": 192113000, "otherExpenses": -28000, "operatingExpenses": 254372000, "costAndExpenses": 3257247000, "interestIncome": 82000, "interestExpense": 1246000, "depreciationAndAmortization": 21302000, "ebitda": 138007000, "ebitdaratio": 0.040904319, "operatingIncome": 113747000, "operatingIncomeRatio": 0.033713823, "totalOtherIncomeExpensesNet": -2932000, "incomeBeforeTax": 112555000, "incomeBeforeTaxRatio": 0.0333605225, "incomeTaxExpense": 43445000, "netIncome": 69110000, "netIncomeRatio": 0.0204837254, "eps": 1.88, "epsdiluted": 1.87, "weightedAverageShsOut": 73658000, "weightedAverageShsOutDil": 73964000, "link": "https://www.sec.gov/Archives/edgar/data/940942/000119312514065229/0001193125-14-065229-index.htm", "finalLink": "https://www.sec.gov/Archives/edgar/data/940942/000119312514065229/d644558d10k.htm", "calculatedOtherExpenses": 65163000, "calculatedOperatingExpenses": 257276000, "calculatedNetInterest": -1164000, "calculatedOtherIncome": -28000, "calculatedIncomeNonControlling": 0, "calculatedEbitda": 135049000}, {"date": "2012-12-31", "symbol": "HUBG", "reportedCurrency": "USD", "cik": "0000940942", "fillingDate": "2013-02-25", "acceptedDate": "2013-02-25 16:43:07", "calendarYear": "2012", "period": "FY", "revenue": 3124108000, "costOfRevenue": 2768042000, "grossProfit": 356066000, "grossProfitRatio": 0.1139736526, "researchAndDevelopmentExpenses": 0, "generalAndAdministrativeExpenses": 181975000, "sellingAndMarketingExpenses": 55112000, "sellingGeneralAndAdministrativeExpenses": 181975000, "otherExpenses": -30000, "operatingExpenses": 243706000, "costAndExpenses": 3011748000, "interestIncome": 134000, "interestExpense": 1207000, "depreciationAndAmortization": 21575000, "ebitda": 134039000, "ebitdaratio": 0.0429047267, "operatingIncome": 112360000, "operatingIncomeRatio": 0.035965466, "totalOtherIncomeExpensesNet": -30000, "incomeBeforeTax": 111257000, "incomeBeforeTaxRatio": 0.0356124052, "incomeTaxExpense": 43304000, "netIncome": 67953000, "netIncomeRatio": 0.0217511687, "eps": 1.83, "epsdiluted": 1.83, "weightedAverageShsOut": 74106000, "weightedAverageShsOutDil": 74370000, "link": "https://www.sec.gov/Archives/edgar/data/940942/000119312513074185/0001193125-13-074185-index.htm", "finalLink": "https://www.sec.gov/Archives/edgar/data/940942/000119312513074185/d462606d10k.htm", "calculatedOtherExpenses": 61731000, "calculatedOperatingExpenses": 243706000, "calculatedNetInterest": -1073000, "calculatedOtherIncome": -30000, "calculatedIncomeNonControlling": 0, "calculatedEbitda": 133935000}, {"date": "2011-12-31", "symbol": "HUBG", "reportedCurrency": "USD", "cik": "0000940942", "fillingDate": "2012-02-24", "acceptedDate": "2012-02-24 16:18:14", "calendarYear": "2011", "period": "FY", "revenue": 2751534000, "costOfRevenue": 2438986000, "grossProfit": 312548000, "grossProfitRatio": 0.1135904554, "researchAndDevelopmentExpenses": 0, "generalAndAdministrativeExpenses": 212486000, "sellingAndMarketingExpenses": 0, "sellingGeneralAndAdministrativeExpenses": 212486000, "otherExpenses": 5603000, "operatingExpenses": 218089000, "costAndExpenses": 2657075000, "interestIncome": 118000, "interestExpense": 638000, "depreciationAndAmortization": 16340000, "ebitda": 110947000, "ebitdaratio": 0.0403218714, "operatingIncome": 94459000, "operatingIncomeRatio": 0.0343295776, "totalOtherIncomeExpensesNet": 328000, "incomeBeforeTax": 94297000, "incomeBeforeTaxRatio": 0.0342707014, "incomeTaxExpense": 36119000, "netIncome": 58178000, "netIncomeRatio": 0.0211438419, "eps": 1.58, "epsdiluted": 1.57, "weightedAverageShsOut": 73826000, "weightedAverageShsOutDil": 74126000, "link": "https://www.sec.gov/Archives/edgar/data/940942/000119312512078156/0001193125-12-078156-index.htm", "finalLink": "https://www.sec.gov/Archives/edgar/data/940942/000119312512078156/d263604d10k.htm", "calculatedOtherExpenses": 5603000, "calculatedOperatingExpenses": 218089000, "calculatedNetInterest": -520000, "calculatedOtherIncome": 358000, "calculatedIncomeNonControlling": 0, "calculatedEbitda": 110799000}, {"date": "2010-12-31", "symbol": "HUBG", "reportedCurrency": "USD", "cik": "0000940942", "fillingDate": "2011-02-24", "acceptedDate": "2011-02-24 15:59:46", "calendarYear": "2010", "period": "FY", "revenue": 1833737000, "costOfRevenue": 1620304000, "grossProfit": 213433000, "grossProfitRatio": 0.1163923725, "researchAndDevelopmentExpenses": 0, "generalAndAdministrativeExpenses": 139759000, "sellingAndMarketingExpenses": 0, "sellingGeneralAndAdministrativeExpenses": 139759000, "otherExpenses": 3792000, "operatingExpenses": 143551000, "costAndExpenses": 1763855000, "interestIncome": 119000, "interestExpense": 54000, "depreciationAndAmortization": 8572000, "ebitda": 78573000, "ebitdaratio": 0.0428485655, "operatingIncome": 69882000, "operatingIncomeRatio": 0.0381090636, "totalOtherIncomeExpensesNet": 146000, "incomeBeforeTax": 70093000, "incomeBeforeTaxRatio": 0.0382241292, "incomeTaxExpense": 26635000, "netIncome": 43458000, "netIncomeRatio": 0.0236991455, "eps": 1.17, "epsdiluted": 1.16, "weightedAverageShsOut": 74446000, "weightedAverageShsOutDil": 74770000, "link": "https://www.sec.gov/Archives/edgar/data/940942/000119312511045282/0001193125-11-045282-index.htm", "finalLink": "https://www.sec.gov/Archives/edgar/data/940942/000119312511045282/d10k.htm", "calculatedOtherExpenses": 3792000, "calculatedOperatingExpenses": 143551000, "calculatedNetInterest": 65000, "calculatedOtherIncome": 146000, "calculatedIncomeNonControlling": 0, "calculatedEbitda": 78454000}, {"date": "2009-12-31", "symbol": "HUBG", "reportedCurrency": "USD", "cik": "0000940942", "fillingDate": "2010-02-18", "acceptedDate": "2010-02-18 17:29:23", "calendarYear": "2009", "period": "FY", "revenue": 1510970000, "costOfRevenue": 1325280000, "grossProfit": 185690000, "grossProfitRatio": 0.1228945644, "researchAndDevelopmentExpenses": 0, "generalAndAdministrativeExpenses": 125985000, "sellingAndMarketingExpenses": 0, "sellingGeneralAndAdministrativeExpenses": 125985000, "otherExpenses": 4174000, "operatingExpenses": 130159000, "costAndExpenses": 1455439000, "interestIncome": 146000, "interestExpense": 91000, "depreciationAndAmortization": 8199000, "ebitda": 63876000, "ebitdaratio": 0.0422748301, "operatingIncome": 55531000, "operatingIncomeRatio": 0.0367518879, "totalOtherIncomeExpensesNet": 299000, "incomeBeforeTax": 55885000, "incomeBeforeTaxRatio": 0.0369861744, "incomeTaxExpense": 21620000, "netIncome": 34265000, "netIncomeRatio": 0.0226774853, "eps": 0.92, "epsdiluted": 0.91, "weightedAverageShsOut": 74734000, "weightedAverageShsOutDil": 75050000, "link": "https://www.sec.gov/Archives/edgar/data/940942/000094094210000004/0000940942-10-000004-index.htm", "finalLink": "https://www.sec.gov/Archives/edgar/data/940942/000094094210000004/hubgroup10k2009.htm", "calculatedOtherExpenses": 4174000, "calculatedOperatingExpenses": 130159000, "calculatedNetInterest": 55000, "calculatedOtherIncome": 299000, "calculatedIncomeNonControlling": 0, "calculatedEbitda": 63730000}, {"date": "2008-12-31", "symbol": "HUBG", "reportedCurrency": "USD", "cik": "0000940942", "fillingDate": "2009-02-17", "acceptedDate": "2009-02-17 16:53:11", "calendarYear": "2008", "period": "FY", "revenue": 1860608000, "costOfRevenue": 1626297000, "grossProfit": 234311000, "grossProfitRatio": 0.1259324909, "researchAndDevelopmentExpenses": 0, "generalAndAdministrativeExpenses": 41234000, "sellingAndMarketingExpenses": 0, "sellingGeneralAndAdministrativeExpenses": 41234000, "otherExpenses": 3957000, "operatingExpenses": 138849000, "costAndExpenses": 1765146000, "interestIncome": 1153000, "interestExpense": 102000, "depreciationAndAmortization": 7369000, "ebitda": 103984000, "ebitdaratio": 0.0558871079, "operatingIncome": 95462000, "operatingIncomeRatio": 0.0513068846, "totalOtherIncomeExpensesNet": -187000, "incomeBeforeTax": 96326000, "incomeBeforeTaxRatio": 0.051771249, "incomeTaxExpense": 37081000, "netIncome": 59245000, "netIncomeRatio": 0.0318417421, "eps": 1.59, "epsdiluted": 1.58, "weightedAverageShsOut": 74348000, "weightedAverageShsOutDil": 74968000, "link": "https://www.sec.gov/Archives/edgar/data/940942/000094094209000004/0000940942-09-000004-index.htm", "finalLink": "https://www.sec.gov/Archives/edgar/data/940942/000094094209000004/hubgroup10k2008.htm", "calculatedOtherExpenses": 97615000, "calculatedOperatingExpenses": 138849000, "calculatedNetInterest": 1051000, "calculatedOtherIncome": -187000, "calculatedIncomeNonControlling": 0, "calculatedEbitda": 102831000}, {"date": "2007-12-31", "symbol": "HUBG", "reportedCurrency": "USD", "cik": "0000940942", "fillingDate": "2008-02-22", "acceptedDate": "2008-02-22 16:25:47", "calendarYear": "2007", "period": "FY", "revenue": 1658168000, "costOfRevenue": 1425844000, "grossProfit": 232324000, "grossProfitRatio": 0.140108843, "researchAndDevelopmentExpenses": 0, "generalAndAdministrativeExpenses": 41416000, "sellingAndMarketingExpenses": 0, "sellingGeneralAndAdministrativeExpenses": 41416000, "otherExpenses": 100168000, "operatingExpenses": 141584000, "costAndExpenses": 1567428000, "interestIncome": 2480000, "interestExpense": -108000, "depreciationAndAmortization": 7195000, "ebitda": 97819000, "ebitdaratio": 0.0589922131, "operatingIncome": 90740000, "operatingIncomeRatio": 0.0547230437, "totalOtherIncomeExpensesNet": 116000, "incomeBeforeTax": 93228000, "incomeBeforeTaxRatio": 0.0562234948, "incomeTaxExpense": 33429000, "netIncome": 59799000, "netIncomeRatio": 0.0360632939, "eps": 1.55, "epsdiluted": 1.53, "weightedAverageShsOut": 77320000, "weightedAverageShsOutDil": 78256000, "link": "https://www.sec.gov/Archives/edgar/data/940942/000094094208000007/0000940942-08-000007-index.htm", "finalLink": "https://www.sec.gov/Archives/edgar/data/940942/000094094208000007/hubgroup10k2007.htm", "calculatedOtherExpenses": 100168000, "calculatedOperatingExpenses": 141584000, "calculatedNetInterest": 2588000, "calculatedOtherIncome": -100000, "calculatedIncomeNonControlling": 0, "calculatedEbitda": 97935000}, {"date": "2006-12-31", "symbol": "HUBG", "reportedCurrency": "USD", "cik": "0000940942", "fillingDate": "2007-02-23", "acceptedDate": "2007-02-23 17:16:45", "calendarYear": "2006", "period": "FY", "revenue": 1609529000, "costOfRevenue": 1391111000, "grossProfit": 218418000, "grossProfitRatio": 0.1357030535, "researchAndDevelopmentExpenses": 0, "generalAndAdministrativeExpenses": 39929000, "sellingAndMarketingExpenses": 0, "sellingGeneralAndAdministrativeExpenses": 39929000, "otherExpenses": 101253000, "operatingExpenses": 141182000, "costAndExpenses": 1532293000, "interestIncome": 2311000, "interestExpense": -115000, "depreciationAndAmortization": 8170000, "ebitda": 85330000, "ebitdaratio": 0.0530155095, "operatingIncome": 77236000, "operatingIncomeRatio": 0.0479867092, "totalOtherIncomeExpensesNet": 76000, "incomeBeforeTax": 79508000, "incomeBeforeTaxRatio": 0.0493983022, "incomeTaxExpense": 31803000, "netIncome": 48686000, "netIncomeRatio": 0.0302486007, "eps": 1.22, "epsdiluted": 1.19, "weightedAverageShsOut": 79916000, "weightedAverageShsOutDil": 81646000, "link": "https://www.sec.gov/Archives/edgar/data/940942/000094094207000008/0000940942-07-000008-index.htm", "finalLink": "https://www.sec.gov/Archives/edgar/data/940942/000094094207000008/hub10k2006.htm", "calculatedOtherExpenses": 101253000, "calculatedOperatingExpenses": 141182000, "calculatedNetInterest": 2426000, "calculatedOtherIncome": -154000, "calculatedIncomeNonControlling": -981000, "calculatedEbitda": 85406000}, {"date": "2005-12-31", "symbol": "HUBG", "reportedCurrency": "USD", "cik": "0000940942", "fillingDate": "2006-02-27", "acceptedDate": "2006-02-24 18:25:24", "calendarYear": "2005", "period": "FY", "revenue": 1531499000, "costOfRevenue": 1342476000, "grossProfit": 189023000, "grossProfitRatio": 0.1234235217, "researchAndDevelopmentExpenses": 0, "generalAndAdministrativeExpenses": 36850000, "sellingAndMarketingExpenses": 0, "sellingGeneralAndAdministrativeExpenses": 36850000, "otherExpenses": 97793000, "operatingExpenses": 134643000, "costAndExpenses": 1477119000, "interestIncome": 971000, "interestExpense": -638000, "depreciationAndAmortization": 10025000, "ebitda": 63931000, "ebitdaratio": 0.041744069, "operatingIncome": 54380000, "operatingIncomeRatio": 0.0355076954, "totalOtherIncomeExpensesNet": 474000, "incomeBeforeTax": 55187000, "incomeBeforeTaxRatio": 0.0360346301, "incomeTaxExpense": 22241000, "netIncome": 32946000, "netIncomeRatio": 0.0215122569, "eps": 0.83, "epsdiluted": 0.8, "weightedAverageShsOut": 79720000, "weightedAverageShsOutDil": 82784000, "link": "https://www.sec.gov/Archives/edgar/data/940942/000094094206000053/0000940942-06-000053-index.htm", "finalLink": "https://www.sec.gov/Archives/edgar/data/940942/000094094206000053/hubgroup10k2005.htm", "calculatedOtherExpenses": 97793000, "calculatedOperatingExpenses": 134643000, "calculatedNetInterest": 1609000, "calculatedOtherIncome": -802000, "calculatedIncomeNonControlling": 0, "calculatedEbitda": 64405000}, {"date": "2004-12-31", "symbol": "HUBG", "reportedCurrency": "USD", "cik": "0000940942", "fillingDate": "2005-02-28", "acceptedDate": "2005-02-25 18:56:29", "calendarYear": "2004", "period": "FY", "revenue": 1426806000, "costOfRevenue": 1247258000, "grossProfit": 179548000, "grossProfitRatio": 0.125839112, "researchAndDevelopmentExpenses": 0, "generalAndAdministrativeExpenses": 39218000, "sellingAndMarketingExpenses": 0, "sellingGeneralAndAdministrativeExpenses": 39218000, "otherExpenses": 99732000, "operatingExpenses": 138950000, "costAndExpenses": 1386208000, "interestIncome": 260000, "interestExpense": -4276000, "depreciationAndAmortization": 11828000, "ebitda": 51714000, "ebitdaratio": 0.0362445911, "operatingIncome": 40598000, "operatingIncomeRatio": 0.0284537632, "totalOtherIncomeExpensesNet": 712000, "incomeBeforeTax": 29998000, "incomeBeforeTaxRatio": 0.0210245822, "incomeTaxExpense": 12719000, "netIncome": 17279000, "netIncomeRatio": 0.0121102659, "eps": 0.49, "epsdiluted": 0.46, "weightedAverageShsOut": 70400000, "weightedAverageShsOutDil": 75112000, "link": "https://www.sec.gov/Archives/edgar/data/940942/000094094205000009/0000940942-05-000009-index.htm", "finalLink": "https://www.sec.gov/Archives/edgar/data/940942/000094094205000009/hubgroup10-k2004.htm", "calculatedOtherExpenses": 99732000, "calculatedOperatingExpenses": 138950000, "calculatedNetInterest": 4536000, "calculatedOtherIncome": -15136000, "calculatedIncomeNonControlling": 0, "calculatedEbitda": 52426000}, {"date": "2003-12-31", "symbol": "HUBG", "reportedCurrency": "USD", "cik": "0000940942", "fillingDate": "2004-03-12", "acceptedDate": "2004-03-12 17:08:56", "calendarYear": "2003", "period": "FY", "revenue": 1359614000, "costOfRevenue": 1188932000, "grossProfit": 170682000, "grossProfitRatio": 0.125537101, "researchAndDevelopmentExpenses": 0, "generalAndAdministrativeExpenses": 45650000, "sellingAndMarketingExpenses": 0, "sellingGeneralAndAdministrativeExpenses": 45650000, "otherExpenses": 100737000, "operatingExpenses": 146387000, "costAndExpenses": 1335319000, "interestIncome": 160000, "interestExpense": -7691000, "depreciationAndAmortization": 10797000, "ebitda": 34961000, "ebitdaratio": 0.0257139159, "operatingIncome": 24295000, "operatingIncomeRatio": 0.0178690422, "totalOtherIncomeExpensesNet": 131000, "incomeBeforeTax": 16895000, "incomeBeforeTaxRatio": 0.012426321, "incomeTaxExpense": 8465000, "netIncome": 8430000, "netIncomeRatio": 0.0062002892, "eps": 0.27, "epsdiluted": 0.27, "weightedAverageShsOut": 62444444, "weightedAverageShsOutDil": 62444444, "link": "https://www.sec.gov/Archives/edgar/data/940942/000094094204000004/0000940942-04-000004-index.htm", "finalLink": "https://www.sec.gov/Archives/edgar/data/940942/000094094204000004/body10kyearend.htm", "calculatedOtherExpenses": 100737000, "calculatedOperatingExpenses": 146387000, "calculatedNetInterest": 7851000, "calculatedOtherIncome": -15251000, "calculatedIncomeNonControlling": 0, "calculatedEbitda": 35092000}, {"date": "2002-12-31", "symbol": "HUBG", "reportedCurrency": "USD", "cik": "0000940942", "fillingDate": "2003-03-13", "acceptedDate": "2003-03-12 18:46:34", "calendarYear": "2002", "period": "FY", "revenue": 1335660000, "costOfRevenue": 1172848000, "grossProfit": 162812000, "grossProfitRatio": 0.121896291, "researchAndDevelopmentExpenses": 0, "generalAndAdministrativeExpenses": 46824000, "sellingAndMarketingExpenses": 0, "sellingGeneralAndAdministrativeExpenses": 46824000, "otherExpenses": 104847000, "operatingExpenses": 151671000, "costAndExpenses": 1324519000, "interestIncome": 0, "interestExpense": 0, "depreciationAndAmortization": 11476000, "ebitda": 22520000, "ebitdaratio": 0.0168605783, "operatingIncome": 11141000, "operatingIncomeRatio": 0.0083411946, "totalOtherIncomeExpensesNet": 97000, "incomeBeforeTax": 2539000, "incomeBeforeTaxRatio": 0.0019009329, "incomeTaxExpense": 1041000, "netIncome": 1498000, "netIncomeRatio": 0.0011215429, "eps": 0.05, "epsdiluted": 0.05, "weightedAverageShsOut": 59920000, "weightedAverageShsOutDil": 59920000, "link": "https://www.sec.gov/Archives/edgar/data/940942/000094094203000002/0000940942-03-000002-index.htm", "finalLink": "https://www.sec.gov/Archives/edgar/data/940942/000094094203000002/part110k2002.txt", "calculatedOtherExpenses": 104847000, "calculatedOperatingExpenses": 151671000, "calculatedNetInterest": 0, "calculatedOtherIncome": -8602000, "calculatedIncomeNonControlling": 0, "calculatedEbitda": 22617000}, {"date": "2001-12-31", "symbol": "HUBG", "reportedCurrency": "USD", "cik": "0000940942", "fillingDate": "2002-03-28", "acceptedDate": "2002-03-28 00:00:00", "calendarYear": "2001", "period": "FY", "revenue": 1319331000, "costOfRevenue": 1140368000, "grossProfit": 178963000, "grossProfitRatio": 0.1356467786, "researchAndDevelopmentExpenses": 0, "generalAndAdministrativeExpenses": 53613000, "sellingAndMarketingExpenses": 0, "sellingGeneralAndAdministrativeExpenses": 53613000, "otherExpenses": 111401000, "operatingExpenses": 165014000, "costAndExpenses": 1305382000, "interestIncome": 0, "interestExpense": -7302000, "depreciationAndAmortization": 16989000, "ebitda": 34333000, "ebitdaratio": 0.0260230374, "operatingIncome": 10548000, "operatingIncomeRatio": 0.0079949611, "totalOtherIncomeExpensesNet": -3395000, "incomeBeforeTax": 751000, "incomeBeforeTaxRatio": 0.0005692279, "incomeTaxExpense": 308000, "netIncome": 443000, "netIncomeRatio": 0.0003357762, "eps": 0.015, "epsdiluted": 0.015, "weightedAverageShsOut": 61664000, "weightedAverageShsOutDil": 61728000, "link": "https://www.sec.gov/Archives/edgar/data/940942/000094094202000002/0000940942-02-000002-index.htm", "finalLink": "https://www.sec.gov/Archives/edgar/data/940942/000094094202000002/part110k2001.txt", "calculatedOtherExpenses": 114802000, "calculatedOperatingExpenses": 168415000, "calculatedNetInterest": 7302000, "calculatedOtherIncome": -17099000, "calculatedIncomeNonControlling": 0, "calculatedEbitda": 27537000}, {"date": "2000-12-31", "symbol": "HUBG", "reportedCurrency": "USD", "cik": "0000940942", "fillingDate": "2001-03-16", "acceptedDate": "2001-03-16 00:00:00", "calendarYear": "2000", "period": "FY", "revenue": 1384379000, "costOfRevenue": 1211101000, "grossProfit": 173278000, "grossProfitRatio": 0.1251665909, "researchAndDevelopmentExpenses": 0, "generalAndAdministrativeExpenses": 46840000, "sellingAndMarketingExpenses": 0, "sellingGeneralAndAdministrativeExpenses": 46840000, "otherExpenses": 108039000, "operatingExpenses": 154879000, "costAndExpenses": 1365980000, "interestIncome": 0, "interestExpense": 0, "depreciationAndAmortization": 12616000, "ebitda": 30879000, "ebitdaratio": 0.022305308, "operatingIncome": 18399000, "operatingIncomeRatio": 0.0132904356, "totalOtherIncomeExpensesNet": 136000, "incomeBeforeTax": 7825000, "incomeBeforeTaxRatio": 0.0056523539, "incomeTaxExpense": 3208000, "netIncome": 4617000, "netIncomeRatio": 0.0033350694, "eps": 0.0753, "epsdiluted": 0.0753, "weightedAverageShsOut": 61325714, "weightedAverageShsOutDil": 61325714, "link": "https://www.sec.gov/Archives/edgar/data/940942/000094094201000004/0000940942-01-000004-index.htm", "finalLink": "https://www.sec.gov/Archives/edgar/data/940942/000094094201000004/0000940942-01-000004-0001.txt", "calculatedOtherExpenses": 108039000, "calculatedOperatingExpenses": 154879000, "calculatedNetInterest": 0, "calculatedOtherIncome": -10574000, "calculatedIncomeNonControlling": 0, "calculatedEbitda": 31015000}, {"date": "1999-12-31", "symbol": "HUBG", "reportedCurrency": "USD", "cik": "0000940942", "fillingDate": "2000-03-29", "acceptedDate": "2000-03-29 00:00:00", "calendarYear": "1999", "period": "FY", "revenue": 162415000, "costOfRevenue": 1135639000, "grossProfit": -973224000, "grossProfitRatio": -5.9922051535, "researchAndDevelopmentExpenses": 0, "generalAndAdministrativeExpenses": 39361000, "sellingAndMarketingExpenses": -1129000, "sellingGeneralAndAdministrativeExpenses": 38232000, "otherExpenses": 94049000, "operatingExpenses": 132281000, "costAndExpenses": 132281000, "interestIncome": 0, "interestExpense": 0, "depreciationAndAmortization": 10082000, "ebitda": 39025000, "ebitdaratio": 0.2402795308, "operatingIncome": 30134000, "operatingIncomeRatio": 0.1855370501, "totalOtherIncomeExpensesNet": 1191000, "incomeBeforeTax": 18384000, "incomeBeforeTaxRatio": 0.1131915156, "incomeTaxExpense": 7538000, "netIncome": 9405000, "netIncomeRatio": 0.057907213, "eps": 0.31, "epsdiluted": 0.3, "weightedAverageShsOut": 61672132, "weightedAverageShsOutDil": 62181818, "link": "https://www.sec.gov/Archives/edgar/data/940942/000094094200000006/0000940942-00-000006-index.html", "finalLink": "https://www.sec.gov/Archives/edgar/data/940942/000094094200000006/", "calculatedOtherExpenses": -1041590000, "calculatedOperatingExpenses": -1003358000, "calculatedNetInterest": 0, "calculatedOtherIncome": -11750000, "calculatedIncomeNonControlling": 1441000, "calculatedEbitda": 40216000}, {"date": "1998-12-31", "symbol": "HUBG", "reportedCurrency": "USD", "cik": "0000940942", "fillingDate": "1999-03-24", "acceptedDate": "1999-03-24 00:00:00", "calendarYear": "1998", "period": "FY", "revenue": 138334000, "costOfRevenue": 1007600000, "grossProfit": -869266000, "grossProfitRatio": -6.2838203189, "researchAndDevelopmentExpenses": 0, "generalAndAdministrativeExpenses": 32900000, "sellingAndMarketingExpenses": -15000, "sellingGeneralAndAdministrativeExpenses": 32885000, "otherExpenses": 79043000, "operatingExpenses": 111928000, "costAndExpenses": 111928000, "interestIncome": 0, "interestExpense": 0, "depreciationAndAmortization": 7656000, "ebitda": 33678000, "ebitdaratio": 0.2434542484, "operatingIncome": 26406000, "operatingIncomeRatio": 0.1908858271, "totalOtherIncomeExpensesNet": 384000, "incomeBeforeTax": 15205000, "incomeBeforeTaxRatio": 0.1099151329, "incomeTaxExpense": 6297000, "netIncome": 8900000, "netIncomeRatio": 0.0643370393, "eps": 0.29, "epsdiluted": 0.29, "weightedAverageShsOut": 61379310, "weightedAverageShsOutDil": 61913044, "link": "https://www.sec.gov/Archives/edgar/data/940942/000094094299000003/0000940942-99-000003-index.html", "finalLink": "https://www.sec.gov/Archives/edgar/data/940942/", "calculatedOtherExpenses": -928557000, "calculatedOperatingExpenses": -895672000, "calculatedNetInterest": 0, "calculatedOtherIncome": -11201000, "calculatedIncomeNonControlling": 8000, "calculatedEbitda": 34062000}, {"date": "1997-12-31", "symbol": "HUBG", "reportedCurrency": "USD", "cik": "0000940942", "fillingDate": "1998-03-23", "acceptedDate": "1998-03-23 00:00:00", "calendarYear": "1997", "period": "FY", "revenue": 129855000, "costOfRevenue": 933500000, "grossProfit": -803645000, "grossProfitRatio": -6.1887874937, "researchAndDevelopmentExpenses": 0, "generalAndAdministrativeExpenses": 27500000, "sellingAndMarketingExpenses": -22000, "sellingGeneralAndAdministrativeExpenses": 27478000, "otherExpenses": 68882000, "operatingExpenses": 96360000, "costAndExpenses": 96360000, "interestIncome": 0, "interestExpense": 0, "depreciationAndAmortization": 5688000, "ebitda": 39050000, "ebitdaratio": 0.3007200339, "operatingIncome": 33495000, "operatingIncomeRatio": 0.2579415502, "totalOtherIncomeExpensesNet": 133000, "incomeBeforeTax": 15874000, "incomeBeforeTaxRatio": 0.1222440414, "incomeTaxExpense": 6349000, "netIncome": 9500000, "netIncomeRatio": 0.073158523, "eps": 0.37, "epsdiluted": 0.37, "weightedAverageShsOut": 51351352, "weightedAverageShsOutDil": 52054794, "link": "https://www.sec.gov/Archives/edgar/data/940942/000094094298000002/0000940942-98-000002-index.html", "finalLink": "https://www.sec.gov/Archives/edgar/data/940942/", "calculatedOtherExpenses": -864618000, "calculatedOperatingExpenses": -837140000, "calculatedNetInterest": 0, "calculatedOtherIncome": -17621000, "calculatedIncomeNonControlling": 25000, "calculatedEbitda": 39183000}, {"date": "1996-12-31", "symbol": "HUBG", "reportedCurrency": "USD", "cik": "0000940942", "fillingDate": "1997-03-27", "acceptedDate": "1997-03-27 00:00:00", "calendarYear": "1996", "period": "FY", "revenue": 91564000, "costOfRevenue": 662500000, "grossProfit": -570936000, "grossProfitRatio": -6.2353763488, "researchAndDevelopmentExpenses": 0, "generalAndAdministrativeExpenses": 0, "sellingAndMarketingExpenses": 0, "sellingGeneralAndAdministrativeExpenses": 17147000, "otherExpenses": 46492000, "operatingExpenses": 63639000, "costAndExpenses": 63639000, "interestIncome": 0, "interestExpense": 0, "depreciationAndAmortization": 2786000, "ebitda": 30722000, "ebitdaratio": 0.3355248788, "operatingIncome": 27925000, "operatingIncomeRatio": 0.3049779389, "totalOtherIncomeExpensesNet": -11000, "incomeBeforeTax": 11338000, "incomeBeforeTaxRatio": 0.1238259578, "incomeTaxExpense": 4294000, "netIncome": 7000000, "netIncomeRatio": 0.0764492595, "eps": 0.34, "epsdiluted": 0.34, "weightedAverageShsOut": 41176470, "weightedAverageShsOutDil": 41481482, "link": "https://www.sec.gov/Archives/edgar/data/940942/000095013197002083/0000950131-97-002083-index.html", "finalLink": "https://www.sec.gov/Archives/edgar/data/940942/", "calculatedOtherExpenses": -616008000, "calculatedOperatingExpenses": -598861000, "calculatedNetInterest": 0, "calculatedOtherIncome": -16587000, "calculatedIncomeNonControlling": 44000, "calculatedEbitda": 30711000}]}