{"originalCurrency": "USD", "convertedCurrency": "USD", "report": [{"date": "2023-12-31", "symbol": "HUBS", "reportedCurrency": "USD", "cik": "0001404655", "fillingDate": "2024-02-14", "acceptedDate": "2024-02-14 16:31:11", "calendarYear": "2023", "period": "FY", "revenue": 2170230000, "costOfRevenue": 345489000, "grossProfit": 1824741000, "grossProfitRatio": 0.8408053524, "researchAndDevelopmentExpenses": 617745000, "generalAndAdministrativeExpenses": 249649000, "sellingAndMarketingExpenses": 1068560000, "sellingGeneralAndAdministrativeExpenses": 1318209000, "otherExpenses": -4673000, "operatingExpenses": 1935954000, "costAndExpenses": 2281443000, "interestIncome": 58828000, "interestExpense": 3801000, "depreciationAndAmortization": 72673000, "ebitda": 15615000, "ebitdaratio": 0.0071950899, "operatingIncome": -208056000, "operatingIncomeRatio": -0.0958681799, "totalOtherIncomeExpensesNet": -101516000, "incomeBeforeTax": -157702000, "incomeBeforeTaxRatio": -0.0726660308, "incomeTaxExpense": 18593000, "netIncome": -176295000, "netIncomeRatio": -0.0812333255, "eps": -3.53, "epsdiluted": -3.53, "weightedAverageShsOut": 49877000, "weightedAverageShsOutDil": 49877000, "link": "https://www.sec.gov/Archives/edgar/data/1404655/000095017024015277/0000950170-24-015277-index.htm", "finalLink": "https://www.sec.gov/Archives/edgar/data/1404655/000095017024015277/hubs-20231231.htm", "calculatedOtherExpenses": 96843000, "calculatedOperatingExpenses": 2032797000, "calculatedNetInterest": 55027000, "calculatedOtherIncome": -4673000, "calculatedIncomeNonControlling": 0, "calculatedEbitda": -135383000}, {"date": "2022-12-31", "symbol": "HUBS", "reportedCurrency": "USD", "cik": "0001404655", "fillingDate": "2023-02-16", "acceptedDate": "2023-02-16 16:44:27", "calendarYear": "2022", "period": "FY", "revenue": 1730969000, "costOfRevenue": 314259000, "grossProfit": 1416710000, "grossProfitRatio": 0.8184490883, "researchAndDevelopmentExpenses": 442022000, "generalAndAdministrativeExpenses": 197720000, "sellingAndMarketingExpenses": 886069000, "sellingGeneralAndAdministrativeExpenses": 1083789000, "otherExpenses": -6829000, "operatingExpenses": 1525811000, "costAndExpenses": 1840070000, "interestIncome": 15000000, "interestExpense": 3762000, "depreciationAndAmortization": 66321000, "ebitda": -42780000, "ebitdaratio": -0.0247144807, "operatingIncome": -109101000, "operatingIncomeRatio": -0.0630288584, "totalOtherIncomeExpensesNet": 4409000, "incomeBeforeTax": -104692000, "incomeBeforeTaxRatio": -0.0604817302, "incomeTaxExpense": 8057000, "netIncome": -112749000, "netIncomeRatio": -0.0651363485, "eps": -2.35, "epsdiluted": -2.35, "weightedAverageShsOut": 48065000, "weightedAverageShsOutDil": 48065000, "link": "https://www.sec.gov/Archives/edgar/data/1404655/000095017023003077/0000950170-23-003077-index.htm", "finalLink": "https://www.sec.gov/Archives/edgar/data/1404655/000095017023003077/hubs-20221231.htm", "calculatedOtherExpenses": 0, "calculatedOperatingExpenses": 1525811000, "calculatedNetInterest": 11238000, "calculatedOtherIncome": -6829000, "calculatedIncomeNonControlling": 0, "calculatedEbitda": -42780000}, {"date": "2021-12-31", "symbol": "HUBS", "reportedCurrency": "USD", "cik": "0001404655", "fillingDate": "2022-02-14", "acceptedDate": "2022-02-14 16:31:54", "calendarYear": "2021", "period": "FY", "revenue": 1300658000, "costOfRevenue": 258857000, "grossProfit": 1041801000, "grossProfitRatio": 0.8009799655, "researchAndDevelopmentExpenses": 301970000, "generalAndAdministrativeExpenses": 144949000, "sellingAndMarketingExpenses": 649681000, "sellingGeneralAndAdministrativeExpenses": 794630000, "otherExpenses": 10090000, "operatingExpenses": 1096600000, "costAndExpenses": 1355457000, "interestIncome": 1173000, "interestExpense": 30282000, "depreciationAndAmortization": 45159000, "ebitda": 1623000, "ebitdaratio": 0.0012478299, "operatingIncome": -43536000, "operatingIncomeRatio": -0.0334722886, "totalOtherIncomeExpensesNet": -30282000, "incomeBeforeTax": -73818000, "incomeBeforeTaxRatio": -0.0567543505, "incomeTaxExpense": 4019000, "netIncome": -77837000, "netIncomeRatio": -0.0598443249, "eps": -1.66, "epsdiluted": -1.66, "weightedAverageShsOut": 46891000, "weightedAverageShsOutDil": 46891000, "link": "https://www.sec.gov/Archives/edgar/data/1404655/000095017022001221/0000950170-22-001221-index.htm", "finalLink": "https://www.sec.gov/Archives/edgar/data/1404655/000095017022001221/hubs-20211231.htm", "calculatedOtherExpenses": -11263000, "calculatedOperatingExpenses": 1085337000, "calculatedNetInterest": -29109000, "calculatedOtherIncome": -1173000, "calculatedIncomeNonControlling": 0, "calculatedEbitda": 1623000}, {"date": "2020-12-31", "symbol": "HUBS", "reportedCurrency": "USD", "cik": "0001404655", "fillingDate": "2021-02-16", "acceptedDate": "2021-02-16 16:38:27", "calendarYear": "2020", "period": "FY", "revenue": 883026000, "costOfRevenue": 166959000, "grossProfit": 716067000, "grossProfitRatio": 0.8109240272, "researchAndDevelopmentExpenses": 205589000, "generalAndAdministrativeExpenses": 109225000, "sellingAndMarketingExpenses": 452081000, "sellingGeneralAndAdministrativeExpenses": 561306000, "otherExpenses": -711000, "operatingExpenses": 766895000, "costAndExpenses": 933854000, "interestIncome": 7773000, "interestExpense": 37049000, "depreciationAndAmortization": 44122000, "ebitda": -6706000, "ebitdaratio": -0.0075943404, "operatingIncome": -50828000, "operatingIncomeRatio": -0.057561159, "totalOtherIncomeExpensesNet": -29987000, "incomeBeforeTax": -80815000, "incomeBeforeTaxRatio": -0.0915205215, "incomeTaxExpense": 4216000, "netIncome": -85031000, "netIncomeRatio": -0.0962950128, "eps": -1.9, "epsdiluted": -1.9, "weightedAverageShsOut": 44757000, "weightedAverageShsOutDil": 44757000, "link": "https://www.sec.gov/Archives/edgar/data/1404655/000156459021006083/0001564590-21-006083-index.htm", "finalLink": "https://www.sec.gov/Archives/edgar/data/1404655/000156459021006083/hubs-10k_20201231.htm", "calculatedOtherExpenses": 0, "calculatedOperatingExpenses": 766895000, "calculatedNetInterest": -29276000, "calculatedOtherIncome": -711000, "calculatedIncomeNonControlling": 0, "calculatedEbitda": -6706000}, {"date": "2019-12-31", "symbol": "HUBS", "reportedCurrency": "USD", "cik": "0001404655", "fillingDate": "2020-02-12", "acceptedDate": "2020-02-12 17:03:07", "calendarYear": "2019", "period": "FY", "revenue": 674860000, "costOfRevenue": 129958000, "grossProfit": 544902000, "grossProfitRatio": 0.8074296891, "researchAndDevelopmentExpenses": 158237000, "generalAndAdministrativeExpenses": 92971000, "sellingAndMarketingExpenses": 340685000, "sellingGeneralAndAdministrativeExpenses": 433656000, "otherExpenses": -393000, "operatingExpenses": 591893000, "costAndExpenses": 721851000, "interestIncome": 19429000, "interestExpense": 22818000, "depreciationAndAmortization": 28793000, "ebitda": 838000, "ebitdaratio": 0.001241739, "operatingIncome": -27955000, "operatingIncomeRatio": -0.0414234063, "totalOtherIncomeExpensesNet": -22818000, "incomeBeforeTax": -50773000, "incomeBeforeTaxRatio": -0.0752348635, "incomeTaxExpense": 2973000, "netIncome": -53746000, "netIncomeRatio": -0.0796402217, "eps": -1.28, "epsdiluted": -1.28, "weightedAverageShsOut": 42025000, "weightedAverageShsOutDil": 42025000, "link": "https://www.sec.gov/Archives/edgar/data/1404655/000156459020004381/0001564590-20-004381-index.htm", "finalLink": "https://www.sec.gov/Archives/edgar/data/1404655/000156459020004381/hubs-10k_20191231.htm", "calculatedOtherExpenses": -19036000, "calculatedOperatingExpenses": 572857000, "calculatedNetInterest": -3389000, "calculatedOtherIncome": -19429000, "calculatedIncomeNonControlling": 0, "calculatedEbitda": 838000}, {"date": "2018-12-31", "symbol": "HUBS", "reportedCurrency": "USD", "cik": "0001404655", "fillingDate": "2019-02-12", "acceptedDate": "2019-02-12 16:52:27", "calendarYear": "2018", "period": "FY", "revenue": 512980000, "costOfRevenue": 100357000, "grossProfit": 412623000, "grossProfitRatio": 0.8043646926, "researchAndDevelopmentExpenses": 117603000, "generalAndAdministrativeExpenses": 75834000, "sellingAndMarketingExpenses": 267444000, "sellingGeneralAndAdministrativeExpenses": 343278000, "otherExpenses": -1492000, "operatingExpenses": 460881000, "costAndExpenses": 561238000, "interestIncome": 9176000, "interestExpense": 21386000, "depreciationAndAmortization": 23428000, "ebitda": -17146000, "ebitdaratio": -0.033424305, "operatingIncome": -48258000, "operatingIncomeRatio": -0.094073843, "totalOtherIncomeExpensesNet": -1492000, "incomeBeforeTax": -61960000, "incomeBeforeTaxRatio": -0.120784436, "incomeTaxExpense": 1868000, "netIncome": -63828000, "netIncomeRatio": -0.1244259035, "eps": -1.66, "epsdiluted": -1.66, "weightedAverageShsOut": 38450602, "weightedAverageShsOutDil": 38529000, "link": "https://www.sec.gov/Archives/edgar/data/1404655/000156459019002699/0001564590-19-002699-index.htm", "finalLink": "https://www.sec.gov/Archives/edgar/data/1404655/000156459019002699/hubs-10k_20181231.htm", "calculatedOtherExpenses": 0, "calculatedOperatingExpenses": 460881000, "calculatedNetInterest": -12210000, "calculatedOtherIncome": -1492000, "calculatedIncomeNonControlling": 0, "calculatedEbitda": -24830000}, {"date": "2017-12-31", "symbol": "HUBS", "reportedCurrency": "USD", "cik": "0001404655", "fillingDate": "2018-02-13", "acceptedDate": "2018-02-13 17:13:08", "calendarYear": "2017", "period": "FY", "revenue": 375612000, "costOfRevenue": 75729000, "grossProfit": 299883000, "grossProfitRatio": 0.7983850356, "researchAndDevelopmentExpenses": 70373000, "generalAndAdministrativeExpenses": 56787000, "sellingAndMarketingExpenses": 212859000, "sellingGeneralAndAdministrativeExpenses": 269646000, "otherExpenses": -559000, "operatingExpenses": 340019000, "costAndExpenses": 415748000, "interestIncome": 3837000, "interestExpense": 13181000, "depreciationAndAmortization": 15786000, "ebitda": -21072000, "ebitdaratio": -0.0561004441, "operatingIncome": -40136000, "operatingIncomeRatio": -0.1068549461, "totalOtherIncomeExpensesNet": -559000, "incomeBeforeTax": -50039000, "incomeBeforeTaxRatio": -0.1332199184, "incomeTaxExpense": -10325000, "netIncome": -39714000, "netIncomeRatio": -0.1057314463, "eps": -1.08, "epsdiluted": -1.08, "weightedAverageShsOut": 36772222, "weightedAverageShsOutDil": 36827000, "link": "https://www.sec.gov/Archives/edgar/data/1404655/000156459018001962/0001564590-18-001962-index.htm", "finalLink": "https://www.sec.gov/Archives/edgar/data/1404655/000156459018001962/hubs-10k_20171231.htm", "calculatedOtherExpenses": 0, "calculatedOperatingExpenses": 340019000, "calculatedNetInterest": -9344000, "calculatedOtherIncome": -559000, "calculatedIncomeNonControlling": 0, "calculatedEbitda": -24350000}, {"date": "2016-12-31", "symbol": "HUBS", "reportedCurrency": "USD", "cik": "0001404655", "fillingDate": "2017-02-16", "acceptedDate": "2017-02-16 16:17:28", "calendarYear": "2016", "period": "FY", "revenue": 270967000, "costOfRevenue": 61865000, "grossProfit": 209102000, "grossProfitRatio": 0.7716880653, "researchAndDevelopmentExpenses": 45997000, "generalAndAdministrativeExpenses": 45120000, "sellingAndMarketingExpenses": 162647000, "sellingGeneralAndAdministrativeExpenses": 207767000, "otherExpenses": -956000, "operatingExpenses": 253764000, "costAndExpenses": 315629000, "interestIncome": 854000, "interestExpense": 265000, "depreciationAndAmortization": 11177000, "ebitda": -33587000, "ebitdaratio": -0.1239523632, "operatingIncome": -44662000, "operatingIncomeRatio": -0.1648244989, "totalOtherIncomeExpensesNet": -956000, "incomeBeforeTax": -45029000, "incomeBeforeTaxRatio": -0.1661789074, "incomeTaxExpense": 533000, "netIncome": -45562000, "netIncomeRatio": -0.1681459366, "eps": -1.29, "epsdiluted": -1.29, "weightedAverageShsOut": 35197000, "weightedAverageShsOutDil": 35197000, "link": "https://www.sec.gov/Archives/edgar/data/1404655/000156459017001694/0001564590-17-001694-index.htm", "finalLink": "https://www.sec.gov/Archives/edgar/data/1404655/000156459017001694/hubs-10k_20161231.htm", "calculatedOtherExpenses": 0, "calculatedOperatingExpenses": 253764000, "calculatedNetInterest": 589000, "calculatedOtherIncome": -956000, "calculatedIncomeNonControlling": 0, "calculatedEbitda": -33485000}, {"date": "2015-12-31", "symbol": "HUBS", "reportedCurrency": "USD", "cik": "0001404655", "fillingDate": "2016-02-24", "acceptedDate": "2016-02-24 16:28:09", "calendarYear": "2015", "period": "FY", "revenue": 181943000, "costOfRevenue": 47923000, "grossProfit": 134020000, "grossProfitRatio": 0.7366043211, "researchAndDevelopmentExpenses": 32457000, "generalAndAdministrativeExpenses": 35408000, "sellingAndMarketingExpenses": 112629000, "sellingGeneralAndAdministrativeExpenses": 148037000, "otherExpenses": 628000, "operatingExpenses": 180494000, "costAndExpenses": 228417000, "interestIncome": 390000, "interestExpense": 185000, "depreciationAndAmortization": 7343000, "ebitda": -38113000, "ebitdaratio": -0.2094776936, "operatingIncome": -46474000, "operatingIncomeRatio": -0.2554316462, "totalOtherIncomeExpensesNet": 628000, "incomeBeforeTax": -45641000, "incomeBeforeTaxRatio": -0.2508532892, "incomeTaxExpense": 412000, "netIncome": -46053000, "netIncomeRatio": -0.2531177347, "eps": -1.39, "epsdiluted": -1.39, "weightedAverageShsOut": 33131654, "weightedAverageShsOutDil": 33222000, "link": "https://www.sec.gov/Archives/edgar/data/1404655/000156459016013204/0001564590-16-013204-index.htm", "finalLink": "https://www.sec.gov/Archives/edgar/data/1404655/000156459016013204/hubs-10k_20151231.htm", "calculatedOtherExpenses": 0, "calculatedOperatingExpenses": 180494000, "calculatedNetInterest": 205000, "calculatedOtherIncome": 628000, "calculatedIncomeNonControlling": 0, "calculatedEbitda": -39131000}, {"date": "2014-12-31", "symbol": "HUBS", "reportedCurrency": "USD", "cik": "0001404655", "fillingDate": "2015-03-05", "acceptedDate": "2015-03-05 17:12:02", "calendarYear": "2014", "period": "FY", "revenue": 115876000, "costOfRevenue": 37080000, "grossProfit": 78796000, "grossProfitRatio": 0.6800027616, "researchAndDevelopmentExpenses": 25638000, "generalAndAdministrativeExpenses": 22958000, "sellingAndMarketingExpenses": 78809000, "sellingGeneralAndAdministrativeExpenses": 101767000, "otherExpenses": 564000, "operatingExpenses": 127405000, "costAndExpenses": 164485000, "interestIncome": 46000, "interestExpense": 322000, "depreciationAndAmortization": 5714000, "ebitda": -42285000, "ebitdaratio": -0.3649159446, "operatingIncome": -48609000, "operatingIncomeRatio": -0.4194915254, "totalOtherIncomeExpensesNet": 564000, "incomeBeforeTax": -48321000, "incomeBeforeTaxRatio": -0.41700611, "incomeTaxExpense": -92000, "netIncome": -48229000, "netIncomeRatio": -0.4162121578, "eps": -4.17, "epsdiluted": -4.17, "weightedAverageShsOut": 11561904, "weightedAverageShsOutDil": 11562000, "link": "https://www.sec.gov/Archives/edgar/data/1404655/000119312515079000/0001193125-15-079000-index.htm", "finalLink": "https://www.sec.gov/Archives/edgar/data/1404655/000119312515079000/d849700d10k.htm", "calculatedOtherExpenses": 0, "calculatedOperatingExpenses": 127405000, "calculatedNetInterest": -276000, "calculatedOtherIncome": 564000, "calculatedIncomeNonControlling": 0, "calculatedEbitda": -42895000}, {"date": "2013-12-31", "symbol": "HUBS", "reportedCurrency": "USD", "cik": "0001404655", "fillingDate": "2013-12-31", "acceptedDate": "2013-12-30 19:00:00", "calendarYear": "2013", "period": "FY", "revenue": 77634000, "costOfRevenue": 29039000, "grossProfit": 48595000, "grossProfitRatio": 0.6259499704, "researchAndDevelopmentExpenses": 15018000, "generalAndAdministrativeExpenses": 14669000, "sellingAndMarketingExpenses": 53158000, "sellingGeneralAndAdministrativeExpenses": 67827000, "otherExpenses": -38000, "operatingExpenses": 82845000, "costAndExpenses": 111884000, "interestIncome": 34000, "interestExpense": 20000, "depreciationAndAmortization": 4472000, "ebitda": -29782000, "ebitdaratio": -0.3836205786, "operatingIncome": -34250000, "operatingIncomeRatio": -0.4411726821, "totalOtherIncomeExpensesNet": -38000, "incomeBeforeTax": -34274000, "incomeBeforeTaxRatio": -0.441481825, "incomeTaxExpense": -18000, "netIncome": -34274000, "netIncomeRatio": -0.441481825, "eps": -1.36, "epsdiluted": -1.36, "weightedAverageShsOut": 25166000, "weightedAverageShsOutDil": 25166000, "link": "", "finalLink": "", "calculatedOtherExpenses": 0, "calculatedOperatingExpenses": 82845000, "calculatedNetInterest": 14000, "calculatedOtherIncome": -38000, "calculatedIncomeNonControlling": 18000, "calculatedEbitda": -29778000}, {"date": "2012-12-31", "symbol": "HUBS", "reportedCurrency": "USD", "cik": "0001404655", "fillingDate": "2012-12-31", "acceptedDate": "2012-12-30 19:00:00", "calendarYear": "2012", "period": "FY", "revenue": 51604000, "costOfRevenue": 16838000, "grossProfit": 34766000, "grossProfitRatio": 0.6737074645, "researchAndDevelopmentExpenses": 10585000, "generalAndAdministrativeExpenses": 7972000, "sellingAndMarketingExpenses": 34949000, "sellingGeneralAndAdministrativeExpenses": 42921000, "otherExpenses": -1000, "operatingExpenses": 53506000, "costAndExpenses": 70344000, "interestIncome": 26000, "interestExpense": 63000, "depreciationAndAmortization": 2736000, "ebitda": -15979000, "ebitdaratio": -0.309646539, "operatingIncome": -18740000, "operatingIncomeRatio": -0.3631501434, "totalOtherIncomeExpensesNet": -1000, "incomeBeforeTax": -18778000, "incomeBeforeTaxRatio": -0.3638865204, "incomeTaxExpense": 62000, "netIncome": -18778000, "netIncomeRatio": -0.3638865204, "eps": -0.75, "epsdiluted": -0.75, "weightedAverageShsOut": 25166000, "weightedAverageShsOutDil": 25166000, "link": "", "finalLink": "", "calculatedOtherExpenses": 0, "calculatedOperatingExpenses": 53506000, "calculatedNetInterest": -37000, "calculatedOtherIncome": -1000, "calculatedIncomeNonControlling": -62000, "calculatedEbitda": -16004000}, {"date": "2011-12-31", "symbol": "HUBS", "reportedCurrency": "USD", "cik": "0001404655", "fillingDate": "2011-12-31", "acceptedDate": "2011-12-30 19:00:00", "calendarYear": "2011", "period": "FY", "revenue": 28553000, "costOfRevenue": 12080000, "grossProfit": 16473000, "grossProfitRatio": 0.576927118, "researchAndDevelopmentExpenses": 10031000, "generalAndAdministrativeExpenses": 6769000, "sellingAndMarketingExpenses": 24088000, "sellingGeneralAndAdministrativeExpenses": 30857000, "otherExpenses": -2000, "operatingExpenses": 40888000, "costAndExpenses": 52968000, "interestIncome": 36000, "interestExpense": 30000, "depreciationAndAmortization": 1891000, "ebitda": -22490000, "ebitdaratio": -0.7876580394, "operatingIncome": -24415000, "operatingIncomeRatio": -0.8550765244, "totalOtherIncomeExpensesNet": -2000, "incomeBeforeTax": -24411000, "incomeBeforeTaxRatio": -0.854936434, "incomeTaxExpense": 28000, "netIncome": -24411000, "netIncomeRatio": -0.854936434, "eps": -0.99, "epsdiluted": -0.99, "weightedAverageShsOut": 24643000, "weightedAverageShsOutDil": 24643000, "link": "", "finalLink": "", "calculatedOtherExpenses": 0, "calculatedOperatingExpenses": 40888000, "calculatedNetInterest": 6000, "calculatedOtherIncome": -2000, "calculatedIncomeNonControlling": -28000, "calculatedEbitda": -22524000}]}