{"originalCurrency": "USD", "convertedCurrency": "USD", "report": [{"date": "2023-12-31", "symbol": "HUM", "reportedCurrency": "USD", "cik": "0000049071", "fillingDate": "2024-02-15", "acceptedDate": "2024-02-15 16:55:39", "calendarYear": "2023", "period": "FY", "revenue": 106440000000, "costOfRevenue": 13188000000, "grossProfit": 93252000000, "grossProfitRatio": 0.8760992108, "researchAndDevelopmentExpenses": 0, "generalAndAdministrativeExpenses": 0, "sellingAndMarketingExpenses": 0, "sellingGeneralAndAdministrativeExpenses": 12627000000, "otherExpenses": -13908000000, "operatingExpenses": 13908000000, "costAndExpenses": -102302000000, "interestIncome": 0, "interestExpense": 493000000, "depreciationAndAmortization": 917000000, "ebitda": 4597000000, "ebitdaratio": 0.0431886509, "operatingIncome": 4013000000, "operatingIncomeRatio": 0.0377019917, "totalOtherIncomeExpensesNet": 3383000000, "incomeBeforeTax": 3383000000, "incomeBeforeTaxRatio": 0.0317831642, "incomeTaxExpense": 836000000, "netIncome": 2489000000, "netIncomeRatio": 0.0233840661, "eps": 20.09, "epsdiluted": 20, "weightedAverageShsOut": 123866000, "weightedAverageShsOutDil": 124441000, "link": "https://www.sec.gov/Archives/edgar/data/49071/000004907124000012/0000049071-24-000012-index.htm", "finalLink": "https://www.sec.gov/Archives/edgar/data/49071/000004907124000012/hum-20231231.htm", "calculatedOtherExpenses": 76612000000, "calculatedOperatingExpenses": 89239000000, "calculatedNetInterest": -493000000, "calculatedOtherIncome": -137000000, "calculatedIncomeNonControlling": 58000000, "calculatedEbitda": 4930000000}, {"date": "2022-12-31", "symbol": "HUM", "reportedCurrency": "USD", "cik": "0000049071", "fillingDate": "2023-02-16", "acceptedDate": "2023-02-16 15:11:58", "calendarYear": "2022", "period": "FY", "revenue": 92870000000, "costOfRevenue": 12671000000, "grossProfit": 80199000000, "grossProfitRatio": 0.8635619683, "researchAndDevelopmentExpenses": 0, "generalAndAdministrativeExpenses": 0, "sellingAndMarketingExpenses": 0, "sellingGeneralAndAdministrativeExpenses": 12198000000, "otherExpenses": 89070000000, "operatingExpenses": 89070000000, "costAndExpenses": 89302000000, "interestIncome": 401000000, "interestExpense": 401000000, "depreciationAndAmortization": 845000000, "ebitda": 4814000000, "ebitdaratio": 0.0518358996, "operatingIncome": 3969000000, "operatingIncomeRatio": 0.0427371595, "totalOtherIncomeExpensesNet": -401000000, "incomeBeforeTax": 3568000000, "incomeBeforeTaxRatio": 0.0384192958, "incomeTaxExpense": 762000000, "netIncome": 2806000000, "netIncomeRatio": 0.030214278, "eps": 22.2, "epsdiluted": 22.08, "weightedAverageShsOut": 126419000, "weightedAverageShsOutDil": 127094000, "link": "https://www.sec.gov/Archives/edgar/data/49071/000004907123000011/0000049071-23-000011-index.htm", "finalLink": "https://www.sec.gov/Archives/edgar/data/49071/000004907123000011/hum-20221231.htm", "calculatedOtherExpenses": 64032000000, "calculatedOperatingExpenses": 76230000000, "calculatedNetInterest": 0, "calculatedOtherIncome": -401000000, "calculatedIncomeNonControlling": 0, "calculatedEbitda": 4814000000}, {"date": "2021-12-31", "symbol": "HUM", "reportedCurrency": "USD", "cik": "0000049071", "fillingDate": "2022-02-17", "acceptedDate": "2022-02-17 16:23:04", "calendarYear": "2021", "period": "FY", "revenue": 83064000000, "costOfRevenue": 10121000000, "grossProfit": 72943000000, "grossProfitRatio": 0.8781541944, "researchAndDevelopmentExpenses": 0, "generalAndAdministrativeExpenses": 0, "sellingAndMarketingExpenses": 0, "sellingGeneralAndAdministrativeExpenses": 10121000000, "otherExpenses": -89767000000, "operatingExpenses": -79646000000, "costAndExpenses": 79710000000, "interestIncome": 326000000, "interestExpense": 326000000, "depreciationAndAmortization": 713000000, "ebitda": 4131000000, "ebitdaratio": 0.0497327362, "operatingIncome": 3418000000, "operatingIncomeRatio": 0.0411489935, "totalOtherIncomeExpensesNet": -64000000, "incomeBeforeTax": 3354000000, "incomeBeforeTaxRatio": 0.0403785033, "incomeTaxExpense": 485000000, "netIncome": 2933000000, "netIncomeRatio": 0.0353101223, "eps": 22.79, "epsdiluted": 22.67, "weightedAverageShsOut": 128687999, "weightedAverageShsOutDil": 129395999, "link": "https://www.sec.gov/Archives/edgar/data/49071/000004907122000017/0000049071-22-000017-index.htm", "finalLink": "https://www.sec.gov/Archives/edgar/data/49071/000004907122000017/hum-20211231.htm", "calculatedOtherExpenses": 59404000000, "calculatedOperatingExpenses": 69525000000, "calculatedNetInterest": 0, "calculatedOtherIncome": -64000000, "calculatedIncomeNonControlling": -64000000, "calculatedEbitda": 4131000000}, {"date": "2020-12-31", "symbol": "HUM", "reportedCurrency": "USD", "cik": "0000049071", "fillingDate": "2021-02-18", "acceptedDate": "2021-02-18 16:59:52", "calendarYear": "2020", "period": "FY", "revenue": 77155000000, "costOfRevenue": 10052000000, "grossProfit": 67103000000, "grossProfitRatio": 0.8697168038, "researchAndDevelopmentExpenses": 0, "generalAndAdministrativeExpenses": 0, "sellingAndMarketingExpenses": 0, "sellingGeneralAndAdministrativeExpenses": 10052000000, "otherExpenses": -82533000000, "operatingExpenses": -72481000000, "costAndExpenses": 72555000000, "interestIncome": 283000000, "interestExpense": 283000000, "depreciationAndAmortization": 616000000, "ebitda": 5290000000, "ebitdaratio": 0.0685632817, "operatingIncome": 4674000000, "operatingIncomeRatio": 0.0605793532, "totalOtherIncomeExpensesNet": -74000000, "incomeBeforeTax": 4600000000, "incomeBeforeTaxRatio": 0.059620245, "incomeTaxExpense": 1307000000, "netIncome": 3367000000, "netIncomeRatio": 0.0436394271, "eps": 25.47, "epsdiluted": 25.31, "weightedAverageShsOut": 132199000, "weightedAverageShsOutDil": 133012000, "link": "https://www.sec.gov/Archives/edgar/data/49071/000004907121000039/0000049071-21-000039-index.htm", "finalLink": "https://www.sec.gov/Archives/edgar/data/49071/000004907121000039/hum-20201231.htm", "calculatedOtherExpenses": 52377000000, "calculatedOperatingExpenses": 62429000000, "calculatedNetInterest": 0, "calculatedOtherIncome": -74000000, "calculatedIncomeNonControlling": -74000000, "calculatedEbitda": 5290000000}, {"date": "2019-12-31", "symbol": "HUM", "reportedCurrency": "USD", "cik": "0000049071", "fillingDate": "2020-02-20", "acceptedDate": "2020-02-20 15:38:56", "calendarYear": "2019", "period": "FY", "revenue": 64888000000, "costOfRevenue": 7381000000, "grossProfit": 57507000000, "grossProfitRatio": 0.8862501541, "researchAndDevelopmentExpenses": 0, "generalAndAdministrativeExpenses": 0, "sellingAndMarketingExpenses": 0, "sellingGeneralAndAdministrativeExpenses": 7381000000, "otherExpenses": -68799000000, "operatingExpenses": -61418000000, "costAndExpenses": 61432000000, "interestIncome": 242000000, "interestExpense": 242000000, "depreciationAndAmortization": 575000000, "ebitda": 4045000000, "ebitdaratio": 0.0623381827, "operatingIncome": 3470000000, "operatingIncomeRatio": 0.05347676, "totalOtherIncomeExpensesNet": -14000000, "incomeBeforeTax": 3456000000, "incomeBeforeTaxRatio": 0.0532610036, "incomeTaxExpense": 763000000, "netIncome": 2707000000, "netIncomeRatio": 0.0417180372, "eps": 20.19, "epsdiluted": 20.09, "weightedAverageShsOut": 134055000, "weightedAverageShsOutDil": 134727000, "link": "https://www.sec.gov/Archives/edgar/data/49071/000004907120000032/0000049071-20-000032-index.htm", "finalLink": "https://www.sec.gov/Archives/edgar/data/49071/000004907120000032/hum-20191231x10k.htm", "calculatedOtherExpenses": 46656000000, "calculatedOperatingExpenses": 54037000000, "calculatedNetInterest": 0, "calculatedOtherIncome": -14000000, "calculatedIncomeNonControlling": -14000000, "calculatedEbitda": 4045000000}, {"date": "2018-12-31", "symbol": "HUM", "reportedCurrency": "USD", "cik": "0000049071", "fillingDate": "2019-02-21", "acceptedDate": "2019-02-21 16:23:36", "calendarYear": "2018", "period": "FY", "revenue": 56912000000, "costOfRevenue": 7525000000, "grossProfit": 49387000000, "grossProfitRatio": 0.8677783244, "researchAndDevelopmentExpenses": 0, "generalAndAdministrativeExpenses": 7525000000, "sellingAndMarketingExpenses": 0, "sellingGeneralAndAdministrativeExpenses": 7525000000, "otherExpenses": 46287000000, "operatingExpenses": 53812000000, "costAndExpenses": 54849000000, "interestIncome": 0, "interestExpense": 218000000, "depreciationAndAmortization": 534000000, "ebitda": 2826000000, "ebitdaratio": 0.0496556087, "operatingIncome": 2292000000, "operatingIncomeRatio": 0.0402727017, "totalOtherIncomeExpensesNet": -229000000, "incomeBeforeTax": 2063000000, "incomeBeforeTaxRatio": 0.0362489457, "incomeTaxExpense": 391000000, "netIncome": 1683000000, "netIncomeRatio": 0.0295719708, "eps": 12.24, "epsdiluted": 12.16, "weightedAverageShsOut": 137485998, "weightedAverageShsOutDil": 138402998, "link": "https://www.sec.gov/Archives/edgar/data/49071/000004907119000023/0000049071-19-000023-index.htm", "finalLink": "https://www.sec.gov/Archives/edgar/data/49071/000004907119000023/hum-20181231x10k.htm", "calculatedOtherExpenses": 39570000000, "calculatedOperatingExpenses": 47095000000, "calculatedNetInterest": -218000000, "calculatedOtherIncome": -11000000, "calculatedIncomeNonControlling": -11000000, "calculatedEbitda": 2826000000}, {"date": "2017-12-31", "symbol": "HUM", "reportedCurrency": "USD", "cik": "0000049071", "fillingDate": "2018-02-16", "acceptedDate": "2018-02-16 13:05:51", "calendarYear": "2017", "period": "FY", "revenue": 53767000000, "costOfRevenue": 6567000000, "grossProfit": 47200000000, "grossProfitRatio": 0.8778618855, "researchAndDevelopmentExpenses": 0, "generalAndAdministrativeExpenses": 6567000000, "sellingAndMarketingExpenses": 0, "sellingGeneralAndAdministrativeExpenses": 6567000000, "otherExpenses": 42938000000, "operatingExpenses": 49505000000, "costAndExpenses": 49747000000, "interestIncome": 0, "interestExpense": 242000000, "depreciationAndAmortization": 485000000, "ebitda": 4747000000, "ebitdaratio": 0.0882883553, "operatingIncome": 4262000000, "operatingIncomeRatio": 0.0792679525, "totalOtherIncomeExpensesNet": -242000000, "incomeBeforeTax": 4020000000, "incomeBeforeTaxRatio": 0.0747670504, "incomeTaxExpense": 1572000000, "netIncome": 2448000000, "netIncomeRatio": 0.0455297859, "eps": 16.94, "epsdiluted": 16.81, "weightedAverageShsOut": 144492998, "weightedAverageShsOutDil": 145584998, "link": "https://www.sec.gov/Archives/edgar/data/49071/000004907118000014/0000049071-18-000014-index.htm", "finalLink": "https://www.sec.gov/Archives/edgar/data/49071/000004907118000014/hum-20171231x10k.htm", "calculatedOtherExpenses": 36371000000, "calculatedOperatingExpenses": 42938000000, "calculatedNetInterest": -242000000, "calculatedOtherIncome": 0, "calculatedIncomeNonControlling": 0, "calculatedEbitda": 4747000000}, {"date": "2016-12-31", "symbol": "HUM", "reportedCurrency": "USD", "cik": "0000049071", "fillingDate": "2017-02-17", "acceptedDate": "2017-02-17 08:40:44", "calendarYear": "2016", "period": "FY", "revenue": 54379000000, "costOfRevenue": 7277000000, "grossProfit": 47102000000, "grossProfitRatio": 0.8661799592, "researchAndDevelopmentExpenses": 0, "generalAndAdministrativeExpenses": 7277000000, "sellingAndMarketingExpenses": 0, "sellingGeneralAndAdministrativeExpenses": 7277000000, "otherExpenses": 45361000000, "operatingExpenses": 52638000000, "costAndExpenses": 52827000000, "interestIncome": 0, "interestExpense": 189000000, "depreciationAndAmortization": 465000000, "ebitda": 2206000000, "ebitdaratio": 0.0405671307, "operatingIncome": 1741000000, "operatingIncomeRatio": 0.0320160356, "totalOtherIncomeExpensesNet": -189000000, "incomeBeforeTax": 1552000000, "incomeBeforeTaxRatio": 0.0285404292, "incomeTaxExpense": 938000000, "netIncome": 614000000, "netIncomeRatio": 0.0112911234, "eps": 4.11, "epsdiluted": 4.07, "weightedAverageShsOut": 149374998, "weightedAverageShsOutDil": 150916998, "link": "https://www.sec.gov/Archives/edgar/data/49071/000004907117000019/0000049071-17-000019-index.htm", "finalLink": "https://www.sec.gov/Archives/edgar/data/49071/000004907117000019/hum-20161231x10k.htm", "calculatedOtherExpenses": 38084000000, "calculatedOperatingExpenses": 45361000000, "calculatedNetInterest": -189000000, "calculatedOtherIncome": 0, "calculatedIncomeNonControlling": 0, "calculatedEbitda": 2206000000}, {"date": "2015-12-31", "symbol": "HUM", "reportedCurrency": "USD", "cik": "0000049071", "fillingDate": "2016-02-18", "acceptedDate": "2016-02-18 16:14:12", "calendarYear": "2015", "period": "FY", "revenue": 54289000000, "costOfRevenue": 7318000000, "grossProfit": 46971000000, "grossProfitRatio": 0.8652028956, "researchAndDevelopmentExpenses": 0, "generalAndAdministrativeExpenses": 7318000000, "sellingAndMarketingExpenses": 0, "sellingGeneralAndAdministrativeExpenses": 7318000000, "otherExpenses": 44624000000, "operatingExpenses": 51942000000, "costAndExpenses": 51858000000, "interestIncome": 0, "interestExpense": 186000000, "depreciationAndAmortization": 447000000, "ebitda": 3064000000, "ebitdaratio": 0.0564386892, "operatingIncome": 2617000000, "operatingIncomeRatio": 0.0482049771, "totalOtherIncomeExpensesNet": -186000000, "incomeBeforeTax": 2431000000, "incomeBeforeTaxRatio": 0.0447788686, "incomeTaxExpense": 1155000000, "netIncome": 1276000000, "netIncomeRatio": 0.0235038406, "eps": 8.54, "epsdiluted": 8.44, "weightedAverageShsOut": 149454998, "weightedAverageShsOutDil": 151141998, "link": "https://www.sec.gov/Archives/edgar/data/49071/000004907116000117/0000049071-16-000117-index.htm", "finalLink": "https://www.sec.gov/Archives/edgar/data/49071/000004907116000117/hum-20151231x10k.htm", "calculatedOtherExpenses": 37036000000, "calculatedOperatingExpenses": 44354000000, "calculatedNetInterest": -186000000, "calculatedOtherIncome": 0, "calculatedIncomeNonControlling": 0, "calculatedEbitda": 3064000000}, {"date": "2014-12-31", "symbol": "HUM", "reportedCurrency": "USD", "cik": "0000049071", "fillingDate": "2015-02-18", "acceptedDate": "2015-02-18 16:27:38", "calendarYear": "2014", "period": "FY", "revenue": 48500000000, "costOfRevenue": 7639000000, "grossProfit": 40861000000, "grossProfitRatio": 0.8424948454, "researchAndDevelopmentExpenses": 0, "generalAndAdministrativeExpenses": 7639000000, "sellingAndMarketingExpenses": 0, "sellingGeneralAndAdministrativeExpenses": 7639000000, "otherExpenses": 38499000000, "operatingExpenses": 46138000000, "costAndExpenses": 46330000000, "interestIncome": 0, "interestExpense": 192000000, "depreciationAndAmortization": 449000000, "ebitda": 2811000000, "ebitdaratio": 0.0579587629, "operatingIncome": 2362000000, "operatingIncomeRatio": 0.0487010309, "totalOtherIncomeExpensesNet": -192000000, "incomeBeforeTax": 2170000000, "incomeBeforeTaxRatio": 0.044742268, "incomeTaxExpense": 1023000000, "netIncome": 1147000000, "netIncomeRatio": 0.0236494845, "eps": 7.44, "epsdiluted": 7.36, "weightedAverageShsOut": 154186998, "weightedAverageShsOutDil": 155873998, "link": "https://www.sec.gov/Archives/edgar/data/49071/000004907115000019/0000049071-15-000019-index.htm", "finalLink": "https://www.sec.gov/Archives/edgar/data/49071/000004907115000019/hum-20141231x10k.htm", "calculatedOtherExpenses": 30860000000, "calculatedOperatingExpenses": 38499000000, "calculatedNetInterest": -192000000, "calculatedOtherIncome": 0, "calculatedIncomeNonControlling": 0, "calculatedEbitda": 2811000000}, {"date": "2013-12-31", "symbol": "HUM", "reportedCurrency": "USD", "cik": "0000049071", "fillingDate": "2014-02-19", "acceptedDate": "2014-02-19 13:56:54", "calendarYear": "2013", "period": "FY", "revenue": 41313000000, "costOfRevenue": 6355000000, "grossProfit": 34958000000, "grossProfitRatio": 0.8461743277, "researchAndDevelopmentExpenses": 0, "generalAndAdministrativeExpenses": 6355000000, "sellingAndMarketingExpenses": 0, "sellingGeneralAndAdministrativeExpenses": 6355000000, "otherExpenses": 32897000000, "operatingExpenses": 39252000000, "costAndExpenses": 39392000000, "interestIncome": 0, "interestExpense": 140000000, "depreciationAndAmortization": 426000000, "ebitda": 2487000000, "ebitdaratio": 0.0601989688, "operatingIncome": 2061000000, "operatingIncomeRatio": 0.0498874446, "totalOtherIncomeExpensesNet": -140000000, "incomeBeforeTax": 1921000000, "incomeBeforeTaxRatio": 0.0464986808, "incomeTaxExpense": 690000000, "netIncome": 1231000000, "netIncomeRatio": 0.0297969162, "eps": 7.81, "epsdiluted": 7.73, "weightedAverageShsOut": 157502998, "weightedAverageShsOutDil": 159150998, "link": "https://www.sec.gov/Archives/edgar/data/49071/000119312514058508/0001193125-14-058508-index.htm", "finalLink": "https://www.sec.gov/Archives/edgar/data/49071/000119312514058508/d637615d10k.htm", "calculatedOtherExpenses": 26542000000, "calculatedOperatingExpenses": 32897000000, "calculatedNetInterest": -140000000, "calculatedOtherIncome": 0, "calculatedIncomeNonControlling": 0, "calculatedEbitda": 2487000000}, {"date": "2012-12-31", "symbol": "HUM", "reportedCurrency": "USD", "cik": "0000049071", "fillingDate": "2013-02-22", "acceptedDate": "2013-02-21 20:52:34", "calendarYear": "2012", "period": "FY", "revenue": 39126000000, "costOfRevenue": 5830000000, "grossProfit": 33296000000, "grossProfitRatio": 0.8509942238, "researchAndDevelopmentExpenses": 0, "generalAndAdministrativeExpenses": 5830000000, "sellingAndMarketingExpenses": 0, "sellingGeneralAndAdministrativeExpenses": 5830000000, "otherExpenses": 31280000000, "operatingExpenses": 37110000000, "costAndExpenses": 37215000000, "interestIncome": 0, "interestExpense": 105000000, "depreciationAndAmortization": 338000000, "ebitda": 2354000000, "ebitdaratio": 0.0601645964, "operatingIncome": 2016000000, "operatingIncomeRatio": 0.0515258396, "totalOtherIncomeExpensesNet": -105000000, "incomeBeforeTax": 1911000000, "incomeBeforeTaxRatio": 0.0488422021, "incomeTaxExpense": 689000000, "netIncome": 1222000000, "netIncomeRatio": 0.0312324286, "eps": 7.56, "epsdiluted": 7.47, "weightedAverageShsOut": 161483998, "weightedAverageShsOutDil": 163456998, "link": "https://www.sec.gov/Archives/edgar/data/49071/000119312513069911/0001193125-13-069911-index.htm", "finalLink": "https://www.sec.gov/Archives/edgar/data/49071/000119312513069911/d446200d10k.htm", "calculatedOtherExpenses": 25450000000, "calculatedOperatingExpenses": 31280000000, "calculatedNetInterest": -105000000, "calculatedOtherIncome": 0, "calculatedIncomeNonControlling": 0, "calculatedEbitda": 2354000000}, {"date": "2011-12-31", "symbol": "HUM", "reportedCurrency": "USD", "cik": "0000049071", "fillingDate": "2012-02-24", "acceptedDate": "2012-02-24 08:44:31", "calendarYear": "2011", "period": "FY", "revenue": 36832000000, "costOfRevenue": 5395000000, "grossProfit": 31437000000, "grossProfitRatio": 0.8535241095, "researchAndDevelopmentExpenses": 0, "generalAndAdministrativeExpenses": 5395000000, "sellingAndMarketingExpenses": 0, "sellingGeneralAndAdministrativeExpenses": 5395000000, "otherExpenses": 29093000000, "operatingExpenses": 34488000000, "costAndExpenses": 34597000000, "interestIncome": 0, "interestExpense": 109000000, "depreciationAndAmortization": 303000000, "ebitda": 2647000000, "ebitdaratio": 0.0718668549, "operatingIncome": 2344000000, "operatingIncomeRatio": 0.0636403128, "totalOtherIncomeExpensesNet": -109000000, "incomeBeforeTax": 2235000000, "incomeBeforeTaxRatio": 0.0606809296, "incomeTaxExpense": 816000000, "netIncome": 1419000000, "netIncomeRatio": 0.0385262815, "eps": 8.58, "epsdiluted": 8.46, "weightedAverageShsOut": 165412998, "weightedAverageShsOutDil": 167826998, "link": "https://www.sec.gov/Archives/edgar/data/49071/000119312512076885/0001193125-12-076885-index.htm", "finalLink": "https://www.sec.gov/Archives/edgar/data/49071/000119312512076885/d267727d10k.htm", "calculatedOtherExpenses": 23698000000, "calculatedOperatingExpenses": 29093000000, "calculatedNetInterest": -109000000, "calculatedOtherIncome": 0, "calculatedIncomeNonControlling": 0, "calculatedEbitda": 2647000000}, {"date": "2010-12-31", "symbol": "HUM", "reportedCurrency": "USD", "cik": "0000049071", "fillingDate": "2011-02-18", "acceptedDate": "2011-02-17 17:46:43", "calendarYear": "2010", "period": "FY", "revenue": 33868208000, "costOfRevenue": 0, "grossProfit": 33868208000, "grossProfitRatio": 1, "researchAndDevelopmentExpenses": 0, "generalAndAdministrativeExpenses": 4662802000, "sellingAndMarketingExpenses": 0, "sellingGeneralAndAdministrativeExpenses": 4662802000, "otherExpenses": 27079198000, "operatingExpenses": 31742000000, "costAndExpenses": 32118646000, "interestIncome": 0, "interestExpense": 105060000, "depreciationAndAmortization": 262910000, "ebitda": 2117532000, "ebitdaratio": 0.0625227057, "operatingIncome": 1854622000, "operatingIncomeRatio": 0.0547599684, "totalOtherIncomeExpensesNet": -105060000, "incomeBeforeTax": 1749562000, "incomeBeforeTaxRatio": 0.0516579442, "incomeTaxExpense": 650172000, "netIncome": 1099390000, "netIncomeRatio": 0.0324608258, "eps": 6.55, "epsdiluted": 6.47, "weightedAverageShsOut": 167781998, "weightedAverageShsOutDil": 169797998, "link": "https://www.sec.gov/Archives/edgar/data/49071/000119312511039288/0001193125-11-039288-index.htm", "finalLink": "https://www.sec.gov/Archives/edgar/data/49071/000119312511039288/d10k.htm", "calculatedOtherExpenses": 27350784000, "calculatedOperatingExpenses": 32013586000, "calculatedNetInterest": -105060000, "calculatedOtherIncome": 0, "calculatedIncomeNonControlling": 0, "calculatedEbitda": 2117532000}, {"date": "2009-12-31", "symbol": "HUM", "reportedCurrency": "USD", "cik": "0000049071", "fillingDate": "2010-02-19", "acceptedDate": "2010-02-19 13:17:27", "calendarYear": "2009", "period": "FY", "revenue": 30960414000, "costOfRevenue": 0, "grossProfit": 30960414000, "grossProfitRatio": 1, "researchAndDevelopmentExpenses": 0, "generalAndAdministrativeExpenses": 4227535000, "sellingAndMarketingExpenses": 0, "sellingGeneralAndAdministrativeExpenses": 4227535000, "otherExpenses": 24807465000, "operatingExpenses": 29035000000, "costAndExpenses": 29358654000, "interestIncome": 0, "interestExpense": 105843000, "depreciationAndAmortization": 250274000, "ebitda": 1957877000, "ebitdaratio": 0.0632380756, "operatingIncome": 1707603000, "operatingIncomeRatio": 0.0551543981, "totalOtherIncomeExpensesNet": -105843000, "incomeBeforeTax": 1601760000, "incomeBeforeTaxRatio": 0.0517357423, "incomeTaxExpense": 562085000, "netIncome": 1039675000, "netIncomeRatio": 0.0335807848, "eps": 6.21, "epsdiluted": 6.15, "weightedAverageShsOut": 167363998, "weightedAverageShsOutDil": 169070998, "link": "https://www.sec.gov/Archives/edgar/data/49071/000119312510035019/0001193125-10-035019-index.htm", "finalLink": "https://www.sec.gov/Archives/edgar/data/49071/000119312510035019/d10k.htm", "calculatedOtherExpenses": 25025276000, "calculatedOperatingExpenses": 29252811000, "calculatedNetInterest": -105843000, "calculatedOtherIncome": 0, "calculatedIncomeNonControlling": 0, "calculatedEbitda": 1957877000}, {"date": "2008-12-31", "symbol": "HUM", "reportedCurrency": "USD", "cik": "0000049071", "fillingDate": "2009-02-20", "acceptedDate": "2009-02-20 16:05:15", "calendarYear": "2008", "period": "FY", "revenue": 28946372000, "costOfRevenue": 0, "grossProfit": 28946372000, "grossProfitRatio": 1, "researchAndDevelopmentExpenses": 0, "generalAndAdministrativeExpenses": 3944652000, "sellingAndMarketingExpenses": 0, "sellingGeneralAndAdministrativeExpenses": 3944652000, "otherExpenses": 23928348000, "operatingExpenses": 27873000000, "costAndExpenses": 27953524000, "interestIncome": 0, "interestExpense": 80289000, "depreciationAndAmortization": 220350000, "ebitda": 1293487000, "ebitdaratio": 0.0446856345, "operatingIncome": 1073137000, "operatingIncomeRatio": 0.0370732816, "totalOtherIncomeExpensesNet": -80289000, "incomeBeforeTax": 992848000, "incomeBeforeTaxRatio": 0.0342995661, "incomeTaxExpense": 345694000, "netIncome": 647154000, "netIncomeRatio": 0.0223569987, "eps": 3.87, "epsdiluted": 3.83, "weightedAverageShsOut": 167171998, "weightedAverageShsOutDil": 169186998, "link": "https://www.sec.gov/Archives/edgar/data/49071/000119312509034123/0001193125-09-034123-index.htm", "finalLink": "https://www.sec.gov/Archives/edgar/data/49071/000119312509034123/d10k.htm", "calculatedOtherExpenses": 23928583000, "calculatedOperatingExpenses": 27873235000, "calculatedNetInterest": -80289000, "calculatedOtherIncome": 0, "calculatedIncomeNonControlling": 0, "calculatedEbitda": 1293487000}, {"date": "2007-12-31", "symbol": "HUM", "reportedCurrency": "USD", "cik": "0000049071", "fillingDate": "2008-02-25", "acceptedDate": "2008-02-25 15:37:17", "calendarYear": "2007", "period": "FY", "revenue": 25289989000, "costOfRevenue": 0, "grossProfit": 25289989000, "grossProfitRatio": 1, "researchAndDevelopmentExpenses": 0, "generalAndAdministrativeExpenses": 3476468000, "sellingAndMarketingExpenses": 0, "sellingGeneralAndAdministrativeExpenses": 3476468000, "otherExpenses": 20455532000, "operatingExpenses": 23932000000, "costAndExpenses": 24000689000, "interestIncome": 0, "interestExpense": 68878000, "depreciationAndAmortization": 184812000, "ebitda": 1542990000, "ebitdaratio": 0.0610118889, "operatingIncome": 1358178000, "operatingIncomeRatio": 0.0537041752, "totalOtherIncomeExpensesNet": -68878000, "incomeBeforeTax": 1289300000, "incomeBeforeTaxRatio": 0.0509806469, "incomeTaxExpense": 455616000, "netIncome": 833684000, "netIncomeRatio": 0.0329649807, "eps": 5, "epsdiluted": 4.91, "weightedAverageShsOut": 166736798, "weightedAverageShsOutDil": 169793074, "link": "https://www.sec.gov/Archives/edgar/data/49071/000119312508037394/0001193125-08-037394-index.htm", "finalLink": "https://www.sec.gov/Archives/edgar/data/49071/000119312508037394/d10k.htm", "calculatedOtherExpenses": 20455343000, "calculatedOperatingExpenses": 23931811000, "calculatedNetInterest": -68878000, "calculatedOtherIncome": 0, "calculatedIncomeNonControlling": 0, "calculatedEbitda": 1542990000}, {"date": "2006-12-31", "symbol": "HUM", "reportedCurrency": "USD", "cik": "0000049071", "fillingDate": "2007-02-23", "acceptedDate": "2007-02-23 15:50:26", "calendarYear": "2006", "period": "FY", "revenue": 21416537000, "costOfRevenue": 0, "grossProfit": 21416537000, "grossProfitRatio": 1, "researchAndDevelopmentExpenses": 0, "generalAndAdministrativeExpenses": 3021509000, "sellingAndMarketingExpenses": 0, "sellingGeneralAndAdministrativeExpenses": 3021509000, "otherExpenses": 17569491000, "operatingExpenses": 20591000000, "costAndExpenses": 20654452000, "interestIncome": 0, "interestExpense": 63141000, "depreciationAndAmortization": 148598000, "ebitda": 973824000, "ebitdaratio": 0.0454706566, "operatingIncome": 825226000, "operatingIncomeRatio": 0.0385321866, "totalOtherIncomeExpensesNet": -63141000, "incomeBeforeTax": 762085000, "incomeBeforeTaxRatio": 0.0355839509, "incomeTaxExpense": 274662000, "netIncome": 487423000, "netIncomeRatio": 0.0227591884, "eps": 2.97, "epsdiluted": 2.9, "weightedAverageShsOut": 164115487, "weightedAverageShsOutDil": 168076895, "link": "https://www.sec.gov/Archives/edgar/data/49071/000119312507038330/0001193125-07-038330-index.htm", "finalLink": "https://www.sec.gov/Archives/edgar/data/49071/000119312507038330/d10k.htm", "calculatedOtherExpenses": 17569802000, "calculatedOperatingExpenses": 20591311000, "calculatedNetInterest": -63141000, "calculatedOtherIncome": 0, "calculatedIncomeNonControlling": 0, "calculatedEbitda": 973824000}, {"date": "2005-12-31", "symbol": "HUM", "reportedCurrency": "USD", "cik": "0000049071", "fillingDate": "2006-03-03", "acceptedDate": "2006-03-03 16:59:00", "calendarYear": "2005", "period": "FY", "revenue": 14418127000, "costOfRevenue": 0, "grossProfit": 14418127000, "grossProfitRatio": 1, "researchAndDevelopmentExpenses": 0, "generalAndAdministrativeExpenses": 2176770000, "sellingAndMarketingExpenses": 0, "sellingGeneralAndAdministrativeExpenses": 2176770000, "otherExpenses": 11799230000, "operatingExpenses": 13976000000, "costAndExpenses": 13996413000, "interestIncome": 0, "interestExpense": 39315000, "depreciationAndAmortization": 128858000, "ebitda": 589887000, "ebitdaratio": 0.0409128731, "operatingIncome": 461029000, "operatingIncomeRatio": 0.0319756512, "totalOtherIncomeExpensesNet": -39315000, "incomeBeforeTax": 421714000, "incomeBeforeTaxRatio": 0.0292488754, "incomeTaxExpense": 113231000, "netIncome": 308483000, "netIncomeRatio": 0.0213954975, "eps": 1.91, "epsdiluted": 1.87, "weightedAverageShsOut": 161509422, "weightedAverageShsOutDil": 164964169, "link": "https://www.sec.gov/Archives/edgar/data/49071/000119312506045135/0001193125-06-045135-index.htm", "finalLink": "https://www.sec.gov/Archives/edgar/data/49071/000119312506045135/d10k.htm", "calculatedOtherExpenses": 11780328000, "calculatedOperatingExpenses": 13957098000, "calculatedNetInterest": -39315000, "calculatedOtherIncome": 0, "calculatedIncomeNonControlling": 0, "calculatedEbitda": 589887000}, {"date": "2004-12-31", "symbol": "HUM", "reportedCurrency": "USD", "cik": "0000049071", "fillingDate": "2005-03-02", "acceptedDate": "2005-03-01 18:59:46", "calendarYear": "2004", "period": "FY", "revenue": 13104325000, "costOfRevenue": 0, "grossProfit": 13104325000, "grossProfitRatio": 1, "researchAndDevelopmentExpenses": 0, "generalAndAdministrativeExpenses": 1877864000, "sellingAndMarketingExpenses": 0, "sellingGeneralAndAdministrativeExpenses": 1877864000, "otherExpenses": 10787439000, "operatingExpenses": 12665303000, "costAndExpenses": 12688475000, "interestIncome": 0, "interestExpense": 23172000, "depreciationAndAmortization": 117792000, "ebitda": 556814000, "ebitdaratio": 0.042490857, "operatingIncome": 439022000, "operatingIncomeRatio": 0.033502069, "totalOtherIncomeExpensesNet": -23172000, "incomeBeforeTax": 415850000, "incomeBeforeTaxRatio": 0.0317337978, "incomeTaxExpense": 135838000, "netIncome": 280012000, "netIncomeRatio": 0.0213679072, "eps": 1.75, "epsdiluted": 1.72, "weightedAverageShsOut": 160006856, "weightedAverageShsOutDil": 162797673, "link": "https://www.sec.gov/Archives/edgar/data/49071/000119312505040063/0001193125-05-040063-index.htm", "finalLink": "https://www.sec.gov/Archives/edgar/data/49071/000119312505040063/d10k.htm", "calculatedOtherExpenses": 10787439000, "calculatedOperatingExpenses": 12665303000, "calculatedNetInterest": -23172000, "calculatedOtherIncome": 0, "calculatedIncomeNonControlling": 0, "calculatedEbitda": 556814000}, {"date": "2003-12-31", "symbol": "HUM", "reportedCurrency": "USD", "cik": "0000049071", "fillingDate": "2004-03-05", "acceptedDate": "2004-03-05 14:59:16", "calendarYear": "2003", "period": "FY", "revenue": 12226311000, "costOfRevenue": 0, "grossProfit": 12226311000, "grossProfitRatio": 1, "researchAndDevelopmentExpenses": 0, "generalAndAdministrativeExpenses": 1858028000, "sellingAndMarketingExpenses": 0, "sellingGeneralAndAdministrativeExpenses": 1858028000, "otherExpenses": 10006200000, "operatingExpenses": 11864228000, "costAndExpenses": 11881595000, "interestIncome": 0, "interestExpense": 17367000, "depreciationAndAmortization": 126779000, "ebitda": 488862000, "ebitdaratio": 0.0399844238, "operatingIncome": 362083000, "operatingIncomeRatio": 0.0296150654, "totalOtherIncomeExpensesNet": -17367000, "incomeBeforeTax": 344716000, "incomeBeforeTaxRatio": 0.0281946042, "incomeTaxExpense": 115782000, "netIncome": 228934000, "netIncomeRatio": 0.0187246995, "eps": 1.44, "epsdiluted": 1.41, "weightedAverageShsOut": 158981943, "weightedAverageShsOutDil": 162364537, "link": "https://www.sec.gov/Archives/edgar/data/49071/000119312504035443/0001193125-04-035443-index.htm", "finalLink": "https://www.sec.gov/Archives/edgar/data/49071/000119312504035443/d10k.htm", "calculatedOtherExpenses": 10006200000, "calculatedOperatingExpenses": 11864228000, "calculatedNetInterest": -17367000, "calculatedOtherIncome": 0, "calculatedIncomeNonControlling": 0, "calculatedEbitda": 488862000}, {"date": "2002-12-31", "symbol": "HUM", "reportedCurrency": "USD", "cik": "0000049071", "fillingDate": "2003-03-21", "acceptedDate": "2003-03-21 15:23:40", "calendarYear": "2002", "period": "FY", "revenue": 11261181000, "costOfRevenue": 0, "grossProfit": 11261181000, "grossProfitRatio": 1, "researchAndDevelopmentExpenses": 0, "generalAndAdministrativeExpenses": 1739192000, "sellingAndMarketingExpenses": 0, "sellingGeneralAndAdministrativeExpenses": 1739192000, "otherExpenses": -12773187000, "operatingExpenses": -11033995000, "costAndExpenses": 11051247000, "interestIncome": 0, "interestExpense": 17252000, "depreciationAndAmortization": 120730000, "ebitda": 347916000, "ebitdaratio": 0.030895161, "operatingIncome": 227186000, "operatingIncomeRatio": 0.0201742606, "totalOtherIncomeExpensesNet": -17252000, "incomeBeforeTax": 209934000, "incomeBeforeTaxRatio": 0.0186422721, "incomeTaxExpense": 67179000, "netIncome": 142755000, "netIncomeRatio": 0.0126767343, "eps": 0.87, "epsdiluted": 0.85, "weightedAverageShsOut": 164086205, "weightedAverageShsOutDil": 167947057, "link": "https://www.sec.gov/Archives/edgar/data/49071/000093066103001145/0000930661-03-001145-index.htm", "finalLink": "https://www.sec.gov/Archives/edgar/data/49071/000093066103001145/d10k.htm", "calculatedOtherExpenses": 9294803000, "calculatedOperatingExpenses": 11033995000, "calculatedNetInterest": -17252000, "calculatedOtherIncome": 0, "calculatedIncomeNonControlling": 0, "calculatedEbitda": 347916000}, {"date": "2001-12-31", "symbol": "HUM", "reportedCurrency": "USD", "cik": "0000049071", "fillingDate": "2002-03-28", "acceptedDate": "2002-03-28 00:00:00", "calendarYear": "2001", "period": "FY", "revenue": 10194886000, "costOfRevenue": 0, "grossProfit": 10194886000, "grossProfitRatio": 1, "researchAndDevelopmentExpenses": 0, "generalAndAdministrativeExpenses": 1545129000, "sellingAndMarketingExpenses": 0, "sellingGeneralAndAdministrativeExpenses": 1545129000, "otherExpenses": 8441375000, "operatingExpenses": 9986504000, "costAndExpenses": 10011806000, "interestIncome": 0, "interestExpense": 25302000, "depreciationAndAmortization": 171023000, "ebitda": 379405000, "ebitdaratio": 0.0372152273, "operatingIncome": 208382000, "operatingIncomeRatio": 0.0204398558, "totalOtherIncomeExpensesNet": -25302000, "incomeBeforeTax": 183080000, "incomeBeforeTaxRatio": 0.0179580233, "incomeTaxExpense": 65909000, "netIncome": 117171000, "netIncomeRatio": 0.0114931153, "eps": 0.71, "epsdiluted": 0.7, "weightedAverageShsOut": 165029576, "weightedAverageShsOutDil": 167387141, "link": "https://www.sec.gov/Archives/edgar/data/49071/000095013102001193/0000950131-02-001193-index.htm", "finalLink": "https://www.sec.gov/Archives/edgar/data/49071/000095013102001193/d10k405.htm", "calculatedOtherExpenses": 8441375000, "calculatedOperatingExpenses": 9986504000, "calculatedNetInterest": -25302000, "calculatedOtherIncome": 0, "calculatedIncomeNonControlling": 0, "calculatedEbitda": 379405000}, {"date": "2000-12-31", "symbol": "HUM", "reportedCurrency": "USD", "cik": "0000049071", "fillingDate": "2001-03-30", "acceptedDate": "2001-03-30 00:00:00", "calendarYear": "2000", "period": "FY", "revenue": 10514000000, "costOfRevenue": 0, "grossProfit": 10514000000, "grossProfitRatio": 1, "researchAndDevelopmentExpenses": 0, "generalAndAdministrativeExpenses": 1442000000, "sellingAndMarketingExpenses": 0, "sellingGeneralAndAdministrativeExpenses": 1442000000, "otherExpenses": 8929000000, "operatingExpenses": 10371000000, "costAndExpenses": 10400000000, "interestIncome": 0, "interestExpense": 29000000, "depreciationAndAmortization": 147000000, "ebitda": 290000000, "ebitdaratio": 0.0275822713, "operatingIncome": 143000000, "operatingIncomeRatio": 0.0136009131, "totalOtherIncomeExpensesNet": -29000000, "incomeBeforeTax": 114000000, "incomeBeforeTaxRatio": 0.0108426859, "incomeTaxExpense": 24000000, "netIncome": 90000000, "netIncomeRatio": 0.0085600152, "eps": 0.54, "epsdiluted": 0.54, "weightedAverageShsOut": 166666665, "weightedAverageShsOutDil": 166666665, "link": "https://www.sec.gov/Archives/edgar/data/49071/000095013101500403/0000950131-01-500403-index.htm", "finalLink": "https://www.sec.gov/Archives/edgar/data/49071/000095013101500403/d10k405.htm", "calculatedOtherExpenses": 8929000000, "calculatedOperatingExpenses": 10371000000, "calculatedNetInterest": -29000000, "calculatedOtherIncome": 0, "calculatedIncomeNonControlling": 0, "calculatedEbitda": 290000000}, {"date": "1999-12-31", "symbol": "HUM", "reportedCurrency": "USD", "cik": "0000049071", "fillingDate": "2000-03-30", "acceptedDate": "2000-03-30 00:00:00", "calendarYear": "1999", "period": "FY", "revenue": 10113000000, "costOfRevenue": 0, "grossProfit": 10113000000, "grossProfitRatio": 1, "researchAndDevelopmentExpenses": 0, "generalAndAdministrativeExpenses": 1368000000, "sellingAndMarketingExpenses": 0, "sellingGeneralAndAdministrativeExpenses": 1368000000, "otherExpenses": -11852000000, "operatingExpenses": -10484000000, "costAndExpenses": 10517000000, "interestIncome": 0, "interestExpense": 33000000, "depreciationAndAmortization": 124000000, "ebitda": -247000000, "ebitdaratio": -0.0244240087, "operatingIncome": -371000000, "operatingIncomeRatio": -0.0366854544, "totalOtherIncomeExpensesNet": -33000000, "incomeBeforeTax": -404000000, "incomeBeforeTaxRatio": -0.039948581, "incomeTaxExpense": -22000000, "netIncome": -382000000, "netIncomeRatio": -0.0377731633, "eps": -2.28, "epsdiluted": -2.28, "weightedAverageShsOut": 167543858, "weightedAverageShsOutDil": 167543858, "link": "https://www.sec.gov/Archives/edgar/data/49071/000093066100000839/0000930661-00-000839-index.html", "finalLink": "https://www.sec.gov/Archives/edgar/data/49071/000093066100000839/0000930661-00-000839-d1.html", "calculatedOtherExpenses": 9116000000, "calculatedOperatingExpenses": 10484000000, "calculatedNetInterest": -33000000, "calculatedOtherIncome": 0, "calculatedIncomeNonControlling": 0, "calculatedEbitda": -247000000}, {"date": "1998-12-31", "symbol": "HUM", "reportedCurrency": "USD", "cik": "0000049071", "fillingDate": "1999-03-31", "acceptedDate": "1999-03-31 00:00:00", "calendarYear": "1998", "period": "FY", "revenue": 9781000000, "costOfRevenue": 0, "grossProfit": 9781000000, "grossProfitRatio": 1, "researchAndDevelopmentExpenses": 0, "generalAndAdministrativeExpenses": 1328000000, "sellingAndMarketingExpenses": 0, "sellingGeneralAndAdministrativeExpenses": 1328000000, "otherExpenses": -10859000000, "operatingExpenses": -9531000000, "costAndExpenses": 9578000000, "interestIncome": 0, "interestExpense": 47000000, "depreciationAndAmortization": 128000000, "ebitda": 378000000, "ebitdaratio": 0.0386463552, "operatingIncome": 250000000, "operatingIncomeRatio": 0.0255597587, "totalOtherIncomeExpensesNet": -47000000, "incomeBeforeTax": 203000000, "incomeBeforeTaxRatio": 0.0207545241, "incomeTaxExpense": 74000000, "netIncome": 129000000, "netIncomeRatio": 0.0131888355, "eps": 0.77, "epsdiluted": 0.77, "weightedAverageShsOut": 167476622, "weightedAverageShsOutDil": 167532466, "link": "https://www.sec.gov/Archives/edgar/data/49071/000093066199000640/0000930661-99-000640-index.html", "finalLink": "https://www.sec.gov/Archives/edgar/data/49071/", "calculatedOtherExpenses": 8203000000, "calculatedOperatingExpenses": 9531000000, "calculatedNetInterest": -47000000, "calculatedOtherIncome": 0, "calculatedIncomeNonControlling": 0, "calculatedEbitda": 378000000}, {"date": "1997-12-31", "symbol": "HUM", "reportedCurrency": "USD", "cik": "0000049071", "fillingDate": "1998-03-31", "acceptedDate": "1998-03-31 00:00:00", "calendarYear": "1997", "period": "FY", "revenue": 8036000000, "costOfRevenue": 0, "grossProfit": 8036000000, "grossProfitRatio": 1, "researchAndDevelopmentExpenses": 0, "generalAndAdministrativeExpenses": 1116000000, "sellingAndMarketingExpenses": 0, "sellingGeneralAndAdministrativeExpenses": 1116000000, "otherExpenses": -8862000000, "operatingExpenses": -7746000000, "costAndExpenses": 7766000000, "interestIncome": 0, "interestExpense": 20000000, "depreciationAndAmortization": 108000000, "ebitda": 398000000, "ebitdaratio": 0.0495271279, "operatingIncome": 290000000, "operatingIncomeRatio": 0.0360876058, "totalOtherIncomeExpensesNet": -20000000, "incomeBeforeTax": 270000000, "incomeBeforeTaxRatio": 0.0335988054, "incomeTaxExpense": 97000000, "netIncome": 173000000, "netIncomeRatio": 0.0215281234, "eps": 1.06, "epsdiluted": 1.05, "weightedAverageShsOut": 163207546, "weightedAverageShsOutDil": 164761903, "link": "https://www.sec.gov/Archives/edgar/data/49071/000095013198002266/0000950131-98-002266-index.html", "finalLink": "https://www.sec.gov/Archives/edgar/data/49071/", "calculatedOtherExpenses": 6630000000, "calculatedOperatingExpenses": 7746000000, "calculatedNetInterest": -20000000, "calculatedOtherIncome": 0, "calculatedIncomeNonControlling": 0, "calculatedEbitda": 398000000}, {"date": "1996-12-31", "symbol": "HUM", "reportedCurrency": "USD", "cik": "0000049071", "fillingDate": "1997-03-28", "acceptedDate": "1997-03-28 00:00:00", "calendarYear": "1996", "period": "FY", "revenue": 6788000000, "costOfRevenue": 0, "grossProfit": 6788000000, "grossProfitRatio": 1, "researchAndDevelopmentExpenses": 0, "generalAndAdministrativeExpenses": 940000000, "sellingAndMarketingExpenses": 0, "sellingGeneralAndAdministrativeExpenses": 940000000, "otherExpenses": -7699000000, "operatingExpenses": -6759000000, "costAndExpenses": 6770000000, "interestIncome": 0, "interestExpense": 11000000, "depreciationAndAmortization": 98000000, "ebitda": 127000000, "ebitdaratio": 0.0187094873, "operatingIncome": 29000000, "operatingIncomeRatio": 0.0042722451, "totalOtherIncomeExpensesNet": -11000000, "incomeBeforeTax": 18000000, "incomeBeforeTaxRatio": 0.0026517384, "incomeTaxExpense": 6000000, "netIncome": 12000000, "netIncomeRatio": 0.0017678256, "eps": 0.07, "epsdiluted": 0.07, "weightedAverageShsOut": 171428570, "weightedAverageShsOutDil": 171428570, "link": "https://www.sec.gov/Archives/edgar/data/49071/000095013197002198/0000950131-97-002198-index.html", "finalLink": "https://www.sec.gov/Archives/edgar/data/49071/", "calculatedOtherExpenses": 5819000000, "calculatedOperatingExpenses": 6759000000, "calculatedNetInterest": -11000000, "calculatedOtherIncome": 0, "calculatedIncomeNonControlling": 0, "calculatedEbitda": 127000000}, {"date": "1995-12-31", "symbol": "HUM", "reportedCurrency": "USD", "cik": "0000049071", "fillingDate": "1996-03-29", "acceptedDate": "1996-03-29 00:00:00", "calendarYear": "1995", "period": "FY", "revenue": 4702000000, "costOfRevenue": 0, "grossProfit": 4702000000, "grossProfitRatio": 1, "researchAndDevelopmentExpenses": 0, "generalAndAdministrativeExpenses": 571000000, "sellingAndMarketingExpenses": 0, "sellingGeneralAndAdministrativeExpenses": 571000000, "otherExpenses": -4974000000, "operatingExpenses": -4403000000, "costAndExpenses": 4414000000, "interestIncome": 0, "interestExpense": 11000000, "depreciationAndAmortization": 70000000, "ebitda": 369000000, "ebitdaratio": 0.0784772437, "operatingIncome": 299000000, "operatingIncomeRatio": 0.0635899617, "totalOtherIncomeExpensesNet": -11000000, "incomeBeforeTax": 288000000, "incomeBeforeTaxRatio": 0.0612505317, "incomeTaxExpense": 98000000, "netIncome": 190000000, "netIncomeRatio": 0.0404083369, "eps": 1.17, "epsdiluted": 1.17, "weightedAverageShsOut": 162268813, "weightedAverageShsOutDil": 162393161, "link": "https://www.sec.gov/Archives/edgar/data/49071/000095012396001406/0000950123-96-001406-index.html", "finalLink": "https://www.sec.gov/Archives/edgar/data/49071/", "calculatedOtherExpenses": 3832000000, "calculatedOperatingExpenses": 4403000000, "calculatedNetInterest": -11000000, "calculatedOtherIncome": 0, "calculatedIncomeNonControlling": 0, "calculatedEbitda": 369000000}, {"date": "1994-12-31", "symbol": "HUM", "reportedCurrency": "USD", "cik": "0000049071", "fillingDate": "1995-03-30", "acceptedDate": "1995-03-30 00:00:00", "calendarYear": "1994", "period": "FY", "revenue": 3654000000, "costOfRevenue": 0, "grossProfit": 3654000000, "grossProfitRatio": 1, "researchAndDevelopmentExpenses": 0, "generalAndAdministrativeExpenses": 436000000, "sellingAndMarketingExpenses": 0, "sellingGeneralAndAdministrativeExpenses": 436000000, "otherExpenses": -3808000000, "operatingExpenses": -3372000000, "costAndExpenses": 3397000000, "interestIncome": 0, "interestExpense": 25000000, "depreciationAndAmortization": 50000000, "ebitda": 332000000, "ebitdaratio": 0.0908593322, "operatingIncome": 282000000, "operatingIncomeRatio": 0.0771756979, "totalOtherIncomeExpensesNet": -25000000, "incomeBeforeTax": 257000000, "incomeBeforeTaxRatio": 0.0703338807, "incomeTaxExpense": 81000000, "netIncome": 176000000, "netIncomeRatio": 0.048166393, "eps": 1.1, "epsdiluted": 1.1, "weightedAverageShsOut": 159999998, "weightedAverageShsOutDil": 160789998, "link": "https://www.sec.gov/Archives/edgar/data/49071/000095012395000798/0000950123-95-000798-index.html", "finalLink": "https://www.sec.gov/Archives/edgar/data/49071/", "calculatedOtherExpenses": 2936000000, "calculatedOperatingExpenses": 3372000000, "calculatedNetInterest": -25000000, "calculatedOtherIncome": 0, "calculatedIncomeNonControlling": 0, "calculatedEbitda": 332000000}, {"date": "1993-12-31", "symbol": "HUM", "reportedCurrency": "USD", "cik": "0000049071", "fillingDate": "1994-03-29", "acceptedDate": "1994-03-29 00:00:00", "calendarYear": "1993", "period": "FY", "revenue": 3137000000, "costOfRevenue": 0, "grossProfit": 3137000000, "grossProfitRatio": 1, "researchAndDevelopmentExpenses": 0, "generalAndAdministrativeExpenses": 0, "sellingAndMarketingExpenses": 0, "sellingGeneralAndAdministrativeExpenses": 368000000, "otherExpenses": -3355000000, "operatingExpenses": -2987000000, "costAndExpenses": 422000000, "interestIncome": 0, "interestExpense": 7000000, "depreciationAndAmortization": 47000000, "ebitda": 197000000, "ebitdaratio": 0.0627988524, "operatingIncome": 150000000, "operatingIncomeRatio": 0.0478163851, "totalOtherIncomeExpensesNet": 3137000000, "incomeBeforeTax": 3287000000, "incomeBeforeTaxRatio": 1.0478163851, "incomeTaxExpense": 54000000, "netIncome": 3233000000, "netIncomeRatio": 1.0306024865, "eps": 20.34, "epsdiluted": 19.98, "weightedAverageShsOut": 158928570, "weightedAverageShsOutDil": 161818180, "link": "https://www.sec.gov/Archives/edgar/data/49071/000095012394000626/0000950123-94-000626-index.html", "finalLink": "https://www.sec.gov/Archives/edgar/data/49071/", "calculatedOtherExpenses": 2619000000, "calculatedOperatingExpenses": 2987000000, "calculatedNetInterest": -7000000, "calculatedOtherIncome": 3144000000, "calculatedIncomeNonControlling": 0, "calculatedEbitda": 197000000}, {"date": "1992-08-31", "symbol": "HUM", "reportedCurrency": "USD", "cik": "0000049071", "fillingDate": "1992-08-31", "acceptedDate": "1992-08-31 00:00:00", "calendarYear": "1992", "period": "FY", "revenue": 4043000000, "costOfRevenue": 0, "grossProfit": 4043000000, "grossProfitRatio": 1, "researchAndDevelopmentExpenses": 0, "generalAndAdministrativeExpenses": 0, "sellingAndMarketingExpenses": 0, "sellingGeneralAndAdministrativeExpenses": 371000000, "otherExpenses": -4111300000, "operatingExpenses": -3740300000, "costAndExpenses": 680000000, "interestIncome": 0, "interestExpense": 71000000, "depreciationAndAmortization": 238000000, "ebitda": 540700000, "ebitdaratio": 0.1337373238, "operatingIncome": 302700000, "operatingIncomeRatio": 0.0748701459, "totalOtherIncomeExpensesNet": 4043000000, "incomeBeforeTax": 4345700000, "incomeBeforeTaxRatio": 1.0748701459, "incomeTaxExpense": 109000000, "netIncome": 122700000, "netIncomeRatio": 0.0303487509, "eps": 0.77, "epsdiluted": 0.77, "weightedAverageShsOut": 159350648, "weightedAverageShsOutDil": 159350648, "link": null, "finalLink": null, "calculatedOtherExpenses": 3369300000, "calculatedOperatingExpenses": 3740300000, "calculatedNetInterest": -71000000, "calculatedOtherIncome": 4114000000, "calculatedIncomeNonControlling": 4114000000, "calculatedEbitda": 540700000}, {"date": "1991-08-31", "symbol": "HUM", "reportedCurrency": "USD", "cik": "0000049071", "fillingDate": "1991-08-31", "acceptedDate": "1991-08-31 00:00:00", "calendarYear": "1991", "period": "FY", "revenue": 5865000000, "costOfRevenue": 0, "grossProfit": 5865000000, "grossProfitRatio": 1, "researchAndDevelopmentExpenses": 0, "generalAndAdministrativeExpenses": 0, "sellingAndMarketingExpenses": 0, "sellingGeneralAndAdministrativeExpenses": 226000000, "otherExpenses": -5439000000, "operatingExpenses": -5213000000, "costAndExpenses": 579000000, "interestIncome": 0, "interestExpense": 97000000, "depreciationAndAmortization": 256000000, "ebitda": 908000000, "ebitdaratio": 0.1548167093, "operatingIncome": 652000000, "operatingIncomeRatio": 0.1111679454, "totalOtherIncomeExpensesNet": 5865000000, "incomeBeforeTax": 6517000000, "incomeBeforeTaxRatio": 1.1111679454, "incomeTaxExpense": 200000000, "netIncome": 355000000, "netIncomeRatio": 0.0605285592, "eps": 2.26, "epsdiluted": 2.26, "weightedAverageShsOut": 157079644, "weightedAverageShsOutDil": 157079644, "link": null, "finalLink": null, "calculatedOtherExpenses": 4987000000, "calculatedOperatingExpenses": 5213000000, "calculatedNetInterest": -97000000, "calculatedOtherIncome": 5962000000, "calculatedIncomeNonControlling": 5962000000, "calculatedEbitda": 908000000}, {"date": "1990-08-31", "symbol": "HUM", "reportedCurrency": "USD", "cik": "0000049071", "fillingDate": "1990-08-31", "acceptedDate": "1990-08-31 00:00:00", "calendarYear": "1990", "period": "FY", "revenue": 4852000000, "costOfRevenue": 0, "grossProfit": 4852000000, "grossProfitRatio": 1, "researchAndDevelopmentExpenses": 0, "generalAndAdministrativeExpenses": 0, "sellingAndMarketingExpenses": 0, "sellingGeneralAndAdministrativeExpenses": 226400000, "otherExpenses": -4477000000, "operatingExpenses": -4250600000, "costAndExpenses": 568600000, "interestIncome": 0, "interestExpense": 111300000, "depreciationAndAmortization": 230900000, "ebitda": 832300000, "ebitdaratio": 0.1715375103, "operatingIncome": 601400000, "operatingIncomeRatio": 0.1239488871, "totalOtherIncomeExpensesNet": 4852000000, "incomeBeforeTax": 5453400000, "incomeBeforeTaxRatio": 1.1239488871, "incomeTaxExpense": 180500000, "netIncome": 309600000, "netIncomeRatio": 0.0638087387, "eps": 3, "epsdiluted": 3, "weightedAverageShsOut": 101126125, "weightedAverageShsOutDil": 101126125, "link": null, "finalLink": null, "calculatedOtherExpenses": 4024200000, "calculatedOperatingExpenses": 4250600000, "calculatedNetInterest": -111300000, "calculatedOtherIncome": 4963300000, "calculatedIncomeNonControlling": 4963300000, "calculatedEbitda": 832300000}]}