{"originalCurrency": "USD", "convertedCurrency": "USD", "report": [{"date": "2023-12-31", "symbol": "HUN", "reportedCurrency": "USD", "cik": "0001307954", "fillingDate": "2024-02-22", "acceptedDate": "2024-02-22 14:55:06", "calendarYear": "2023", "period": "FY", "revenue": 6111000000, "costOfRevenue": 5205000000, "grossProfit": 906000000, "grossProfitRatio": 0.148257241, "researchAndDevelopmentExpenses": 115000000, "generalAndAdministrativeExpenses": 0, "sellingAndMarketingExpenses": 0, "sellingGeneralAndAdministrativeExpenses": 689000000, "otherExpenses": 2000000, "operatingExpenses": 804000000, "costAndExpenses": 6009000000, "interestIncome": 0, "interestExpense": 65000000, "depreciationAndAmortization": 278000000, "ebitda": 465000000, "ebitdaratio": 0.0760922926, "operatingIncome": 84000000, "operatingIncomeRatio": 0.0137457045, "totalOtherIncomeExpensesNet": 62000000, "incomeBeforeTax": 99000000, "incomeBeforeTaxRatio": 0.0162002946, "incomeTaxExpense": 64000000, "netIncome": 101000000, "netIncomeRatio": 0.0165275732, "eps": -0.3, "epsdiluted": -0.3, "weightedAverageShsOut": 177400000, "weightedAverageShsOutDil": 177400000, "link": "https://www.sec.gov/Archives/edgar/data/1307954/000143774924005185/0001437749-24-005185-index.htm", "finalLink": "https://www.sec.gov/Archives/edgar/data/1089748/000143774924005185/hun20231231_10k.htm", "calculatedOtherExpenses": 18000000, "calculatedOperatingExpenses": 822000000, "calculatedNetInterest": -65000000, "calculatedOtherIncome": 80000000, "calculatedIncomeNonControlling": -66000000, "calculatedEbitda": 362000000}, {"date": "2022-12-31", "symbol": "HUN", "reportedCurrency": "USD", "cik": "0001307954", "fillingDate": "2023-02-21", "acceptedDate": "2023-02-21 16:01:58", "calendarYear": "2022", "period": "FY", "revenue": 8023000000, "costOfRevenue": 6477000000, "grossProfit": 1546000000, "grossProfitRatio": 0.192695999, "researchAndDevelopmentExpenses": 125000000, "generalAndAdministrativeExpenses": 0, "sellingAndMarketingExpenses": 0, "sellingGeneralAndAdministrativeExpenses": 711000000, "otherExpenses": -48000000, "operatingExpenses": 788000000, "costAndExpenses": 7265000000, "interestIncome": 62000000, "interestExpense": 62000000, "depreciationAndAmortization": 469000000, "ebitda": 1141000000, "ebitdaratio": 0.1422161286, "operatingIncome": 672000000, "operatingIncomeRatio": 0.0837591923, "totalOtherIncomeExpensesNet": 25000000, "incomeBeforeTax": 697000000, "incomeBeforeTaxRatio": 0.0868752337, "incomeTaxExpense": 186000000, "netIncome": 460000000, "netIncomeRatio": 0.0573351614, "eps": 2.29, "epsdiluted": 2.27, "weightedAverageShsOut": 201000000, "weightedAverageShsOutDil": 203000000, "link": "https://www.sec.gov/Archives/edgar/data/1307954/000143774923003950/0001437749-23-003950-index.htm", "finalLink": "https://www.sec.gov/Archives/edgar/data/1089748/000143774923003950/hun20221231_10k.htm", "calculatedOtherExpenses": 38000000, "calculatedOperatingExpenses": 874000000, "calculatedNetInterest": 0, "calculatedOtherIncome": 25000000, "calculatedIncomeNonControlling": 51000000, "calculatedEbitda": 1141000000}, {"date": "2021-12-31", "symbol": "HUN", "reportedCurrency": "USD", "cik": "0001307954", "fillingDate": "2022-02-15", "acceptedDate": "2022-02-15 16:32:25", "calendarYear": "2021", "period": "FY", "revenue": 8453000000, "costOfRevenue": 6678000000, "grossProfit": 1775000000, "grossProfitRatio": 0.2099846208, "researchAndDevelopmentExpenses": 150000000, "generalAndAdministrativeExpenses": 0, "sellingAndMarketingExpenses": 0, "sellingGeneralAndAdministrativeExpenses": 851000000, "otherExpenses": -61000000, "operatingExpenses": 940000000, "costAndExpenses": 7618000000, "interestIncome": 67000000, "interestExpense": 67000000, "depreciationAndAmortization": 215000000, "ebitda": 1010000000, "ebitdaratio": 0.1194842068, "operatingIncome": 795000000, "operatingIncomeRatio": 0.0940494499, "totalOtherIncomeExpensesNet": 518000000, "incomeBeforeTax": 1313000000, "incomeBeforeTaxRatio": 0.1553294688, "incomeTaxExpense": 209000000, "netIncome": 1045000000, "netIncomeRatio": 0.1236247486, "eps": 4.77, "epsdiluted": 4.72, "weightedAverageShsOut": 219200000, "weightedAverageShsOutDil": 221400000, "link": "https://www.sec.gov/Archives/edgar/data/1307954/000143774922003430/0001437749-22-003430-index.htm", "finalLink": "https://www.sec.gov/Archives/edgar/data/1089748/000143774922003430/hun20211231_10k.htm", "calculatedOtherExpenses": -21000000, "calculatedOperatingExpenses": 980000000, "calculatedNetInterest": 0, "calculatedOtherIncome": 518000000, "calculatedIncomeNonControlling": 59000000, "calculatedEbitda": 1010000000}, {"date": "2020-12-31", "symbol": "HUN", "reportedCurrency": "USD", "cik": "0001307954", "fillingDate": "2021-02-12", "acceptedDate": "2021-02-12 14:16:56", "calendarYear": "2020", "period": "FY", "revenue": 6018000000, "costOfRevenue": 4918000000, "grossProfit": 1100000000, "grossProfitRatio": 0.1827849784, "researchAndDevelopmentExpenses": 135000000, "generalAndAdministrativeExpenses": 0, "sellingAndMarketingExpenses": 0, "sellingGeneralAndAdministrativeExpenses": 775000000, "otherExpenses": -292000000, "operatingExpenses": 618000000, "costAndExpenses": 5536000000, "interestIncome": 86000000, "interestExpense": 86000000, "depreciationAndAmortization": 283000000, "ebitda": 560000000, "ebitdaratio": 0.0930541708, "operatingIncome": 277000000, "operatingIncomeRatio": 0.0460285809, "totalOtherIncomeExpensesNet": 60000000, "incomeBeforeTax": 337000000, "incomeBeforeTaxRatio": 0.0559986707, "incomeTaxExpense": 46000000, "netIncome": 291000000, "netIncomeRatio": 0.0483549352, "eps": 1.32, "epsdiluted": 1.31, "weightedAverageShsOut": 220600000, "weightedAverageShsOutDil": 221900000, "link": "https://www.sec.gov/Archives/edgar/data/1307954/000143774921002772/0001437749-21-002772-index.htm", "finalLink": "https://www.sec.gov/Archives/edgar/data/1089748/000143774921002772/hun20201231_10k.htm", "calculatedOtherExpenses": -87000000, "calculatedOperatingExpenses": 823000000, "calculatedNetInterest": 0, "calculatedOtherIncome": 60000000, "calculatedIncomeNonControlling": 0, "calculatedEbitda": 560000000}, {"date": "2019-12-31", "symbol": "HUN", "reportedCurrency": "USD", "cik": "0001307954", "fillingDate": "2020-02-13", "acceptedDate": "2020-02-13 16:26:46", "calendarYear": "2019", "period": "FY", "revenue": 6797000000, "costOfRevenue": 5415000000, "grossProfit": 1382000000, "grossProfitRatio": 0.2033249963, "researchAndDevelopmentExpenses": 137000000, "generalAndAdministrativeExpenses": 0, "sellingAndMarketingExpenses": 0, "sellingGeneralAndAdministrativeExpenses": 786000000, "otherExpenses": 31000000, "operatingExpenses": 954000000, "costAndExpenses": 6369000000, "interestIncome": 111000000, "interestExpense": 111000000, "depreciationAndAmortization": 270000000, "ebitda": 502000000, "ebitdaratio": 0.073856113, "operatingIncome": 232000000, "operatingIncomeRatio": 0.0341327056, "totalOtherIncomeExpensesNet": 159000000, "incomeBeforeTax": 391000000, "incomeBeforeTaxRatio": 0.0575253788, "incomeTaxExpense": -38000000, "netIncome": 429000000, "netIncomeRatio": 0.0631160806, "eps": 1.87, "epsdiluted": 1.86, "weightedAverageShsOut": 228900000, "weightedAverageShsOutDil": 230600000, "link": "https://www.sec.gov/Archives/edgar/data/1307954/000155837020000780/0001558370-20-000780-index.htm", "finalLink": "https://www.sec.gov/Archives/edgar/data/1089748/000155837020000780/hun-20191231x10kd4ad18.htm", "calculatedOtherExpenses": 227000000, "calculatedOperatingExpenses": 1150000000, "calculatedNetInterest": 0, "calculatedOtherIncome": 159000000, "calculatedIncomeNonControlling": 0, "calculatedEbitda": 502000000}, {"date": "2018-12-31", "symbol": "HUN", "reportedCurrency": "USD", "cik": "0001307954", "fillingDate": "2019-02-12", "acceptedDate": "2019-02-12 12:33:28", "calendarYear": "2018", "period": "FY", "revenue": 9379000000, "costOfRevenue": 7354000000, "grossProfit": 2025000000, "grossProfitRatio": 0.2159078793, "researchAndDevelopmentExpenses": 152000000, "generalAndAdministrativeExpenses": 830000000, "sellingAndMarketingExpenses": 0, "sellingGeneralAndAdministrativeExpenses": 830000000, "otherExpenses": 29000000, "operatingExpenses": 990000000, "costAndExpenses": 8344000000, "interestIncome": 0, "interestExpense": 115000000, "depreciationAndAmortization": 343000000, "ebitda": 1462000000, "ebitdaratio": 0.1558801578, "operatingIncome": 1038000000, "operatingIncomeRatio": 0.1106727796, "totalOtherIncomeExpensesNet": 22000000, "incomeBeforeTax": 942000000, "incomeBeforeTaxRatio": 0.1004371468, "incomeTaxExpense": 97000000, "netIncome": 337000000, "netIncomeRatio": 0.035931336, "eps": 1.42, "epsdiluted": 1.39, "weightedAverageShsOut": 238100000, "weightedAverageShsOutDil": 241600000, "link": "https://www.sec.gov/Archives/edgar/data/1307954/000155837019000573/0001558370-19-000573-index.htm", "finalLink": "https://www.sec.gov/Archives/edgar/data/1089748/000155837019000573/hun-20181231x10k.htm", "calculatedOtherExpenses": 5000000, "calculatedOperatingExpenses": 987000000, "calculatedNetInterest": -115000000, "calculatedOtherIncome": 19000000, "calculatedIncomeNonControlling": 508000000, "calculatedEbitda": 1381000000}, {"date": "2017-12-31", "symbol": "HUN", "reportedCurrency": "USD", "cik": "0001307954", "fillingDate": "2018-02-23", "acceptedDate": "2018-02-23 15:21:18", "calendarYear": "2017", "period": "FY", "revenue": 8358000000, "costOfRevenue": 6546000000, "grossProfit": 1812000000, "grossProfitRatio": 0.2167982771, "researchAndDevelopmentExpenses": 138000000, "generalAndAdministrativeExpenses": 798000000, "sellingAndMarketingExpenses": 0, "sellingGeneralAndAdministrativeExpenses": 798000000, "otherExpenses": 2000000, "operatingExpenses": 913000000, "costAndExpenses": 7459000000, "interestIncome": 0, "interestExpense": 165000000, "depreciationAndAmortization": 319000000, "ebitda": 1233000000, "ebitdaratio": 0.1475233309, "operatingIncome": 851000000, "operatingIncomeRatio": 0.1018186169, "totalOtherIncomeExpensesNet": -87000000, "incomeBeforeTax": 647000000, "incomeBeforeTaxRatio": 0.0774108638, "incomeTaxExpense": 64000000, "netIncome": 636000000, "netIncomeRatio": 0.0760947595, "eps": 2.67, "epsdiluted": 2.61, "weightedAverageShsOut": 238400000, "weightedAverageShsOutDil": 243900000, "link": "https://www.sec.gov/Archives/edgar/data/1307954/000155837018001028/0001558370-18-001028-index.htm", "finalLink": "https://www.sec.gov/Archives/edgar/data/1089748/000155837018001028/hun-20171231x10k.htm", "calculatedOtherExpenses": 25000000, "calculatedOperatingExpenses": 961000000, "calculatedNetInterest": -165000000, "calculatedOtherIncome": -39000000, "calculatedIncomeNonControlling": -53000000, "calculatedEbitda": 1170000000}, {"date": "2016-12-31", "symbol": "HUN", "reportedCurrency": "USD", "cik": "0001307954", "fillingDate": "2017-02-15", "acceptedDate": "2017-02-15 13:34:23", "calendarYear": "2016", "period": "FY", "revenue": 9657000000, "costOfRevenue": 7979000000, "grossProfit": 1678000000, "grossProfitRatio": 0.1737599669, "researchAndDevelopmentExpenses": 152000000, "generalAndAdministrativeExpenses": 920000000, "sellingAndMarketingExpenses": 0, "sellingGeneralAndAdministrativeExpenses": 920000000, "otherExpenses": 1000000, "operatingExpenses": 932000000, "costAndExpenses": 8911000000, "interestIncome": 0, "interestExpense": 202000000, "depreciationAndAmortization": 432000000, "ebitda": 1082000000, "ebitdaratio": 0.1120430776, "operatingIncome": 647000000, "operatingIncomeRatio": 0.0669980325, "totalOtherIncomeExpensesNet": -96000000, "incomeBeforeTax": 448000000, "incomeBeforeTaxRatio": 0.0463912188, "incomeTaxExpense": 87000000, "netIncome": 326000000, "netIncomeRatio": 0.0337578958, "eps": 1.38, "epsdiluted": 1.36, "weightedAverageShsOut": 236000000, "weightedAverageShsOutDil": 240000000, "link": "https://www.sec.gov/Archives/edgar/data/1307954/000104746917000682/0001047469-17-000682-index.htm", "finalLink": "https://www.sec.gov/Archives/edgar/data/1089748/000104746917000682/a2230801z10-k.htm", "calculatedOtherExpenses": -41000000, "calculatedOperatingExpenses": 1031000000, "calculatedNetInterest": -202000000, "calculatedOtherIncome": 3000000, "calculatedIncomeNonControlling": 35000000, "calculatedEbitda": 1079000000}, {"date": "2015-12-31", "symbol": "HUN", "reportedCurrency": "USD", "cik": "0001307954", "fillingDate": "2016-02-16", "acceptedDate": "2016-02-16 09:54:54", "calendarYear": "2015", "period": "FY", "revenue": 10299000000, "costOfRevenue": 8451000000, "grossProfit": 1848000000, "grossProfitRatio": 0.1794348966, "researchAndDevelopmentExpenses": 160000000, "generalAndAdministrativeExpenses": 982000000, "sellingAndMarketingExpenses": 0, "sellingGeneralAndAdministrativeExpenses": 982000000, "otherExpenses": 1000000, "operatingExpenses": 1141000000, "costAndExpenses": 9592000000, "interestIncome": 0, "interestExpense": 205000000, "depreciationAndAmortization": 399000000, "ebitda": 1113000000, "ebitdaratio": 0.1080687445, "operatingIncome": 405000000, "operatingIncomeRatio": 0.0393242062, "totalOtherIncomeExpensesNet": -326000000, "incomeBeforeTax": 176000000, "incomeBeforeTaxRatio": 0.0170890378, "incomeTaxExpense": 46000000, "netIncome": 93000000, "netIncomeRatio": 0.0090300029, "eps": 0.38, "epsdiluted": 0.38, "weightedAverageShsOut": 243000000, "weightedAverageShsOutDil": 245000000, "link": "https://www.sec.gov/Archives/edgar/data/1089748/000104746916010161/0001047469-16-010161-index.html", "finalLink": "https://www.sec.gov/Archives/edgar/data/1089748/000104746916010161/a2227237z10-k.htm", "calculatedOtherExpenses": 301000000, "calculatedOperatingExpenses": 1443000000, "calculatedNetInterest": -205000000, "calculatedOtherIncome": -24000000, "calculatedIncomeNonControlling": 37000000, "calculatedEbitda": 804000000}, {"date": "2014-12-31", "symbol": "HUN", "reportedCurrency": "USD", "cik": "0001307954", "fillingDate": "2015-02-18", "acceptedDate": "2015-02-18 11:38:00", "calendarYear": "2014", "period": "FY", "revenue": 11578000000, "costOfRevenue": 9659000000, "grossProfit": 1919000000, "grossProfitRatio": 0.1657453792, "researchAndDevelopmentExpenses": 158000000, "generalAndAdministrativeExpenses": 974000000, "sellingAndMarketingExpenses": 0, "sellingGeneralAndAdministrativeExpenses": 974000000, "otherExpenses": -2000000, "operatingExpenses": 1128000000, "costAndExpenses": 10787000000, "interestIncome": 0, "interestExpense": 205000000, "depreciationAndAmortization": 445000000, "ebitda": 1240000000, "ebitdaratio": 0.1070996718, "operatingIncome": 633000000, "operatingIncomeRatio": 0.054672655, "totalOtherIncomeExpensesNet": -182000000, "incomeBeforeTax": 404000000, "incomeBeforeTaxRatio": 0.034893764, "incomeTaxExpense": 51000000, "netIncome": 323000000, "netIncomeRatio": 0.0278977371, "eps": 1.33, "epsdiluted": 1.31, "weightedAverageShsOut": 242100000, "weightedAverageShsOutDil": 246000000, "link": "https://www.sec.gov/Archives/edgar/data/1307954/000104746915000900/0001047469-15-000900-index.htm", "finalLink": "https://www.sec.gov/Archives/edgar/data/1089748/000104746915000900/a2222928z10-k.htm", "calculatedOtherExpenses": 154000000, "calculatedOperatingExpenses": 1286000000, "calculatedNetInterest": -205000000, "calculatedOtherIncome": -24000000, "calculatedIncomeNonControlling": 30000000, "calculatedEbitda": 1078000000}, {"date": "2013-12-31", "symbol": "HUN", "reportedCurrency": "USD", "cik": "0001307954", "fillingDate": "2014-02-11", "acceptedDate": "2014-02-11 11:29:52", "calendarYear": "2013", "period": "FY", "revenue": 11079000000, "costOfRevenue": 9326000000, "grossProfit": 1753000000, "grossProfitRatio": 0.1582272768, "researchAndDevelopmentExpenses": 140000000, "generalAndAdministrativeExpenses": 942000000, "sellingAndMarketingExpenses": 0, "sellingGeneralAndAdministrativeExpenses": 942000000, "otherExpenses": 2000000, "operatingExpenses": 1092000000, "costAndExpenses": 10418000000, "interestIncome": 0, "interestExpense": 190000000, "depreciationAndAmortization": 448000000, "ebitda": 1119000000, "ebitdaratio": 0.1010018955, "operatingIncome": 510000000, "operatingIncomeRatio": 0.0460330355, "totalOtherIncomeExpensesNet": -192000000, "incomeBeforeTax": 279000000, "incomeBeforeTaxRatio": 0.0251827782, "incomeTaxExpense": 125000000, "netIncome": 128000000, "netIncomeRatio": 0.0115533893, "eps": 0.53, "epsdiluted": 0.53, "weightedAverageShsOut": 239700000, "weightedAverageShsOutDil": 242400000, "link": "https://www.sec.gov/Archives/edgar/data/1307954/000104746914000771/0001047469-14-000771-index.htm", "finalLink": "https://www.sec.gov/Archives/edgar/data/1089748/000104746914000771/a2218178z10-k.htm", "calculatedOtherExpenses": 161000000, "calculatedOperatingExpenses": 1243000000, "calculatedNetInterest": -190000000, "calculatedOtherIncome": -41000000, "calculatedIncomeNonControlling": 26000000, "calculatedEbitda": 958000000}, {"date": "2012-12-31", "symbol": "HUN", "reportedCurrency": "USD", "cik": "0001307954", "fillingDate": "2013-02-12", "acceptedDate": "2013-02-12 11:25:20", "calendarYear": "2012", "period": "FY", "revenue": 11187000000, "costOfRevenue": 9153000000, "grossProfit": 2034000000, "grossProfitRatio": 0.1818181818, "researchAndDevelopmentExpenses": 152000000, "generalAndAdministrativeExpenses": 951000000, "sellingAndMarketingExpenses": 0, "sellingGeneralAndAdministrativeExpenses": 951000000, "otherExpenses": 1000000, "operatingExpenses": 1097000000, "costAndExpenses": 10250000000, "interestIncome": 0, "interestExpense": 226000000, "depreciationAndAmortization": 432000000, "ebitda": 1377000000, "ebitdaratio": 0.1230893001, "operatingIncome": 845000000, "operatingIncomeRatio": 0.0755341021, "totalOtherIncomeExpensesNet": -164000000, "incomeBeforeTax": 547000000, "incomeBeforeTaxRatio": 0.04889604, "incomeTaxExpense": 169000000, "netIncome": 363000000, "netIncomeRatio": 0.0324483776, "eps": 1.53, "epsdiluted": 1.51, "weightedAverageShsOut": 237600000, "weightedAverageShsOutDil": 240600000, "link": "https://www.sec.gov/Archives/edgar/data/1089748/000104746913000888/0001047469-13-000888-index.html", "finalLink": "https://www.sec.gov/Archives/edgar/data/1089748/000104746913000888/a2212690z10-k.htm", "calculatedOtherExpenses": 86000000, "calculatedOperatingExpenses": 1189000000, "calculatedNetInterest": -226000000, "calculatedOtherIncome": -72000000, "calculatedIncomeNonControlling": 15000000, "calculatedEbitda": 1277000000}, {"date": "2011-12-31", "symbol": "HUN", "reportedCurrency": "USD", "cik": "0001307954", "fillingDate": "2012-02-16", "acceptedDate": "2012-02-16 12:17:18", "calendarYear": "2011", "period": "FY", "revenue": 11221000000, "costOfRevenue": 9381000000, "grossProfit": 1840000000, "grossProfitRatio": 0.1639782551, "researchAndDevelopmentExpenses": 166000000, "generalAndAdministrativeExpenses": 921000000, "sellingAndMarketingExpenses": 0, "sellingGeneralAndAdministrativeExpenses": 921000000, "otherExpenses": -20000000, "operatingExpenses": 1067000000, "costAndExpenses": 10448000000, "interestIncome": 0, "interestExpense": 249000000, "depreciationAndAmortization": 439000000, "ebitda": 1220000000, "ebitdaratio": 0.1087247126, "operatingIncome": 606000000, "operatingIncomeRatio": 0.0540058818, "totalOtherIncomeExpensesNet": -164000000, "incomeBeforeTax": 360000000, "incomeBeforeTaxRatio": 0.0320827021, "incomeTaxExpense": 109000000, "netIncome": 247000000, "netIncomeRatio": 0.0220122984, "eps": 1.04, "epsdiluted": 1.02, "weightedAverageShsOut": 237600000, "weightedAverageShsOutDil": 241700000, "link": "https://www.sec.gov/Archives/edgar/data/1089748/000104746912001105/0001047469-12-001105-index.html", "finalLink": "https://www.sec.gov/Archives/edgar/data/1089748/000104746912001105/a2207179z10-k.htm", "calculatedOtherExpenses": 147000000, "calculatedOperatingExpenses": 1234000000, "calculatedNetInterest": -249000000, "calculatedOtherIncome": 3000000, "calculatedIncomeNonControlling": 4000000, "calculatedEbitda": 1045000000}, {"date": "2010-12-31", "symbol": "HUN", "reportedCurrency": "USD", "cik": "0001307954", "fillingDate": "2011-02-17", "acceptedDate": "2011-02-17 10:16:23", "calendarYear": "2010", "period": "FY", "revenue": 9250000000, "costOfRevenue": 7789000000, "grossProfit": 1461000000, "grossProfitRatio": 0.1579459459, "researchAndDevelopmentExpenses": 151000000, "generalAndAdministrativeExpenses": 861000000, "sellingAndMarketingExpenses": 0, "sellingGeneralAndAdministrativeExpenses": 861000000, "otherExpenses": 10000000, "operatingExpenses": 1022000000, "costAndExpenses": 8811000000, "interestIncome": 0, "interestExpense": -229000000, "depreciationAndAmortization": 405000000, "ebitda": 1058000000, "ebitdaratio": 0.1143783784, "operatingIncome": 410000000, "operatingIncomeRatio": 0.0443243243, "totalOtherIncomeExpensesNet": -190000000, "incomeBeforeTax": 20000000, "incomeBeforeTaxRatio": 0.0021621622, "incomeTaxExpense": 29000000, "netIncome": 27000000, "netIncomeRatio": 0.0029189189, "eps": 0.11, "epsdiluted": 0.11, "weightedAverageShsOut": 236000000, "weightedAverageShsOutDil": 236000000, "link": "https://www.sec.gov/Archives/edgar/data/1307954/000104746911001007/0001047469-11-001007-index.htm", "finalLink": "https://www.sec.gov/Archives/edgar/data/1089748/000104746911001007/a2201909z10-k.htm", "calculatedOtherExpenses": 39000000, "calculatedOperatingExpenses": 1051000000, "calculatedNetInterest": 229000000, "calculatedOtherIncome": -619000000, "calculatedIncomeNonControlling": -36000000, "calculatedEbitda": 815000000}, {"date": "2009-12-31", "symbol": "HUN", "reportedCurrency": "USD", "cik": "0001307954", "fillingDate": "2010-02-19", "acceptedDate": "2010-02-19 16:07:09", "calendarYear": "2009", "period": "FY", "revenue": 7763000000, "costOfRevenue": 6695000000, "grossProfit": 1068000000, "grossProfitRatio": 0.1375756795, "researchAndDevelopmentExpenses": 145000000, "generalAndAdministrativeExpenses": 860000000, "sellingAndMarketingExpenses": 0, "sellingGeneralAndAdministrativeExpenses": 860000000, "otherExpenses": -18000000, "operatingExpenses": 987000000, "costAndExpenses": 7682000000, "interestIncome": 0, "interestExpense": -238000000, "depreciationAndAmortization": 442000000, "ebitda": -116000000, "ebitdaratio": -0.0149426768, "operatingIncome": -71000000, "operatingIncomeRatio": -0.0091459487, "totalOtherIncomeExpensesNet": 642000000, "incomeBeforeTax": 485000000, "incomeBeforeTaxRatio": 0.062475847, "incomeTaxExpense": 370000000, "netIncome": 114000000, "netIncomeRatio": 0.0146850444, "eps": 0.49, "epsdiluted": 0.48, "weightedAverageShsOut": 233900000, "weightedAverageShsOutDil": 238300000, "link": "https://www.sec.gov/Archives/edgar/data/1089748/000104746910001019/0001047469-10-001019-index.html", "finalLink": "https://www.sec.gov/Archives/edgar/data/1089748/000104746910001019/a2196425z10-k.htm", "calculatedOtherExpenses": 134000000, "calculatedOperatingExpenses": 1139000000, "calculatedNetInterest": 238000000, "calculatedOtherIncome": 318000000, "calculatedIncomeNonControlling": 1000000, "calculatedEbitda": 371000000}, {"date": "2008-12-31", "symbol": "HUN", "reportedCurrency": "USD", "cik": "0001307954", "fillingDate": "2009-02-26", "acceptedDate": "2009-02-26 16:05:42", "calendarYear": "2008", "period": "FY", "revenue": 10215000000, "costOfRevenue": 8951000000, "grossProfit": 1264000000, "grossProfitRatio": 0.1237395986, "researchAndDevelopmentExpenses": 154000000, "generalAndAdministrativeExpenses": 882000000, "sellingAndMarketingExpenses": 0, "sellingGeneralAndAdministrativeExpenses": 882000000, "otherExpenses": 27000000, "operatingExpenses": 1063000000, "costAndExpenses": 10014000000, "interestIncome": 0, "interestExpense": -263000000, "depreciationAndAmortization": 398000000, "ebitda": -118000000, "ebitdaratio": -0.0115516397, "operatingIncome": 165000000, "operatingIncomeRatio": 0.0161527166, "totalOtherIncomeExpensesNet": 731000000, "incomeBeforeTax": 669000000, "incomeBeforeTaxRatio": 0.0654919236, "incomeTaxExpense": 190000000, "netIncome": 609000000, "netIncomeRatio": 0.0596182085, "eps": 2.62, "epsdiluted": 2.6, "weightedAverageShsOut": 232000000, "weightedAverageShsOutDil": 234300000, "link": "https://www.sec.gov/Archives/edgar/data/1089748/000104746909001883/0001047469-09-001883-index.html", "finalLink": "https://www.sec.gov/Archives/edgar/data/1089748/000104746909001883/a2190698z10-k.htm", "calculatedOtherExpenses": 63000000, "calculatedOperatingExpenses": 1099000000, "calculatedNetInterest": 263000000, "calculatedOtherIncome": 241000000, "calculatedIncomeNonControlling": -130000000, "calculatedEbitda": 563000000}, {"date": "2007-12-31", "symbol": "HUN", "reportedCurrency": "USD", "cik": "0001307954", "fillingDate": "2008-02-22", "acceptedDate": "2008-02-22 16:03:50", "calendarYear": "2007", "period": "FY", "revenue": 9650800000, "costOfRevenue": 8111100000, "grossProfit": 1539700000, "grossProfitRatio": 0.1595411779, "researchAndDevelopmentExpenses": 144700000, "generalAndAdministrativeExpenses": 871300000, "sellingAndMarketingExpenses": 0, "sellingGeneralAndAdministrativeExpenses": 871300000, "otherExpenses": -194400000, "operatingExpenses": 821600000, "costAndExpenses": 8932700000, "interestIncome": 0, "interestExpense": -286900000, "depreciationAndAmortization": 412900000, "ebitda": 1352000000, "ebitdaratio": 0.1400920131, "operatingIncome": 536200000, "operatingIncomeRatio": 0.0555601608, "totalOtherIncomeExpensesNet": -207900000, "incomeBeforeTax": 30200000, "incomeBeforeTaxRatio": 0.0031292743, "incomeTaxExpense": -12100000, "netIncome": -172100000, "netIncomeRatio": -0.0178327185, "eps": -0.78, "epsdiluted": -0.74, "weightedAverageShsOut": 220948495, "weightedAverageShsOutDil": 232792291, "link": "https://www.sec.gov/Archives/edgar/data/1307954/000104746908001623/0001047469-08-001623-index.htm", "finalLink": "https://www.sec.gov/Archives/edgar/data/1089748/000104746908001623/a2182682z10-k.htm", "calculatedOtherExpenses": -12500000, "calculatedOperatingExpenses": 1003500000, "calculatedNetInterest": 286900000, "calculatedOtherIncome": -792900000, "calculatedIncomeNonControlling": 214400000, "calculatedEbitda": 949100000}, {"date": "2006-12-31", "symbol": "HUN", "reportedCurrency": "USD", "cik": "0001307954", "fillingDate": "2007-03-01", "acceptedDate": "2007-03-01 06:01:33", "calendarYear": "2006", "period": "FY", "revenue": 10623600000, "costOfRevenue": 9084100000, "grossProfit": 1539500000, "grossProfitRatio": 0.1449132121, "researchAndDevelopmentExpenses": 115400000, "generalAndAdministrativeExpenses": 795300000, "sellingAndMarketingExpenses": 0, "sellingGeneralAndAdministrativeExpenses": 795300000, "otherExpenses": -127700000, "operatingExpenses": 783000000, "costAndExpenses": 9867100000, "interestIncome": 0, "interestExpense": -350700000, "depreciationAndAmortization": 465700000, "ebitda": 1156400000, "ebitdaratio": 0.1088519899, "operatingIncome": 736500000, "operatingIncomeRatio": 0.0693267819, "totalOtherIncomeExpensesNet": 69400000, "incomeBeforeTax": 347500000, "incomeBeforeTaxRatio": 0.0327101924, "incomeTaxExpense": -49000000, "netIncome": 229800000, "netIncomeRatio": 0.0216310855, "eps": 1.04, "epsdiluted": 0.99, "weightedAverageShsOut": 220600000, "weightedAverageShsOutDil": 233100000, "link": "https://www.sec.gov/Archives/edgar/data/1307954/000110465907015134/0001104659-07-015134-index.htm", "finalLink": "https://www.sec.gov/Archives/edgar/data/1089748/000110465907015134/a07-4943_110k.htm", "calculatedOtherExpenses": -107700000, "calculatedOperatingExpenses": 803000000, "calculatedNetInterest": 350700000, "calculatedOtherIncome": -739700000, "calculatedIncomeNonControlling": 166700000, "calculatedEbitda": 1202200000}, {"date": "2005-12-31", "symbol": "HUN", "reportedCurrency": "USD", "cik": "0001307954", "fillingDate": "2006-03-17", "acceptedDate": "2006-03-17 06:31:18", "calendarYear": "2005", "period": "FY", "revenue": 12961600000, "costOfRevenue": 11209500000, "grossProfit": 1752100000, "grossProfitRatio": 0.1351762128, "researchAndDevelopmentExpenses": 95500000, "generalAndAdministrativeExpenses": 676900000, "sellingAndMarketingExpenses": 0, "sellingGeneralAndAdministrativeExpenses": 676900000, "otherExpenses": 42200000, "operatingExpenses": 814600000, "costAndExpenses": 12024100000, "interestIncome": 0, "interestExpense": -426900000, "depreciationAndAmortization": 500800000, "ebitda": 1937400000, "ebitdaratio": 0.1494722874, "operatingIncome": 813900000, "operatingIncomeRatio": 0.0627931737, "totalOtherIncomeExpensesNet": -490900000, "incomeBeforeTax": 62200000, "incomeBeforeTaxRatio": 0.0047987903, "incomeTaxExpense": 23500000, "netIncome": -34600000, "netIncomeRatio": -0.0026694235, "eps": -0.16, "epsdiluted": -0.16, "weightedAverageShsOut": 220500000, "weightedAverageShsOutDil": 220500000, "link": "https://www.sec.gov/Archives/edgar/data/1089748/000110465906017507/0001104659-06-017507-index.html", "finalLink": "https://www.sec.gov/Archives/edgar/data/1089748/000110465906017507/a06-6062_110k.htm", "calculatedOtherExpenses": 165800000, "calculatedOperatingExpenses": 938200000, "calculatedNetInterest": 426900000, "calculatedOtherIncome": -1178600000, "calculatedIncomeNonControlling": 73300000, "calculatedEbitda": 1314700000}, {"date": "2004-12-31", "symbol": "HUN", "reportedCurrency": "USD", "cik": "0001307954", "fillingDate": "2005-03-15", "acceptedDate": "2005-03-15 16:34:01", "calendarYear": "2004", "period": "FY", "revenue": 11485800000, "costOfRevenue": 10089200000, "grossProfit": 1396600000, "grossProfitRatio": 0.1215936199, "researchAndDevelopmentExpenses": 83000000, "generalAndAdministrativeExpenses": 0, "sellingAndMarketingExpenses": 0, "sellingGeneralAndAdministrativeExpenses": 694800000, "otherExpenses": 613900000, "operatingExpenses": 696900000, "costAndExpenses": 10786100000, "interestIncome": 0, "interestExpense": -607200000, "depreciationAndAmortization": 536800000, "ebitda": 1496300000, "ebitdaratio": 0.1302739034, "operatingIncome": 400400000, "operatingIncomeRatio": 0.0348604364, "totalOtherIncomeExpensesNet": -255800000, "incomeBeforeTax": -249600000, "incomeBeforeTaxRatio": -0.0217311811, "incomeTaxExpense": -29100000, "netIncome": -227700000, "netIncomeRatio": -0.0198244789, "eps": -1.03, "epsdiluted": -1.03, "weightedAverageShsOut": 220500000, "weightedAverageShsOutDil": 220654450, "link": "https://www.sec.gov/Archives/edgar/data/1307954/000104746905006541/0001047469-05-006541-index.htm", "finalLink": "https://www.sec.gov/Archives/edgar/data/1307954/000104746905006541/a2153572z10-k.htm", "calculatedOtherExpenses": 218400000, "calculatedOperatingExpenses": 996200000, "calculatedNetInterest": 607200000, "calculatedOtherIncome": -1257200000, "calculatedIncomeNonControlling": 7200000, "calculatedEbitda": 937200000}, {"date": "2003-12-31", "symbol": "HUN", "reportedCurrency": "USD", "cik": "0001307954", "fillingDate": "2003-12-31", "acceptedDate": "2003-12-30 19:00:00", "calendarYear": "2003", "period": "FY", "revenue": 7080900000, "costOfRevenue": 6373100000, "grossProfit": 707800000, "grossProfitRatio": 0.0999590448, "researchAndDevelopmentExpenses": 65600000, "generalAndAdministrativeExpenses": 0, "sellingAndMarketingExpenses": 0, "sellingGeneralAndAdministrativeExpenses": 482800000, "otherExpenses": 465700000, "operatingExpenses": 531300000, "costAndExpenses": 6904400000, "interestIncome": 0, "interestExpense": 0, "depreciationAndAmortization": 353400000, "ebitda": 529900000, "ebitdaratio": 0.0748351198, "operatingIncome": 176500000, "operatingIncomeRatio": 0.0249262099, "totalOtherIncomeExpensesNet": -467000000, "incomeBeforeTax": -290500000, "incomeBeforeTaxRatio": -0.0410258583, "incomeTaxExpense": 30800000, "netIncome": -319800000, "netIncomeRatio": -0.0451637504, "eps": -1.79, "epsdiluted": -1.79, "weightedAverageShsOut": 178659218, "weightedAverageShsOutDil": 178659218, "link": "", "finalLink": "", "calculatedOtherExpenses": -17100000, "calculatedOperatingExpenses": 531300000, "calculatedNetInterest": 0, "calculatedOtherIncome": -467000000, "calculatedIncomeNonControlling": -1500000, "calculatedEbitda": 529900000}, {"date": "2002-12-31", "symbol": "HUN", "reportedCurrency": "USD", "cik": "0001307954", "fillingDate": "2002-12-31", "acceptedDate": "2002-12-30 19:00:00", "calendarYear": "2002", "period": "FY", "revenue": 2661000000, "costOfRevenue": 2421000000, "grossProfit": 240000000, "grossProfitRatio": 0.0901916573, "researchAndDevelopmentExpenses": 23800000, "generalAndAdministrativeExpenses": 0, "sellingAndMarketingExpenses": 0, "sellingGeneralAndAdministrativeExpenses": 151900000, "otherExpenses": 149900000, "operatingExpenses": 173700000, "costAndExpenses": 2594700000, "interestIncome": 0, "interestExpense": 0, "depreciationAndAmortization": 152700000, "ebitda": 226600000, "ebitdaratio": 0.0851559564, "operatingIncome": 66300000, "operatingIncomeRatio": 0.0249154453, "totalOtherIncomeExpensesNet": -7600000, "incomeBeforeTax": -154600000, "incomeBeforeTaxRatio": -0.0580984592, "incomeTaxExpense": 8500000, "netIncome": -22200000, "netIncomeRatio": -0.0083427283, "eps": -1.11, "epsdiluted": -1.11, "weightedAverageShsOut": 20000000, "weightedAverageShsOutDil": 20000000, "link": "", "finalLink": "", "calculatedOtherExpenses": -2000000, "calculatedOperatingExpenses": 173700000, "calculatedNetInterest": 0, "calculatedOtherIncome": -220900000, "calculatedIncomeNonControlling": -140900000, "calculatedEbitda": 219000000}, {"date": "2001-12-31", "symbol": "HUN", "reportedCurrency": "USD", "cik": "0001307954", "fillingDate": "2001-12-31", "acceptedDate": "2001-12-30 19:00:00", "calendarYear": "2001", "period": "FY", "revenue": 2757400000, "costOfRevenue": 0, "grossProfit": 2757400000, "grossProfitRatio": 1, "researchAndDevelopmentExpenses": 0, "generalAndAdministrativeExpenses": 0, "sellingAndMarketingExpenses": 0, "sellingGeneralAndAdministrativeExpenses": 0, "otherExpenses": 3466800000, "operatingExpenses": 3466800000, "costAndExpenses": 3466800000, "interestIncome": 0, "interestExpense": 0, "depreciationAndAmortization": 197500000, "ebitda": -511900000, "ebitdaratio": -0.1856458983, "operatingIncome": -709400000, "operatingIncomeRatio": -0.2572713426, "totalOtherIncomeExpensesNet": 0, "incomeBeforeTax": 0, "incomeBeforeTaxRatio": 0, "incomeTaxExpense": 133500000, "netIncome": -842900000, "netIncomeRatio": -0.3056865163, "eps": -3.82, "epsdiluted": -3.82, "weightedAverageShsOut": 220654450, "weightedAverageShsOutDil": 220654450, "link": "", "finalLink": "", "calculatedOtherExpenses": 3466800000, "calculatedOperatingExpenses": 3466800000, "calculatedNetInterest": 0, "calculatedOtherIncome": 709400000, "calculatedIncomeNonControlling": 709400000, "calculatedEbitda": -511900000}, {"date": "2000-12-31", "symbol": "HUN", "reportedCurrency": "USD", "cik": "0001307954", "fillingDate": "2000-12-31", "acceptedDate": "2000-12-30 19:00:00", "calendarYear": "2000", "period": "FY", "revenue": 3325700000, "costOfRevenue": 3404400000, "grossProfit": -78700000, "grossProfitRatio": -0.023664191, "researchAndDevelopmentExpenses": 0, "generalAndAdministrativeExpenses": 0, "sellingAndMarketingExpenses": 0, "sellingGeneralAndAdministrativeExpenses": 0, "otherExpenses": 0, "operatingExpenses": 0, "costAndExpenses": 3404400000, "interestIncome": 0, "interestExpense": 0, "depreciationAndAmortization": 200300000, "ebitda": 121600000, "ebitdaratio": 0.0365637309, "operatingIncome": -78700000, "operatingIncomeRatio": -0.023664191, "totalOtherIncomeExpensesNet": 0, "incomeBeforeTax": 0, "incomeBeforeTaxRatio": 0, "incomeTaxExpense": 59900000, "netIncome": -138600000, "netIncomeRatio": -0.0416754368, "eps": -0.63, "epsdiluted": -0.63, "weightedAverageShsOut": 220000000, "weightedAverageShsOutDil": 220000000, "link": "", "finalLink": "", "calculatedOtherExpenses": 0, "calculatedOperatingExpenses": 0, "calculatedNetInterest": 0, "calculatedOtherIncome": 78700000, "calculatedIncomeNonControlling": 78700000, "calculatedEbitda": 121600000}]}