{"originalCurrency": "USD", "convertedCurrency": "USD", "report": [{"date": "2023-12-31", "symbol": "HWC", "reportedCurrency": "USD", "cik": "0000750577", "fillingDate": "2024-02-28", "acceptedDate": "2024-02-28 17:10:58", "calendarYear": "2023", "period": "FY", "revenue": 1889793000, "costOfRevenue": 503714000, "grossProfit": 1386079000, "grossProfitRatio": 0.7334554631, "researchAndDevelopmentExpenses": 0, "generalAndAdministrativeExpenses": 497314000, "sellingAndMarketingExpenses": 13454000, "sellingGeneralAndAdministrativeExpenses": 510768000, "otherExpenses": -285897000, "operatingExpenses": 285897000, "costAndExpenses": 1419053000, "interestIncome": 1620497000, "interestExpense": 71974000, "depreciationAndAmortization": 46276000, "ebitda": 42262000, "ebitdaratio": 0.0223632959, "operatingIncome": 1386079000, "operatingIncomeRatio": 0.7334554631, "totalOtherIncomeExpensesNet": 490128000, "incomeBeforeTax": 490128000, "incomeBeforeTaxRatio": 0.2593553897, "incomeTaxExpense": 97526000, "netIncome": 392602000, "netIncomeRatio": 0.2077486794, "eps": 4.51, "epsdiluted": 4.5, "weightedAverageShsOut": 86130000, "weightedAverageShsOutDil": 86423000, "link": "https://www.sec.gov/Archives/edgar/data/750577/000095017024022252/0000950170-24-022252-index.htm", "finalLink": "https://www.sec.gov/Archives/edgar/data/750577/000095017024022252/hwc-20231231.htm", "calculatedOtherExpenses": -510768000, "calculatedOperatingExpenses": 0, "calculatedNetInterest": 1548523000, "calculatedOtherIncome": -2444474000, "calculatedIncomeNonControlling": 0, "calculatedEbitda": 1432355000}, {"date": "2022-12-31", "symbol": "HWC", "reportedCurrency": "USD", "cik": "0000750577", "fillingDate": "2023-02-27", "acceptedDate": "2023-02-24 19:05:16", "calendarYear": "2022", "period": "FY", "revenue": 1381489000, "costOfRevenue": 0, "grossProfit": 1381489000, "grossProfitRatio": 1, "researchAndDevelopmentExpenses": 0, "generalAndAdministrativeExpenses": 460635000, "sellingAndMarketingExpenses": 13783000, "sellingGeneralAndAdministrativeExpenses": 460635000, "otherExpenses": -1064286000, "operatingExpenses": -603651000, "costAndExpenses": -603651000, "interestIncome": 1137063000, "interestExpense": 87060000, "depreciationAndAmortization": 14033000, "ebitda": 791871000, "ebitdaratio": 0.5732010895, "operatingIncome": 777838000, "operatingIncomeRatio": 0.5630432092, "totalOtherIncomeExpensesNet": -118642000, "incomeBeforeTax": 659196000, "incomeBeforeTaxRatio": 0.4771634085, "incomeTaxExpense": 135107000, "netIncome": 524089000, "netIncomeRatio": 0.379365308, "eps": 6, "epsdiluted": 5.98, "weightedAverageShsOut": 86068000, "weightedAverageShsOutDil": 86394000, "link": "https://www.sec.gov/Archives/edgar/data/750577/000095017023004433/0000950170-23-004433-index.htm", "finalLink": "https://www.sec.gov/Archives/edgar/data/750577/000095017023004433/hwc-20221231.htm", "calculatedOtherExpenses": 143016000, "calculatedOperatingExpenses": 603651000, "calculatedNetInterest": 1050003000, "calculatedOtherIncome": -1168645000, "calculatedIncomeNonControlling": 0, "calculatedEbitda": 791871000}, {"date": "2021-12-31", "symbol": "HWC", "reportedCurrency": "USD", "cik": "0000750577", "fillingDate": "2022-02-25", "acceptedDate": "2022-02-25 13:14:04", "calendarYear": "2021", "period": "FY", "revenue": 1297569000, "costOfRevenue": 0, "grossProfit": 1297569000, "grossProfitRatio": 1, "researchAndDevelopmentExpenses": 0, "generalAndAdministrativeExpenses": 482375000, "sellingAndMarketingExpenses": 12441000, "sellingGeneralAndAdministrativeExpenses": 482375000, "otherExpenses": -1211888000, "operatingExpenses": -729513000, "costAndExpenses": -729513000, "interestIncome": 982258000, "interestExpense": 49023000, "depreciationAndAmortization": 16665000, "ebitda": 584721000, "ebitdaratio": 0.4506280591, "operatingIncome": 568056000, "operatingIncomeRatio": 0.4377848114, "totalOtherIncomeExpensesNet": 568056000, "incomeBeforeTax": 568056000, "incomeBeforeTaxRatio": 0.4377848114, "incomeTaxExpense": 104841000, "netIncome": 463215000, "netIncomeRatio": 0.3569867961, "eps": 5.23, "epsdiluted": 5.22, "weightedAverageShsOut": 86823000, "weightedAverageShsOutDil": 87027000, "link": "https://www.sec.gov/Archives/edgar/data/750577/000156459022007023/0001564590-22-007023-index.htm", "finalLink": "https://www.sec.gov/Archives/edgar/data/750577/000156459022007023/hwc-10k_20211231.htm", "calculatedOtherExpenses": 247138000, "calculatedOperatingExpenses": 729513000, "calculatedNetInterest": 933235000, "calculatedOtherIncome": -933235000, "calculatedIncomeNonControlling": 0, "calculatedEbitda": 584721000}, {"date": "2020-12-31", "symbol": "HWC", "reportedCurrency": "USD", "cik": "0000750577", "fillingDate": "2021-03-01", "acceptedDate": "2021-02-26 19:52:46", "calendarYear": "2020", "period": "FY", "revenue": 1266951000, "costOfRevenue": 0, "grossProfit": 1266951000, "grossProfitRatio": 1, "researchAndDevelopmentExpenses": 0, "generalAndAdministrativeExpenses": 464059000, "sellingAndMarketingExpenses": 13011000, "sellingGeneralAndAdministrativeExpenses": 464059000, "otherExpenses": -1855755000, "operatingExpenses": -1391696000, "costAndExpenses": -1391696000, "interestIncome": 1057981000, "interestExpense": 115458000, "depreciationAndAmortization": 19916000, "ebitda": -104829000, "ebitdaratio": -0.0827411636, "operatingIncome": -124745000, "operatingIncomeRatio": -0.0984607929, "totalOtherIncomeExpensesNet": -124745000, "incomeBeforeTax": -124745000, "incomeBeforeTaxRatio": -0.0984607929, "incomeTaxExpense": -79571000, "netIncome": -45174000, "netIncomeRatio": -0.0356556804, "eps": -0.52, "epsdiluted": -0.52, "weightedAverageShsOut": 86533000, "weightedAverageShsOutDil": 86533000, "link": "https://www.sec.gov/Archives/edgar/data/750577/000156459021009576/0001564590-21-009576-index.htm", "finalLink": "https://www.sec.gov/Archives/edgar/data/750577/000156459021009576/hwc-10k_20201231.htm", "calculatedOtherExpenses": 927637000, "calculatedOperatingExpenses": 1391696000, "calculatedNetInterest": 942523000, "calculatedOtherIncome": -942523000, "calculatedIncomeNonControlling": 0, "calculatedEbitda": -104829000}, {"date": "2019-12-31", "symbol": "HWC", "reportedCurrency": "USD", "cik": "0000750577", "fillingDate": "2020-02-25", "acceptedDate": "2020-02-24 21:50:52", "calendarYear": "2019", "period": "FY", "revenue": 1211124000, "costOfRevenue": 0, "grossProfit": 1211124000, "grossProfitRatio": 1, "researchAndDevelopmentExpenses": 0, "generalAndAdministrativeExpenses": 439879000, "sellingAndMarketingExpenses": 15251000, "sellingGeneralAndAdministrativeExpenses": 439879000, "otherExpenses": -1258264000, "operatingExpenses": -818385000, "costAndExpenses": -818385000, "interestIncome": 1125782000, "interestExpense": 230565000, "depreciationAndAmortization": 20844000, "ebitda": 413583000, "ebitdaratio": 0.3414869163, "operatingIncome": 392739000, "operatingIncomeRatio": 0.3242764572, "totalOtherIncomeExpensesNet": 392739000, "incomeBeforeTax": 392739000, "incomeBeforeTaxRatio": 0.3242764572, "incomeTaxExpense": 65359000, "netIncome": 327380000, "netIncomeRatio": 0.2703108848, "eps": 3.72, "epsdiluted": 3.72, "weightedAverageShsOut": 86488000, "weightedAverageShsOutDil": 86599000, "link": "https://www.sec.gov/Archives/edgar/data/750577/000156459020006172/0001564590-20-006172-index.htm", "finalLink": "https://www.sec.gov/Archives/edgar/data/750577/000156459020006172/hwc-10k_20191231.htm", "calculatedOtherExpenses": 378506000, "calculatedOperatingExpenses": 818385000, "calculatedNetInterest": 895217000, "calculatedOtherIncome": -895217000, "calculatedIncomeNonControlling": 0, "calculatedEbitda": 413583000}, {"date": "2018-12-31", "symbol": "HWC", "reportedCurrency": "USD", "cik": "0000750577", "fillingDate": "2019-03-01", "acceptedDate": "2019-02-28 21:17:49", "calendarYear": "2018", "period": "FY", "revenue": 1133978000, "costOfRevenue": 24654000, "grossProfit": 1109324000, "grossProfitRatio": 0.9782588375, "researchAndDevelopmentExpenses": 0, "generalAndAdministrativeExpenses": 399282000, "sellingAndMarketingExpenses": 12334000, "sellingGeneralAndAdministrativeExpenses": 399282000, "otherExpenses": -1077716000, "operatingExpenses": -547778000, "costAndExpenses": -547778000, "interestIncome": 1028268000, "interestExpense": 179430000, "depreciationAndAmortization": 22050000, "ebitda": 610128000, "ebitdaratio": 0.5380421842, "operatingIncome": 561546000, "operatingIncomeRatio": 0.4952000832, "totalOtherIncomeExpensesNet": -179430000, "incomeBeforeTax": 382116000, "incomeBeforeTaxRatio": 0.3369695003, "incomeTaxExpense": 58346000, "netIncome": 323770000, "netIncomeRatio": 0.285517003, "eps": 3.79, "epsdiluted": 3.79, "weightedAverageShsOut": 85355000, "weightedAverageShsOutDil": 85521000, "link": "https://www.sec.gov/Archives/edgar/data/750577/000075057719000004/0000750577-19-000004-index.htm", "finalLink": "https://www.sec.gov/Archives/edgar/data/750577/000075057719000004/hwc-20181231x10k.htm", "calculatedOtherExpenses": 148496000, "calculatedOperatingExpenses": 547778000, "calculatedNetInterest": 848838000, "calculatedOtherIncome": -1028268000, "calculatedIncomeNonControlling": 0, "calculatedEbitda": 583596000}, {"date": "2017-12-31", "symbol": "HWC", "reportedCurrency": "USD", "cik": "0000750577", "fillingDate": "2018-02-27", "acceptedDate": "2018-02-26 18:22:15", "calendarYear": "2017", "period": "FY", "revenue": 1062520000, "costOfRevenue": 0, "grossProfit": 1062520000, "grossProfitRatio": 1, "researchAndDevelopmentExpenses": 0, "generalAndAdministrativeExpenses": 373002000, "sellingAndMarketingExpenses": 15031000, "sellingGeneralAndAdministrativeExpenses": 373002000, "otherExpenses": -990677000, "operatingExpenses": -617675000, "costAndExpenses": -617675000, "interestIncome": 900581000, "interestExpense": 108269000, "depreciationAndAmortization": 22417000, "ebitda": 467262000, "ebitdaratio": 0.439767722, "operatingIncome": 444845000, "operatingIncomeRatio": 0.4186697662, "totalOtherIncomeExpensesNet": -136411000, "incomeBeforeTax": 308434000, "incomeBeforeTaxRatio": 0.2902853593, "incomeTaxExpense": 92802000, "netIncome": 215632000, "netIncomeRatio": 0.2029439446, "eps": 2.49, "epsdiluted": 2.48, "weightedAverageShsOut": 84695000, "weightedAverageShsOutDil": 84963000, "link": "https://www.sec.gov/Archives/edgar/data/750577/000075057718000009/0000750577-18-000009-index.htm", "finalLink": "https://www.sec.gov/Archives/edgar/data/750577/000075057718000009/hbhc-20171231x10k.htm", "calculatedOtherExpenses": 244673000, "calculatedOperatingExpenses": 617675000, "calculatedNetInterest": 792312000, "calculatedOtherIncome": -928723000, "calculatedIncomeNonControlling": 0, "calculatedEbitda": 467262000}, {"date": "2016-12-31", "symbol": "HWC", "reportedCurrency": "USD", "cik": "0000750577", "fillingDate": "2017-02-24", "acceptedDate": "2017-02-24 15:43:35", "calendarYear": "2016", "period": "FY", "revenue": 915815000, "costOfRevenue": 0, "grossProfit": 915815000, "grossProfitRatio": 1, "researchAndDevelopmentExpenses": 0, "generalAndAdministrativeExpenses": 339692000, "sellingAndMarketingExpenses": 10938000, "sellingGeneralAndAdministrativeExpenses": 339692000, "otherExpenses": -967170000, "operatingExpenses": -627478000, "costAndExpenses": -627478000, "interestIncome": 732167000, "interestExpense": 73051000, "depreciationAndAmortization": 19781000, "ebitda": 308118000, "ebitdaratio": 0.3364413118, "operatingIncome": 288337000, "operatingIncomeRatio": 0.3148419714, "totalOtherIncomeExpensesNet": -101414000, "incomeBeforeTax": 186923000, "incomeBeforeTaxRatio": 0.2041056327, "incomeTaxExpense": 37627000, "netIncome": 149296000, "netIncomeRatio": 0.1630198239, "eps": 1.87, "epsdiluted": 1.87, "weightedAverageShsOut": 77850000, "weightedAverageShsOutDil": 77949000, "link": "https://www.sec.gov/Archives/edgar/data/750577/000075057717000009/0000750577-17-000009-index.htm", "finalLink": "https://www.sec.gov/Archives/edgar/data/750577/000075057717000009/hbhc-20161231x10k.htm", "calculatedOtherExpenses": 287786000, "calculatedOperatingExpenses": 627478000, "calculatedNetInterest": 659116000, "calculatedOtherIncome": -760530000, "calculatedIncomeNonControlling": 0, "calculatedEbitda": 308118000}, {"date": "2015-12-31", "symbol": "HWC", "reportedCurrency": "USD", "cik": "0000750577", "fillingDate": "2016-02-26", "acceptedDate": "2016-02-26 16:50:26", "calendarYear": "2015", "period": "FY", "revenue": 868205000, "costOfRevenue": 0, "grossProfit": 868205000, "grossProfitRatio": 1, "researchAndDevelopmentExpenses": 0, "generalAndAdministrativeExpenses": 332120000, "sellingAndMarketingExpenses": 11225000, "sellingGeneralAndAdministrativeExpenses": 332120000, "otherExpenses": -947325000, "operatingExpenses": -615205000, "costAndExpenses": -615205000, "interestIncome": 679646000, "interestExpense": 54472000, "depreciationAndAmortization": 24184000, "ebitda": 277184000, "ebitdaratio": 0.319261004, "operatingIncome": 253000000, "operatingIncomeRatio": 0.2914058316, "totalOtherIncomeExpensesNet": -83235000, "incomeBeforeTax": 169765000, "incomeBeforeTaxRatio": 0.1955356166, "incomeTaxExpense": 38304000, "netIncome": 131461000, "netIncomeRatio": 0.151417004, "eps": 1.64, "epsdiluted": 1.64, "weightedAverageShsOut": 78393902, "weightedAverageShsOutDil": 80159146, "link": "https://www.sec.gov/Archives/edgar/data/750577/000119312516482143/0001193125-16-482143-index.htm", "finalLink": "https://www.sec.gov/Archives/edgar/data/750577/000119312516482143/d115918d10k.htm", "calculatedOtherExpenses": 283085000, "calculatedOperatingExpenses": 615205000, "calculatedNetInterest": 625174000, "calculatedOtherIncome": -708409000, "calculatedIncomeNonControlling": 0, "calculatedEbitda": 277184000}, {"date": "2014-12-31", "symbol": "HWC", "reportedCurrency": "USD", "cik": "0000750577", "fillingDate": "2015-02-27", "acceptedDate": "2015-02-27 17:08:37", "calendarYear": "2014", "period": "FY", "revenue": 894795000, "costOfRevenue": 0, "grossProfit": 894795000, "grossProfitRatio": 1, "researchAndDevelopmentExpenses": 0, "generalAndAdministrativeExpenses": 320502000, "sellingAndMarketingExpenses": 8937000, "sellingGeneralAndAdministrativeExpenses": 320502000, "otherExpenses": -904680000, "operatingExpenses": -584178000, "costAndExpenses": -584178000, "interestIncome": 692813000, "interestExpense": 38119000, "depreciationAndAmortization": 26797000, "ebitda": 337414000, "ebitdaratio": 0.3770852542, "operatingIncome": 310617000, "operatingIncomeRatio": 0.3471376125, "totalOtherIncomeExpensesNet": -68430000, "incomeBeforeTax": 242187000, "incomeBeforeTaxRatio": 0.2706619952, "incomeTaxExpense": 66465000, "netIncome": 175722000, "netIncomeRatio": 0.1963824116, "eps": 2.1, "epsdiluted": 2.1, "weightedAverageShsOut": 81948095, "weightedAverageShsOutDil": 83677143, "link": "https://www.sec.gov/Archives/edgar/data/750577/000119312515070213/0001193125-15-070213-index.htm", "finalLink": "https://www.sec.gov/Archives/edgar/data/750577/000119312515070213/d837451d10k.htm", "calculatedOtherExpenses": 263676000, "calculatedOperatingExpenses": 584178000, "calculatedNetInterest": 654694000, "calculatedOtherIncome": -723124000, "calculatedIncomeNonControlling": 0, "calculatedEbitda": 337414000}, {"date": "2013-12-31", "symbol": "HWC", "reportedCurrency": "USD", "cik": "0000750577", "fillingDate": "2014-02-28", "acceptedDate": "2014-02-28 13:59:37", "calendarYear": "2013", "period": "FY", "revenue": 926874000, "costOfRevenue": -2238000, "grossProfit": 929112000, "grossProfitRatio": 1.0024145677, "researchAndDevelopmentExpenses": 0, "generalAndAdministrativeExpenses": 347266000, "sellingAndMarketingExpenses": 10399000, "sellingGeneralAndAdministrativeExpenses": 347266000, "otherExpenses": -986805000, "operatingExpenses": -639539000, "costAndExpenses": -2238000, "interestIncome": 722210000, "interestExpense": 41479000, "depreciationAndAmortization": 29470000, "ebitda": 319043000, "ebitdaratio": 0.3442139924, "operatingIncome": 289573000, "operatingIncomeRatio": 0.312418948, "totalOtherIncomeExpensesNet": -73707000, "incomeBeforeTax": 215866000, "incomeBeforeTaxRatio": 0.2328968123, "incomeTaxExpense": 52510000, "netIncome": 163356000, "netIncomeRatio": 0.1762440202, "eps": 1.93, "epsdiluted": 1.93, "weightedAverageShsOut": 83066000, "weightedAverageShsOutDil": 83167000, "link": "https://www.sec.gov/Archives/edgar/data/750577/000119312514076371/0001193125-14-076371-index.htm", "finalLink": "https://www.sec.gov/Archives/edgar/data/750577/000119312514076371/d643369d10k.htm", "calculatedOtherExpenses": 292273000, "calculatedOperatingExpenses": 639539000, "calculatedNetInterest": 680731000, "calculatedOtherIncome": -754438000, "calculatedIncomeNonControlling": 0, "calculatedEbitda": 319043000}, {"date": "2012-12-31", "symbol": "HWC", "reportedCurrency": "USD", "cik": "0000750577", "fillingDate": "2013-02-28", "acceptedDate": "2013-02-28 15:47:54", "calendarYear": "2012", "period": "FY", "revenue": 964614000, "costOfRevenue": 5000000, "grossProfit": 959614000, "grossProfitRatio": 0.9948165795, "researchAndDevelopmentExpenses": 0, "generalAndAdministrativeExpenses": 356734000, "sellingAndMarketingExpenses": 13515000, "sellingGeneralAndAdministrativeExpenses": 356734000, "otherExpenses": -1034455000, "operatingExpenses": -677721000, "costAndExpenses": 5000000, "interestIncome": 762549000, "interestExpense": 51682000, "depreciationAndAmortization": 32067000, "ebitda": 313960000, "ebitdaratio": 0.3254773412, "operatingIncome": 281893000, "operatingIncomeRatio": 0.292233992, "totalOtherIncomeExpensesNet": -84538000, "incomeBeforeTax": 197355000, "incomeBeforeTaxRatio": 0.2045947913, "incomeTaxExpense": 45613000, "netIncome": 151742000, "netIncomeRatio": 0.1573085193, "eps": 1.77, "epsdiluted": 1.75, "weightedAverageShsOut": 84767000, "weightedAverageShsOutDil": 85588000, "link": "https://www.sec.gov/Archives/edgar/data/750577/000119312513083995/0001193125-13-083995-index.htm", "finalLink": "https://www.sec.gov/Archives/edgar/data/750577/000119312513083995/d455743d10k.htm", "calculatedOtherExpenses": 320987000, "calculatedOperatingExpenses": 677721000, "calculatedNetInterest": 710867000, "calculatedOtherIncome": -795405000, "calculatedIncomeNonControlling": 0, "calculatedEbitda": 313960000}, {"date": "2011-12-31", "symbol": "HWC", "reportedCurrency": "USD", "cik": "0000750577", "fillingDate": "2012-02-28", "acceptedDate": "2012-02-28 17:22:55", "calendarYear": "2011", "period": "FY", "revenue": 739494000, "costOfRevenue": 11925000, "grossProfit": 727569000, "grossProfitRatio": 0.9838741085, "researchAndDevelopmentExpenses": 0, "generalAndAdministrativeExpenses": 272642000, "sellingAndMarketingExpenses": 17687000, "sellingGeneralAndAdministrativeExpenses": 272642000, "otherExpenses": 0, "operatingExpenses": 17687000, "costAndExpenses": 29612000, "interestIncome": 604129000, "interestExpense": 70970000, "depreciationAndAmortization": 16551000, "ebitda": 206950000, "ebitdaratio": 0.2798535215, "operatingIncome": 190399000, "operatingIncomeRatio": 0.2574720011, "totalOtherIncomeExpensesNet": -95576000, "incomeBeforeTax": 94823000, "incomeBeforeTaxRatio": 0.1282268686, "incomeTaxExpense": 18064000, "netIncome": 76759000, "netIncomeRatio": 0.1037993547, "eps": 1.16, "epsdiluted": 1.15, "weightedAverageShsOut": 65590000, "weightedAverageShsOutDil": 66070000, "link": "https://www.sec.gov/Archives/edgar/data/750577/000119312512085826/0001193125-12-085826-index.htm", "finalLink": "https://www.sec.gov/Archives/edgar/data/750577/000119312512085826/d281615d10k.htm", "calculatedOtherExpenses": 264528000, "calculatedOperatingExpenses": 537170000, "calculatedNetInterest": 533159000, "calculatedOtherIncome": -628735000, "calculatedIncomeNonControlling": 0, "calculatedEbitda": 206950000}, {"date": "2010-12-31", "symbol": "HWC", "reportedCurrency": "USD", "cik": "0000750577", "fillingDate": "2011-02-28", "acceptedDate": "2011-02-28 16:34:32", "calendarYear": "2010", "period": "FY", "revenue": 418989000, "costOfRevenue": 11827000, "grossProfit": 407162000, "grossProfitRatio": 0.9717725286, "researchAndDevelopmentExpenses": 0, "generalAndAdministrativeExpenses": 142042000, "sellingAndMarketingExpenses": 0, "sellingGeneralAndAdministrativeExpenses": 142042000, "otherExpenses": -391272000, "operatingExpenses": -249230000, "costAndExpenses": 11827000, "interestIncome": 364385000, "interestExpense": 82345000, "depreciationAndAmortization": 2734000, "ebitda": 160666000, "ebitdaratio": 0.383461141, "operatingIncome": 157932000, "operatingIncomeRatio": 0.37693591, "totalOtherIncomeExpensesNet": -96021000, "incomeBeforeTax": 61911000, "incomeBeforeTaxRatio": 0.1477628291, "incomeTaxExpense": 9705000, "netIncome": 52206000, "netIncomeRatio": 0.1245999298, "eps": 1.41, "epsdiluted": 1.4, "weightedAverageShsOut": 36876000, "weightedAverageShsOutDil": 37054000, "link": "https://www.sec.gov/Archives/edgar/data/750577/000119312511050016/0001193125-11-050016-index.htm", "finalLink": "https://www.sec.gov/Archives/edgar/data/750577/000119312511050016/d10k.htm", "calculatedOtherExpenses": 107188000, "calculatedOperatingExpenses": 249230000, "calculatedNetInterest": 282040000, "calculatedOtherIncome": -378061000, "calculatedIncomeNonControlling": 0, "calculatedEbitda": 160666000}, {"date": "2009-12-31", "symbol": "HWC", "reportedCurrency": "USD", "cik": "0000750577", "fillingDate": "2010-02-17", "acceptedDate": "2010-02-17 16:02:26", "calendarYear": "2009", "period": "FY", "revenue": 385754000, "costOfRevenue": 0, "grossProfit": 385754000, "grossProfitRatio": 1, "researchAndDevelopmentExpenses": 0, "generalAndAdministrativeExpenses": 121449000, "sellingAndMarketingExpenses": 0, "sellingGeneralAndAdministrativeExpenses": 121449000, "otherExpenses": -314209000, "operatingExpenses": -192760000, "costAndExpenses": -192760000, "interestIncome": 323727000, "interestExpense": 95300000, "depreciationAndAmortization": 16966000, "ebitda": 209960000, "ebitdaratio": 0.5442846996, "operatingIncome": 192994000, "operatingIncomeRatio": 0.5003033021, "totalOtherIncomeExpensesNet": -95300000, "incomeBeforeTax": 97694000, "incomeBeforeTaxRatio": 0.2532546649, "incomeTaxExpense": 22919000, "netIncome": 74775000, "netIncomeRatio": 0.1938411527, "eps": 2.28, "epsdiluted": 2.26, "weightedAverageShsOut": 32747000, "weightedAverageShsOutDil": 32934000, "link": "https://www.sec.gov/Archives/edgar/data/750577/000119312510033208/0001193125-10-033208-index.htm", "finalLink": "https://www.sec.gov/Archives/edgar/data/750577/000119312510033208/d10k.htm", "calculatedOtherExpenses": 71311000, "calculatedOperatingExpenses": 192760000, "calculatedNetInterest": 228427000, "calculatedOtherIncome": -323727000, "calculatedIncomeNonControlling": 0, "calculatedEbitda": 209960000}, {"date": "2008-12-31", "symbol": "HWC", "reportedCurrency": "USD", "cik": "0000750577", "fillingDate": "2009-02-27", "acceptedDate": "2009-02-27 06:49:49", "calendarYear": "2008", "period": "FY", "revenue": 337213000, "costOfRevenue": 0, "grossProfit": 337213000, "grossProfitRatio": 1, "researchAndDevelopmentExpenses": 0, "generalAndAdministrativeExpenses": 109773000, "sellingAndMarketingExpenses": 0, "sellingGeneralAndAdministrativeExpenses": 109773000, "otherExpenses": -233999000, "operatingExpenses": -124226000, "costAndExpenses": -124226000, "interestIncome": 335437000, "interestExpense": 126002000, "depreciationAndAmortization": 17403000, "ebitda": 230390000, "ebitdaratio": 0.6832180254, "operatingIncome": 212987000, "operatingIncomeRatio": 0.6316096948, "totalOtherIncomeExpensesNet": -126002000, "incomeBeforeTax": 86985000, "incomeBeforeTaxRatio": 0.2579526887, "incomeTaxExpense": 21619000, "netIncome": 65366000, "netIncomeRatio": 0.1938418744, "eps": 2.07, "epsdiluted": 2.04, "weightedAverageShsOut": 31491000, "weightedAverageShsOutDil": 31883000, "link": "https://www.sec.gov/Archives/edgar/data/750577/000116923209001195/0001169232-09-001195-index.htm", "finalLink": "https://www.sec.gov/Archives/edgar/data/750577/000116923209001195/d76266_10-k.htm", "calculatedOtherExpenses": 14453000, "calculatedOperatingExpenses": 124226000, "calculatedNetInterest": 209435000, "calculatedOtherIncome": -335437000, "calculatedIncomeNonControlling": 0, "calculatedEbitda": 230390000}, {"date": "2007-12-31", "symbol": "HWC", "reportedCurrency": "USD", "cik": "0000750577", "fillingDate": "2008-02-27", "acceptedDate": "2008-02-27 15:20:12", "calendarYear": "2007", "period": "FY", "revenue": 323758000, "costOfRevenue": 0, "grossProfit": 323758000, "grossProfitRatio": 1, "researchAndDevelopmentExpenses": 0, "generalAndAdministrativeExpenses": 106959000, "sellingAndMarketingExpenses": 7032000, "sellingGeneralAndAdministrativeExpenses": 113991000, "otherExpenses": -195702000, "operatingExpenses": -81711000, "costAndExpenses": -81711000, "interestIncome": 345865000, "interestExpense": 140236000, "depreciationAndAmortization": 16037000, "ebitda": 258084000, "ebitdaratio": 0.7971509584, "operatingIncome": 242047000, "operatingIncomeRatio": 0.7476170473, "totalOtherIncomeExpensesNet": -140236000, "incomeBeforeTax": 101811000, "incomeBeforeTaxRatio": 0.3144663607, "incomeTaxExpense": 27919000, "netIncome": 73892000, "netIncomeRatio": 0.2282321981, "eps": 2.31, "epsdiluted": 2.27, "weightedAverageShsOut": 31987879, "weightedAverageShsOutDil": 32551542, "link": "https://www.sec.gov/Archives/edgar/data/750577/000116923208001039/0001169232-08-001039-index.htm", "finalLink": "https://www.sec.gov/Archives/edgar/data/750577/000116923208001039/d73726_10k.htm", "calculatedOtherExpenses": -32280000, "calculatedOperatingExpenses": 81711000, "calculatedNetInterest": 205629000, "calculatedOtherIncome": -345865000, "calculatedIncomeNonControlling": 0, "calculatedEbitda": 258084000}, {"date": "2006-12-31", "symbol": "HWC", "reportedCurrency": "USD", "cik": "0000750577", "fillingDate": "2007-02-23", "acceptedDate": "2007-02-23 15:14:02", "calendarYear": "2006", "period": "FY", "revenue": 328300000, "costOfRevenue": 0, "grossProfit": 328300000, "grossProfitRatio": 1, "researchAndDevelopmentExpenses": 0, "generalAndAdministrativeExpenses": 103753000, "sellingAndMarketingExpenses": 6642000, "sellingGeneralAndAdministrativeExpenses": 110395000, "otherExpenses": -170486000, "operatingExpenses": -60091000, "costAndExpenses": -60091000, "interestIncome": 344330000, "interestExpense": 119863000, "depreciationAndAmortization": 1817000, "ebitda": 270026000, "ebitdaratio": 0.8224977155, "operatingIncome": 268209000, "operatingIncomeRatio": 0.8169631435, "totalOtherIncomeExpensesNet": -119863000, "incomeBeforeTax": 148346000, "incomeBeforeTaxRatio": 0.4518611027, "incomeTaxExpense": 46544000, "netIncome": 101802000, "netIncomeRatio": 0.3100883338, "eps": 3.13, "epsdiluted": 3.06, "weightedAverageShsOut": 32524601, "weightedAverageShsOutDil": 33268627, "link": "https://www.sec.gov/Archives/edgar/data/750577/000103079807000019/0001030798-07-000019-index.htm", "finalLink": "https://www.sec.gov/Archives/edgar/data/750577/000103079807000019/hhc_10k-123106.htm", "calculatedOtherExpenses": -50304000, "calculatedOperatingExpenses": 60091000, "calculatedNetInterest": 224467000, "calculatedOtherIncome": -344330000, "calculatedIncomeNonControlling": 0, "calculatedEbitda": 270026000}, {"date": "2005-12-31", "symbol": "HWC", "reportedCurrency": "USD", "cik": "0000750577", "fillingDate": "2006-03-16", "acceptedDate": "2006-03-16 09:52:56", "calendarYear": "2005", "period": "FY", "revenue": 287081000, "costOfRevenue": 0, "grossProfit": 287081000, "grossProfitRatio": 1, "researchAndDevelopmentExpenses": 0, "generalAndAdministrativeExpenses": 94158000, "sellingAndMarketingExpenses": 5232000, "sellingGeneralAndAdministrativeExpenses": 99390000, "otherExpenses": -238749000, "operatingExpenses": -139359000, "costAndExpenses": -139359000, "interestIncome": 263631000, "interestExpense": 74819000, "depreciationAndAmortization": 11642000, "ebitda": 159364000, "ebitdaratio": 0.5551185902, "operatingIncome": 147722000, "operatingIncomeRatio": 0.5145655756, "totalOtherIncomeExpensesNet": -74819000, "incomeBeforeTax": 72903000, "incomeBeforeTaxRatio": 0.2539457505, "incomeTaxExpense": 18871000, "netIncome": 54032000, "netIncomeRatio": 0.1882116894, "eps": 1.67, "epsdiluted": 1.64, "weightedAverageShsOut": 32354491, "weightedAverageShsOutDil": 32946341, "link": "https://www.sec.gov/Archives/edgar/data/750577/000103079806000044/0001030798-06-000044-index.htm", "finalLink": "https://www.sec.gov/Archives/edgar/data/750577/000103079806000044/hhc_10k-123105.htm", "calculatedOtherExpenses": 39969000, "calculatedOperatingExpenses": 139359000, "calculatedNetInterest": 188812000, "calculatedOtherIncome": -263631000, "calculatedIncomeNonControlling": 0, "calculatedEbitda": 159364000}, {"date": "2004-12-31", "symbol": "HWC", "reportedCurrency": "USD", "cik": "0000750577", "fillingDate": "2005-03-16", "acceptedDate": "2005-03-16 13:37:26", "calendarYear": "2004", "period": "FY", "revenue": 259785000, "costOfRevenue": 0, "grossProfit": 259785000, "grossProfitRatio": 1, "researchAndDevelopmentExpenses": 0, "generalAndAdministrativeExpenses": 86404000, "sellingAndMarketingExpenses": 0, "sellingGeneralAndAdministrativeExpenses": 86404000, "otherExpenses": -200622000, "operatingExpenses": -114218000, "costAndExpenses": -114218000, "interestIncome": 226774000, "interestExpense": 57270000, "depreciationAndAmortization": 16652000, "ebitda": 162219000, "ebitdaratio": 0.624435591, "operatingIncome": 145567000, "operatingIncomeRatio": 0.560336432, "totalOtherIncomeExpensesNet": -57270000, "incomeBeforeTax": 88297000, "incomeBeforeTaxRatio": 0.3398849048, "incomeTaxExpense": 26593000, "netIncome": 61704000, "netIncomeRatio": 0.2375194873, "eps": 1.91, "epsdiluted": 1.87, "weightedAverageShsOut": 32305759, "weightedAverageShsOutDil": 32996791, "link": "https://www.sec.gov/Archives/edgar/data/750577/000103079805000026/0001030798-05-000026-index.htm", "finalLink": "https://www.sec.gov/Archives/edgar/data/750577/000103079805000026/hhc_10k-123104.htm", "calculatedOtherExpenses": 27814000, "calculatedOperatingExpenses": 114218000, "calculatedNetInterest": 169504000, "calculatedOtherIncome": -226774000, "calculatedIncomeNonControlling": 0, "calculatedEbitda": 162219000}, {"date": "2003-12-31", "symbol": "HWC", "reportedCurrency": "USD", "cik": "0000750577", "fillingDate": "2004-03-12", "acceptedDate": "2004-03-12 17:05:46", "calendarYear": "2003", "period": "FY", "revenue": 234944000, "costOfRevenue": 0, "grossProfit": 234944000, "grossProfitRatio": 1, "researchAndDevelopmentExpenses": 0, "generalAndAdministrativeExpenses": 81409000, "sellingAndMarketingExpenses": 0, "sellingGeneralAndAdministrativeExpenses": 81409000, "otherExpenses": -178810000, "operatingExpenses": -97401000, "costAndExpenses": -97401000, "interestIncome": 218149000, "interestExpense": 57961000, "depreciationAndAmortization": 22396000, "ebitda": 159939000, "ebitdaratio": 0.6807537115, "operatingIncome": 137543000, "operatingIncomeRatio": 0.5854288682, "totalOtherIncomeExpensesNet": -57961000, "incomeBeforeTax": 79582000, "incomeBeforeTaxRatio": 0.3387275266, "incomeTaxExpense": 24627000, "netIncome": 54955000, "netIncomeRatio": 0.2339068033, "eps": 1.71, "epsdiluted": 1.65, "weightedAverageShsOut": 30675660, "weightedAverageShsOutDil": 31794529, "link": "https://www.sec.gov/Archives/edgar/data/750577/000103079804000047/0001030798-04-000047-index.htm", "finalLink": "https://www.sec.gov/Archives/edgar/data/750577/000103079804000047/hhc_10k-123103.htm", "calculatedOtherExpenses": 15992000, "calculatedOperatingExpenses": 97401000, "calculatedNetInterest": 160188000, "calculatedOtherIncome": -218149000, "calculatedIncomeNonControlling": 0, "calculatedEbitda": 159939000}, {"date": "2002-12-31", "symbol": "HWC", "reportedCurrency": "USD", "cik": "0000750577", "fillingDate": "2003-03-31", "acceptedDate": "2003-03-31 13:12:09", "calendarYear": "2002", "period": "FY", "revenue": 230321470, "costOfRevenue": 0, "grossProfit": 230321470, "grossProfitRatio": 1, "researchAndDevelopmentExpenses": 0, "generalAndAdministrativeExpenses": 77299554, "sellingAndMarketingExpenses": 0, "sellingGeneralAndAdministrativeExpenses": 77299554, "otherExpenses": -161999040, "operatingExpenses": -84699486, "costAndExpenses": -84699486, "interestIncome": 230781038, "interestExpense": 72052968, "depreciationAndAmortization": 9541416, "ebitda": 155163400, "ebitdaratio": 0.673681876, "operatingIncome": 145621984, "operatingIncomeRatio": 0.6322553603, "totalOtherIncomeExpensesNet": -72052968, "incomeBeforeTax": 73569016, "incomeBeforeTaxRatio": 0.3194188366, "incomeTaxExpense": 22525553, "netIncome": 51043463, "netIncomeRatio": 0.221618345, "eps": 1.54, "epsdiluted": 1.5, "weightedAverageShsOut": 31524575, "weightedAverageShsOutDil": 32260149, "link": "https://www.sec.gov/Archives/edgar/data/750577/000103079803000022/0001030798-03-000022-index.htm", "finalLink": "https://www.sec.gov/Archives/edgar/data/750577/000103079803000022/hhc_10k-123102.htm", "calculatedOtherExpenses": 7399932, "calculatedOperatingExpenses": 84699486, "calculatedNetInterest": 158728070, "calculatedOtherIncome": -230781038, "calculatedIncomeNonControlling": 0, "calculatedEbitda": 155163400}, {"date": "2001-12-31", "symbol": "HWC", "reportedCurrency": "USD", "cik": "0000750577", "fillingDate": "2002-04-01", "acceptedDate": "2002-04-01 00:00:00", "calendarYear": "2001", "period": "FY", "revenue": 187851734, "costOfRevenue": 0, "grossProfit": 187851734, "grossProfitRatio": 1, "researchAndDevelopmentExpenses": 0, "generalAndAdministrativeExpenses": 67621811, "sellingAndMarketingExpenses": 0, "sellingGeneralAndAdministrativeExpenses": 67621811, "otherExpenses": -96994054, "operatingExpenses": -29372243, "costAndExpenses": -29372243, "interestIncome": 234869453, "interestExpense": 101361656, "depreciationAndAmortization": 12791068, "ebitda": 171270559, "ebitdaratio": 0.9117326487, "operatingIncome": 158479491, "operatingIncomeRatio": 0.8436413528, "totalOtherIncomeExpensesNet": -101361656, "incomeBeforeTax": 57117835, "incomeBeforeTaxRatio": 0.3040580663, "incomeTaxExpense": 17862695, "netIncome": 39255140, "netIncomeRatio": 0.2089687391, "eps": 1.18, "epsdiluted": 1.18, "weightedAverageShsOut": 32142373, "weightedAverageShsOutDil": 32142373, "link": "https://www.sec.gov/Archives/edgar/data/750577/000103079802000033/0001030798-02-000033-index.htm", "finalLink": "https://www.sec.gov/Archives/edgar/data/750577/000103079802000033/hhc_10ksb-123101.htm", "calculatedOtherExpenses": -38249568, "calculatedOperatingExpenses": 29372243, "calculatedNetInterest": 133507797, "calculatedOtherIncome": -234869453, "calculatedIncomeNonControlling": 0, "calculatedEbitda": 171270559}, {"date": "2000-12-31", "symbol": "HWC", "reportedCurrency": "USD", "cik": "0000750577", "fillingDate": "2001-04-02", "acceptedDate": "2001-04-02 00:00:00", "calendarYear": "2000", "period": "FY", "revenue": 175146661, "costOfRevenue": 0, "grossProfit": 175146661, "grossProfitRatio": 1, "researchAndDevelopmentExpenses": 0, "generalAndAdministrativeExpenses": 59185839, "sellingAndMarketingExpenses": 0, "sellingGeneralAndAdministrativeExpenses": 59185839, "otherExpenses": -86362190, "operatingExpenses": -27176351, "costAndExpenses": -27176351, "interestIncome": 216946667, "interestExpense": 94250646, "depreciationAndAmortization": 12028544, "ebitda": 159998854, "ebitdaratio": 0.9135135839, "operatingIncome": 147970310, "operatingIncomeRatio": 0.8448366024, "totalOtherIncomeExpensesNet": -94250646, "incomeBeforeTax": 53719664, "incomeBeforeTaxRatio": 0.3067124642, "incomeTaxExpense": 16896084, "netIncome": 36823580, "netIncomeRatio": 0.2102442592, "eps": 1.13, "epsdiluted": 1.13, "weightedAverageShsOut": 32587611, "weightedAverageShsOutDil": 32587611, "link": "https://www.sec.gov/Archives/edgar/data/750577/000103079801000065/0001030798-01-000065-index.htm", "finalLink": "https://www.sec.gov/Archives/edgar/data/750577/000103079801000065/0001030798-01-000065-0001.htm", "calculatedOtherExpenses": -32009488, "calculatedOperatingExpenses": 27176351, "calculatedNetInterest": 122696021, "calculatedOtherIncome": -216946667, "calculatedIncomeNonControlling": 0, "calculatedEbitda": 159998854}, {"date": "1999-12-31", "symbol": "HWC", "reportedCurrency": "USD", "cik": "0000750577", "fillingDate": "2000-03-30", "acceptedDate": "2000-03-30 00:00:00", "calendarYear": "1999", "period": "FY", "revenue": 169325597, "costOfRevenue": 0, "grossProfit": 169325597, "grossProfitRatio": 1, "researchAndDevelopmentExpenses": 0, "generalAndAdministrativeExpenses": 61595623, "sellingAndMarketingExpenses": 0, "sellingGeneralAndAdministrativeExpenses": 61595623, "otherExpenses": -100661615, "operatingExpenses": -39065992, "costAndExpenses": -39065992, "interestIncome": 207674735, "interestExpense": 83961382, "depreciationAndAmortization": 7693612, "ebitda": 137953217, "ebitdaratio": 0.8147215746, "operatingIncome": 130259605, "operatingIncomeRatio": 0.7692847821, "totalOtherIncomeExpensesNet": -83961382, "incomeBeforeTax": 46298223, "incomeBeforeTaxRatio": 0.2734271948, "incomeTaxExpense": 14588153, "netIncome": 31710070, "netIncomeRatio": 0.1872727488, "eps": 0.97, "epsdiluted": 0.97, "weightedAverageShsOut": 32690794, "weightedAverageShsOutDil": 32690794, "link": "https://www.sec.gov/Archives/edgar/data/750577/000103079800000047/0001030798-00-000047-index.htm", "finalLink": "https://www.sec.gov/Archives/edgar/data/750577/000103079800000047/0001030798-00-000047-d1.html", "calculatedOtherExpenses": -22529631, "calculatedOperatingExpenses": 39065992, "calculatedNetInterest": 123713353, "calculatedOtherIncome": -207674735, "calculatedIncomeNonControlling": 0, "calculatedEbitda": 137953217}, {"date": "1998-12-31", "symbol": "HWC", "reportedCurrency": "USD", "cik": "0000750577", "fillingDate": "1999-03-30", "acceptedDate": "1999-03-30 00:00:00", "calendarYear": "1998", "period": "FY", "revenue": 144200000, "costOfRevenue": 0, "grossProfit": 144200000, "grossProfitRatio": 1, "researchAndDevelopmentExpenses": 0, "generalAndAdministrativeExpenses": 50800000, "sellingAndMarketingExpenses": 0, "sellingGeneralAndAdministrativeExpenses": 50800000, "otherExpenses": -67800000, "operatingExpenses": -17000000, "costAndExpenses": -17000000, "interestIncome": 193700000, "interestExpense": 81800000, "depreciationAndAmortization": 7600000, "ebitda": 134800000, "ebitdaratio": 0.9348127601, "operatingIncome": 127200000, "operatingIncomeRatio": 0.8821081831, "totalOtherIncomeExpensesNet": -83000000, "incomeBeforeTax": 44200000, "incomeBeforeTaxRatio": 0.306518724, "incomeTaxExpense": 14400000, "netIncome": 31000000, "netIncomeRatio": 0.2149791956, "eps": 0.97, "epsdiluted": 0.96, "weightedAverageShsOut": 32068966, "weightedAverageShsOutDil": 32179931, "link": "https://www.sec.gov/Archives/edgar/data/750577/000103079899000038/0001030798-99-000038-index.htm", "finalLink": "https://www.sec.gov/Archives/edgar/data/750577/0001030798-99-000038.txt", "calculatedOtherExpenses": -33800000, "calculatedOperatingExpenses": 17000000, "calculatedNetInterest": 111900000, "calculatedOtherIncome": -194900000, "calculatedIncomeNonControlling": -1200000, "calculatedEbitda": 134800000}, {"date": "1997-12-31", "symbol": "HWC", "reportedCurrency": "USD", "cik": "0000750577", "fillingDate": "1998-03-31", "acceptedDate": "1998-03-31 00:00:00", "calendarYear": "1997", "period": "FY", "revenue": 142100000, "costOfRevenue": 0, "grossProfit": 142100000, "grossProfitRatio": 1, "researchAndDevelopmentExpenses": 0, "generalAndAdministrativeExpenses": 46500000, "sellingAndMarketingExpenses": 0, "sellingGeneralAndAdministrativeExpenses": 46500000, "otherExpenses": -68900000, "operatingExpenses": -22400000, "costAndExpenses": -22400000, "interestIncome": 183900000, "interestExpense": 71700000, "depreciationAndAmortization": 7000000, "ebitda": 126700000, "ebitdaratio": 0.8916256158, "operatingIncome": 119700000, "operatingIncomeRatio": 0.842364532, "totalOtherIncomeExpensesNet": -71700000, "incomeBeforeTax": 48000000, "incomeBeforeTaxRatio": 0.3377902885, "incomeTaxExpense": 17400000, "netIncome": 30600000, "netIncomeRatio": 0.2153413089, "eps": 0.94, "epsdiluted": 0.94, "weightedAverageShsOut": 32536923, "weightedAverageShsOutDil": 32536923, "link": "https://www.sec.gov/Archives/edgar/data/750577/000103079898000062/0001030798-98-000062-index.htm", "finalLink": "https://www.sec.gov/Archives/edgar/data/750577/0001030798-98-000062.txt", "calculatedOtherExpenses": -24100000, "calculatedOperatingExpenses": 22400000, "calculatedNetInterest": 112200000, "calculatedOtherIncome": -183900000, "calculatedIncomeNonControlling": 0, "calculatedEbitda": 126700000}, {"date": "1996-12-31", "symbol": "HWC", "reportedCurrency": "USD", "cik": "0000750577", "fillingDate": "1997-03-28", "acceptedDate": "1997-03-28 00:00:00", "calendarYear": "1996", "period": "FY", "revenue": 133200000, "costOfRevenue": 0, "grossProfit": 133200000, "grossProfitRatio": 1, "researchAndDevelopmentExpenses": 0, "generalAndAdministrativeExpenses": 42400000, "sellingAndMarketingExpenses": 0, "sellingGeneralAndAdministrativeExpenses": 42400000, "otherExpenses": -64000000, "operatingExpenses": -21600000, "costAndExpenses": -21600000, "interestIncome": 171500000, "interestExpense": 64800000, "depreciationAndAmortization": 7000000, "ebitda": 118600000, "ebitdaratio": 0.8903903904, "operatingIncome": 111600000, "operatingIncomeRatio": 0.8378378378, "totalOtherIncomeExpensesNet": -64800000, "incomeBeforeTax": 46800000, "incomeBeforeTaxRatio": 0.3513513514, "incomeTaxExpense": 15200000, "netIncome": 31600000, "netIncomeRatio": 0.2372372372, "eps": 1.03, "epsdiluted": 1.03, "weightedAverageShsOut": 30763839, "weightedAverageShsOutDil": 30763839, "link": "https://www.sec.gov/Archives/edgar/data/750577/000103079897000025/0001030798-97-000025-index.htm", "finalLink": "https://www.sec.gov/Archives/edgar/data/750577/000103079897000025/", "calculatedOtherExpenses": -20800000, "calculatedOperatingExpenses": 21600000, "calculatedNetInterest": 106700000, "calculatedOtherIncome": -171500000, "calculatedIncomeNonControlling": 0, "calculatedEbitda": 118600000}, {"date": "1995-12-31", "symbol": "HWC", "reportedCurrency": "USD", "cik": "0000750577", "fillingDate": "1996-04-01", "acceptedDate": "1996-04-01 00:00:00", "calendarYear": "1995", "period": "FY", "revenue": 124400000, "costOfRevenue": 0, "grossProfit": 124400000, "grossProfitRatio": 1, "researchAndDevelopmentExpenses": 0, "generalAndAdministrativeExpenses": 41300000, "sellingAndMarketingExpenses": 0, "sellingGeneralAndAdministrativeExpenses": 41300000, "otherExpenses": -64400000, "operatingExpenses": -23100000, "costAndExpenses": -23100000, "interestIncome": 161600000, "interestExpense": 61200000, "depreciationAndAmortization": 6800000, "ebitda": 108100000, "ebitdaratio": 0.8689710611, "operatingIncome": 101300000, "operatingIncomeRatio": 0.8143086817, "totalOtherIncomeExpensesNet": -61200000, "incomeBeforeTax": 40100000, "incomeBeforeTaxRatio": 0.3223472669, "incomeTaxExpense": 13100000, "netIncome": 27000000, "netIncomeRatio": 0.2170418006, "eps": 0.88, "epsdiluted": 0.88, "weightedAverageShsOut": 30540984, "weightedAverageShsOutDil": 30593840, "link": "https://www.sec.gov/Archives/edgar/data/750577/000095013496001158/0000950134-96-001158-index.htm", "finalLink": "https://www.sec.gov/Archives/edgar/data/750577/000095013496001158/", "calculatedOtherExpenses": -18200000, "calculatedOperatingExpenses": 23100000, "calculatedNetInterest": 100400000, "calculatedOtherIncome": -161600000, "calculatedIncomeNonControlling": 0, "calculatedEbitda": 108100000}, {"date": "1994-12-31", "symbol": "HWC", "reportedCurrency": "USD", "cik": "0000750577", "fillingDate": "1995-03-31", "acceptedDate": "1995-03-31 00:00:00", "calendarYear": "1994", "period": "FY", "revenue": 101500000, "costOfRevenue": 0, "grossProfit": 101500000, "grossProfitRatio": 1, "researchAndDevelopmentExpenses": 0, "generalAndAdministrativeExpenses": 34900000, "sellingAndMarketingExpenses": 0, "sellingGeneralAndAdministrativeExpenses": 34900000, "otherExpenses": -56300000, "operatingExpenses": -21400000, "costAndExpenses": -21400000, "interestIncome": 130400000, "interestExpense": 48400000, "depreciationAndAmortization": 6000000, "ebitda": 86100000, "ebitdaratio": 0.8482758621, "operatingIncome": 80100000, "operatingIncomeRatio": 0.7891625616, "totalOtherIncomeExpensesNet": -48400000, "incomeBeforeTax": 31700000, "incomeBeforeTaxRatio": 0.3123152709, "incomeTaxExpense": 9900000, "netIncome": 21800000, "netIncomeRatio": 0.2147783251, "eps": 0.83, "epsdiluted": 0.83, "weightedAverageShsOut": 26114583, "weightedAverageShsOutDil": 26114583, "link": "https://www.sec.gov/Archives/edgar/data/750577/000095013495000613/0000950134-95-000613-index.htm", "finalLink": "https://www.sec.gov/Archives/edgar/data/750577/000095013495000613/", "calculatedOtherExpenses": -13500000, "calculatedOperatingExpenses": 21400000, "calculatedNetInterest": 82000000, "calculatedOtherIncome": -130400000, "calculatedIncomeNonControlling": 0, "calculatedEbitda": 86100000}, {"date": "1993-12-31", "symbol": "HWC", "reportedCurrency": "USD", "cik": "0000750577", "fillingDate": "1994-02-11", "acceptedDate": "1994-02-11 00:00:00", "calendarYear": "1993", "period": "FY", "revenue": 97700000, "costOfRevenue": 0, "grossProfit": 97700000, "grossProfitRatio": 1, "researchAndDevelopmentExpenses": 0, "generalAndAdministrativeExpenses": 30600000, "sellingAndMarketingExpenses": 0, "sellingGeneralAndAdministrativeExpenses": 30600000, "otherExpenses": -51200000, "operatingExpenses": -20600000, "costAndExpenses": -20600000, "interestIncome": 123200000, "interestExpense": 45300000, "depreciationAndAmortization": 3800000, "ebitda": 80900000, "ebitdaratio": 0.8280450358, "operatingIncome": 77100000, "operatingIncomeRatio": 0.7891504606, "totalOtherIncomeExpensesNet": -45300000, "incomeBeforeTax": 31800000, "incomeBeforeTaxRatio": 0.3254861822, "incomeTaxExpense": 9700000, "netIncome": 22100000, "netIncomeRatio": 0.2262026612, "eps": 0.89, "epsdiluted": 0.89, "weightedAverageShsOut": 24819051, "weightedAverageShsOutDil": 24819051, "link": "https://www.sec.gov/Archives/edgar/data/750577/000095013494000106/0000950134-94-000106-index.htm", "finalLink": "https://www.sec.gov/Archives/edgar/data/750577/0000950134-94-000106.txt", "calculatedOtherExpenses": -10000000, "calculatedOperatingExpenses": 20600000, "calculatedNetInterest": 77900000, "calculatedOtherIncome": -123200000, "calculatedIncomeNonControlling": 0, "calculatedEbitda": 80900000}, {"date": "1992-12-31", "symbol": "HWC", "reportedCurrency": "USD", "cik": "0000750577", "fillingDate": "1992-12-31", "acceptedDate": "1992-12-30 19:00:00", "calendarYear": "1992", "period": "FY", "revenue": 93800000, "costOfRevenue": 0, "grossProfit": 93800000, "grossProfitRatio": 1, "researchAndDevelopmentExpenses": 0, "generalAndAdministrativeExpenses": 28500000, "sellingAndMarketingExpenses": 0, "sellingGeneralAndAdministrativeExpenses": 28500000, "otherExpenses": -44100000, "operatingExpenses": -15600000, "costAndExpenses": -15600000, "interestIncome": 126600000, "interestExpense": 52300000, "depreciationAndAmortization": 3900000, "ebitda": 82100000, "ebitdaratio": 0.8752665245, "operatingIncome": 78200000, "operatingIncomeRatio": 0.8336886994, "totalOtherIncomeExpensesNet": -52300000, "incomeBeforeTax": 25900000, "incomeBeforeTaxRatio": 0.276119403, "incomeTaxExpense": 6700000, "netIncome": 19200000, "netIncomeRatio": 0.2046908316, "eps": 0.79, "epsdiluted": 0.79, "weightedAverageShsOut": 24189586, "weightedAverageShsOutDil": 24189586, "link": "", "finalLink": "", "calculatedOtherExpenses": -12900000, "calculatedOperatingExpenses": 15600000, "calculatedNetInterest": 74300000, "calculatedOtherIncome": -126600000, "calculatedIncomeNonControlling": 0, "calculatedEbitda": 82100000}, {"date": "1991-12-31", "symbol": "HWC", "reportedCurrency": "USD", "cik": "0000750577", "fillingDate": "1991-12-31", "acceptedDate": "1991-12-30 19:00:00", "calendarYear": "1991", "period": "FY", "revenue": 76000000, "costOfRevenue": 0, "grossProfit": 76000000, "grossProfitRatio": 1, "researchAndDevelopmentExpenses": 0, "generalAndAdministrativeExpenses": 25800000, "sellingAndMarketingExpenses": 0, "sellingGeneralAndAdministrativeExpenses": 25800000, "otherExpenses": -16600000, "operatingExpenses": 9200000, "costAndExpenses": 9200000, "interestIncome": 124800000, "interestExpense": 68800000, "depreciationAndAmortization": 3700000, "ebitda": 88900000, "ebitdaratio": 1.1697368421, "operatingIncome": 85200000, "operatingIncomeRatio": 1.1210526316, "totalOtherIncomeExpensesNet": -68800000, "incomeBeforeTax": 16400000, "incomeBeforeTaxRatio": 0.2157894737, "incomeTaxExpense": 4000000, "netIncome": 12400000, "netIncomeRatio": 0.1631578947, "eps": 0.64, "epsdiluted": 0.64, "weightedAverageShsOut": 19365317, "weightedAverageShsOutDil": 19365317, "link": "", "finalLink": "", "calculatedOtherExpenses": -35000000, "calculatedOperatingExpenses": -9200000, "calculatedNetInterest": 56000000, "calculatedOtherIncome": -124800000, "calculatedIncomeNonControlling": 0, "calculatedEbitda": 88900000}, {"date": "1990-12-31", "symbol": "HWC", "reportedCurrency": "USD", "cik": "0000750577", "fillingDate": "1990-12-31", "acceptedDate": "1990-12-30 19:00:00", "calendarYear": "1990", "period": "FY", "revenue": 52500000, "costOfRevenue": 0, "grossProfit": 52500000, "grossProfitRatio": 1, "researchAndDevelopmentExpenses": 0, "generalAndAdministrativeExpenses": 20600000, "sellingAndMarketingExpenses": 0, "sellingGeneralAndAdministrativeExpenses": 20600000, "otherExpenses": -900000, "operatingExpenses": 19700000, "costAndExpenses": 19700000, "interestIncome": 102100000, "interestExpense": 62700000, "depreciationAndAmortization": 3400000, "ebitda": 75600000, "ebitdaratio": 1.44, "operatingIncome": 72200000, "operatingIncomeRatio": 1.3752380952, "totalOtherIncomeExpensesNet": -62700000, "incomeBeforeTax": 9500000, "incomeBeforeTaxRatio": 0.180952381, "incomeTaxExpense": 1500000, "netIncome": 8000000, "netIncomeRatio": 0.1523809524, "eps": 0.42, "epsdiluted": 0.42, "weightedAverageShsOut": 18888194, "weightedAverageShsOutDil": 18888194, "link": "", "finalLink": "", "calculatedOtherExpenses": -40300000, "calculatedOperatingExpenses": -19700000, "calculatedNetInterest": 39400000, "calculatedOtherIncome": -102100000, "calculatedIncomeNonControlling": 0, "calculatedEbitda": 75600000}, {"date": "1989-12-31", "symbol": "HWC", "reportedCurrency": "USD", "cik": "0000750577", "fillingDate": "1989-12-31", "acceptedDate": "1989-12-30 19:00:00", "calendarYear": "1989", "period": "FY", "revenue": 41700000, "costOfRevenue": 0, "grossProfit": 41700000, "grossProfitRatio": 1, "researchAndDevelopmentExpenses": 0, "generalAndAdministrativeExpenses": 16300000, "sellingAndMarketingExpenses": 0, "sellingGeneralAndAdministrativeExpenses": 16300000, "otherExpenses": -1900000, "operatingExpenses": 14400000, "costAndExpenses": 14400000, "interestIncome": 80700000, "interestExpense": 49800000, "depreciationAndAmortization": 2900000, "ebitda": 59000000, "ebitdaratio": 1.4148681055, "operatingIncome": 56100000, "operatingIncomeRatio": 1.345323741, "totalOtherIncomeExpensesNet": -49800000, "incomeBeforeTax": 6300000, "incomeBeforeTaxRatio": 0.1510791367, "incomeTaxExpense": -300000, "netIncome": 6600000, "netIncomeRatio": 0.1582733813, "eps": 0.35, "epsdiluted": 0.35, "weightedAverageShsOut": 18669910, "weightedAverageShsOutDil": 18669910, "link": "", "finalLink": "", "calculatedOtherExpenses": -30700000, "calculatedOperatingExpenses": -14400000, "calculatedNetInterest": 30900000, "calculatedOtherIncome": -80700000, "calculatedIncomeNonControlling": 0, "calculatedEbitda": 59000000}]}