{"originalCurrency": "USD", "convertedCurrency": "USD", "report": [{"date": "2023-12-31", "symbol": "HWM", "reportedCurrency": "USD", "cik": "0000004281", "fillingDate": "2024-02-13", "acceptedDate": "2024-02-13 17:05:19", "calendarYear": "2023", "period": "FY", "revenue": 6640000000, "costOfRevenue": 4773000000, "grossProfit": 1867000000, "grossProfitRatio": 0.2811746988, "researchAndDevelopmentExpenses": 36000000, "generalAndAdministrativeExpenses": 343000000, "sellingAndMarketingExpenses": 0, "sellingGeneralAndAdministrativeExpenses": 343000000, "otherExpenses": -29000000, "operatingExpenses": 651000000, "costAndExpenses": 5424000000, "interestIncome": 23000000, "interestExpense": 218000000, "depreciationAndAmortization": 272000000, "ebitda": 1482000000, "ebitdaratio": 0.2231927711, "operatingIncome": 1203000000, "operatingIncomeRatio": 0.1811746988, "totalOtherIncomeExpensesNet": -46000000, "incomeBeforeTax": 975000000, "incomeBeforeTaxRatio": 0.1468373494, "incomeTaxExpense": 210000000, "netIncome": 765000000, "netIncomeRatio": 0.1152108434, "eps": 1.85, "epsdiluted": 1.83, "weightedAverageShsOut": 412000000, "weightedAverageShsOutDil": 416000000, "link": "https://www.sec.gov/Archives/edgar/data/4281/000000428124000007/0000004281-24-000007-index.htm", "finalLink": "https://www.sec.gov/Archives/edgar/data/4281/000000428124000007/hwm-20231231.htm", "calculatedOtherExpenses": 285000000, "calculatedOperatingExpenses": 664000000, "calculatedNetInterest": -195000000, "calculatedOtherIncome": -33000000, "calculatedIncomeNonControlling": 0, "calculatedEbitda": 1475000000}, {"date": "2022-12-31", "symbol": "HWM", "reportedCurrency": "USD", "cik": "0000004281", "fillingDate": "2023-02-14", "acceptedDate": "2023-02-14 17:10:40", "calendarYear": "2022", "period": "FY", "revenue": 5663000000, "costOfRevenue": 4103000000, "grossProfit": 1560000000, "grossProfitRatio": 0.2754723645, "researchAndDevelopmentExpenses": 32000000, "generalAndAdministrativeExpenses": 280000000, "sellingAndMarketingExpenses": 8000000, "sellingGeneralAndAdministrativeExpenses": 288000000, "otherExpenses": 265000000, "operatingExpenses": 585000000, "costAndExpenses": 4688000000, "interestIncome": 6000000, "interestExpense": 229000000, "depreciationAndAmortization": 176000000, "ebitda": 1095000000, "ebitdaratio": 0.1933604097, "operatingIncome": 919000000, "operatingIncomeRatio": 0.1622814762, "totalOtherIncomeExpensesNet": -313000000, "incomeBeforeTax": 606000000, "incomeBeforeTaxRatio": 0.1070104185, "incomeTaxExpense": 137000000, "netIncome": 469000000, "netIncomeRatio": 0.0828182942, "eps": 1.12, "epsdiluted": 1.11, "weightedAverageShsOut": 416000000, "weightedAverageShsOutDil": 421000000, "link": "https://www.sec.gov/Archives/edgar/data/4281/000000428123000004/0000004281-23-000004-index.htm", "finalLink": "https://www.sec.gov/Archives/edgar/data/4281/000000428123000004/hwm-20221231.htm", "calculatedOtherExpenses": 321000000, "calculatedOperatingExpenses": 641000000, "calculatedNetInterest": -223000000, "calculatedOtherIncome": -90000000, "calculatedIncomeNonControlling": 0, "calculatedEbitda": 1095000000}, {"date": "2021-12-31", "symbol": "HWM", "reportedCurrency": "USD", "cik": "0000004281", "fillingDate": "2022-02-14", "acceptedDate": "2022-02-14 16:36:50", "calendarYear": "2021", "period": "FY", "revenue": 4972000000, "costOfRevenue": 3596000000, "grossProfit": 1376000000, "grossProfitRatio": 0.2767497989, "researchAndDevelopmentExpenses": 17000000, "generalAndAdministrativeExpenses": 259000000, "sellingAndMarketingExpenses": -8000000, "sellingGeneralAndAdministrativeExpenses": 251000000, "otherExpenses": 270000000, "operatingExpenses": 538000000, "costAndExpenses": 4134000000, "interestIncome": 2000000, "interestExpense": 259000000, "depreciationAndAmortization": 341000000, "ebitda": 1089000000, "ebitdaratio": 0.2190265487, "operatingIncome": 748000000, "operatingIncomeRatio": 0.1504424779, "totalOtherIncomeExpensesNet": -424000000, "incomeBeforeTax": 324000000, "incomeBeforeTaxRatio": 0.0651649236, "incomeTaxExpense": 66000000, "netIncome": 258000000, "netIncomeRatio": 0.0518905873, "eps": 0.6, "epsdiluted": 0.59, "weightedAverageShsOut": 430000000, "weightedAverageShsOutDil": 435000000, "link": "https://www.sec.gov/Archives/edgar/data/4281/000000428122000004/0000004281-22-000004-index.htm", "finalLink": "https://www.sec.gov/Archives/edgar/data/4281/000000428122000004/hwm-20211231.htm", "calculatedOtherExpenses": 360000000, "calculatedOperatingExpenses": 628000000, "calculatedNetInterest": -257000000, "calculatedOtherIncome": -167000000, "calculatedIncomeNonControlling": 0, "calculatedEbitda": 1089000000}, {"date": "2020-12-31", "symbol": "HWM", "reportedCurrency": "USD", "cik": "0000004281", "fillingDate": "2021-02-16", "acceptedDate": "2021-02-16 16:44:06", "calendarYear": "2020", "period": "FY", "revenue": 5259000000, "costOfRevenue": 3878000000, "grossProfit": 1381000000, "grossProfitRatio": 0.262597452, "researchAndDevelopmentExpenses": 17000000, "generalAndAdministrativeExpenses": 287000000, "sellingAndMarketingExpenses": -10000000, "sellingGeneralAndAdministrativeExpenses": 277000000, "otherExpenses": 279000000, "operatingExpenses": 573000000, "costAndExpenses": 4451000000, "interestIncome": 5000000, "interestExpense": 381000000, "depreciationAndAmortization": 446000000, "ebitda": 1072000000, "ebitdaratio": 0.2038410344, "operatingIncome": 626000000, "operatingIncomeRatio": 0.1190340369, "totalOtherIncomeExpensesNet": -455000000, "incomeBeforeTax": 171000000, "incomeBeforeTaxRatio": 0.0325156874, "incomeTaxExpense": -40000000, "netIncome": 261000000, "netIncomeRatio": 0.0496292071, "eps": 0.48, "epsdiluted": 0.48, "weightedAverageShsOut": 435000000, "weightedAverageShsOutDil": 439000000, "link": "https://www.sec.gov/Archives/edgar/data/4281/000000428121000049/0000004281-21-000049-index.htm", "finalLink": "https://www.sec.gov/Archives/edgar/data/4281/000000428121000049/arnc-20201231.htm", "calculatedOtherExpenses": 461000000, "calculatedOperatingExpenses": 755000000, "calculatedNetInterest": -376000000, "calculatedOtherIncome": -79000000, "calculatedIncomeNonControlling": -50000000, "calculatedEbitda": 1072000000}, {"date": "2019-12-31", "symbol": "HWM", "reportedCurrency": "USD", "cik": "0000004281", "fillingDate": "2020-02-27", "acceptedDate": "2020-02-26 17:48:56", "calendarYear": "2019", "period": "FY", "revenue": 14192000000, "costOfRevenue": 11227000000, "grossProfit": 2965000000, "grossProfitRatio": 0.2089205186, "researchAndDevelopmentExpenses": 70000000, "generalAndAdministrativeExpenses": 704000000, "sellingAndMarketingExpenses": 0, "sellingGeneralAndAdministrativeExpenses": 704000000, "otherExpenses": 536000000, "operatingExpenses": 1310000000, "costAndExpenses": 12537000000, "interestIncome": 25000000, "interestExpense": 338000000, "depreciationAndAmortization": 536000000, "ebitda": 2069000000, "ebitdaratio": 0.1457863585, "operatingIncome": 1533000000, "operatingIncomeRatio": 0.108018602, "totalOtherIncomeExpensesNet": -958000000, "incomeBeforeTax": 575000000, "incomeBeforeTaxRatio": 0.0405157835, "incomeTaxExpense": 105000000, "netIncome": 470000000, "netIncomeRatio": 0.0331172492, "eps": 1.05, "epsdiluted": 1.03, "weightedAverageShsOut": 446000000, "weightedAverageShsOutDil": 463000000, "link": "https://www.sec.gov/Archives/edgar/data/4281/000000428120000038/0000004281-20-000038-index.htm", "finalLink": "https://www.sec.gov/Archives/edgar/data/4281/000000428120000038/form10k4q19.htm", "calculatedOtherExpenses": 658000000, "calculatedOperatingExpenses": 1432000000, "calculatedNetInterest": -313000000, "calculatedOtherIncome": -645000000, "calculatedIncomeNonControlling": 0, "calculatedEbitda": 2069000000}, {"date": "2018-12-31", "symbol": "HWM", "reportedCurrency": "USD", "cik": "0000004281", "fillingDate": "2019-02-21", "acceptedDate": "2019-02-21 17:24:56", "calendarYear": "2018", "period": "FY", "revenue": 14014000000, "costOfRevenue": 11397000000, "grossProfit": 2617000000, "grossProfitRatio": 0.1867418296, "researchAndDevelopmentExpenses": 103000000, "generalAndAdministrativeExpenses": 604000000, "sellingAndMarketingExpenses": 0, "sellingGeneralAndAdministrativeExpenses": 604000000, "otherExpenses": -79000000, "operatingExpenses": 1283000000, "costAndExpenses": 12680000000, "interestIncome": 23000000, "interestExpense": 378000000, "depreciationAndAmortization": 576000000, "ebitda": 1831000000, "ebitdaratio": 0.1306550592, "operatingIncome": 1325000000, "operatingIncomeRatio": 0.0945483088, "totalOtherIncomeExpensesNet": -88000000, "incomeBeforeTax": 868000000, "incomeBeforeTaxRatio": 0.0619380619, "incomeTaxExpense": 226000000, "netIncome": 642000000, "netIncomeRatio": 0.0458113315, "eps": 1.33, "epsdiluted": 1.28, "weightedAverageShsOut": 483000000, "weightedAverageShsOutDil": 503000000, "link": "https://www.sec.gov/Archives/edgar/data/4281/000000428119000031/0000004281-19-000031-index.htm", "finalLink": "https://www.sec.gov/Archives/edgar/data/4281/000000428119000031/form10k_4q18.htm", "calculatedOtherExpenses": 585000000, "calculatedOperatingExpenses": 1292000000, "calculatedNetInterest": -355000000, "calculatedOtherIncome": -102000000, "calculatedIncomeNonControlling": 0, "calculatedEbitda": 1901000000}, {"date": "2017-12-31", "symbol": "HWM", "reportedCurrency": "USD", "cik": "0000004281", "fillingDate": "2018-02-26", "acceptedDate": "2018-02-23 17:34:24", "calendarYear": "2017", "period": "FY", "revenue": 12960000000, "costOfRevenue": 10357000000, "grossProfit": 2603000000, "grossProfitRatio": 0.2008487654, "researchAndDevelopmentExpenses": 111000000, "generalAndAdministrativeExpenses": 731000000, "sellingAndMarketingExpenses": 0, "sellingGeneralAndAdministrativeExpenses": 731000000, "otherExpenses": 640000000, "operatingExpenses": 1393000000, "costAndExpenses": 11750000000, "interestIncome": 19000000, "interestExpense": 496000000, "depreciationAndAmortization": 551000000, "ebitda": 2401000000, "ebitdaratio": 0.1852623457, "operatingIncome": 326000000, "operatingIncomeRatio": 0.025154321, "totalOtherIncomeExpensesNet": -244000000, "incomeBeforeTax": 470000000, "incomeBeforeTaxRatio": 0.0362654321, "incomeTaxExpense": 544000000, "netIncome": -74000000, "netIncomeRatio": -0.0057098765, "eps": -0.16, "epsdiluted": -0.16, "weightedAverageShsOut": 451000000, "weightedAverageShsOutDil": 451000000, "link": "https://www.sec.gov/Archives/edgar/data/4281/000000428118000042/0000004281-18-000042-index.htm", "finalLink": "https://www.sec.gov/Archives/edgar/data/4281/000000428118000042/form10k.htm", "calculatedOtherExpenses": 1435000000, "calculatedOperatingExpenses": 2277000000, "calculatedNetInterest": -477000000, "calculatedOtherIncome": 621000000, "calculatedIncomeNonControlling": 0, "calculatedEbitda": 877000000}, {"date": "2016-12-31", "symbol": "HWM", "reportedCurrency": "USD", "cik": "0000004281", "fillingDate": "2017-02-28", "acceptedDate": "2017-02-28 17:15:08", "calendarYear": "2016", "period": "FY", "revenue": 12394000000, "costOfRevenue": 9806000000, "grossProfit": 2588000000, "grossProfitRatio": 0.2088107149, "researchAndDevelopmentExpenses": 132000000, "generalAndAdministrativeExpenses": 947000000, "sellingAndMarketingExpenses": 0, "sellingGeneralAndAdministrativeExpenses": 947000000, "otherExpenses": 93000000, "operatingExpenses": 1614000000, "costAndExpenses": 11420000000, "interestIncome": 16000000, "interestExpense": 499000000, "depreciationAndAmortization": 535000000, "ebitda": 1602000000, "ebitdaratio": 0.1292560917, "operatingIncome": 974000000, "operatingIncomeRatio": 0.0785864128, "totalOtherIncomeExpensesNet": -62000000, "incomeBeforeTax": 413000000, "incomeBeforeTaxRatio": 0.0333225754, "incomeTaxExpense": 1465000000, "netIncome": -931000000, "netIncomeRatio": -0.0751169921, "eps": -2.13, "epsdiluted": -2.13, "weightedAverageShsOut": 438000000, "weightedAverageShsOutDil": 438000000, "link": "https://www.sec.gov/Archives/edgar/data/4281/000119312517062657/0001193125-17-062657-index.htm", "finalLink": "https://www.sec.gov/Archives/edgar/data/4281/000119312517062657/d293282d10k.htm", "calculatedOtherExpenses": 535000000, "calculatedOperatingExpenses": 1614000000, "calculatedNetInterest": -483000000, "calculatedOtherIncome": -78000000, "calculatedIncomeNonControlling": -121000000, "calculatedEbitda": 1509000000}, {"date": "2015-12-31", "symbol": "HWM", "reportedCurrency": "USD", "cik": "0000004281", "fillingDate": "2016-02-19", "acceptedDate": "2016-02-19 17:27:57", "calendarYear": "2015", "period": "FY", "revenue": 12413000000, "costOfRevenue": 10104000000, "grossProfit": 2309000000, "grossProfitRatio": 0.186014662, "researchAndDevelopmentExpenses": 169000000, "generalAndAdministrativeExpenses": 765000000, "sellingAndMarketingExpenses": 0, "sellingGeneralAndAdministrativeExpenses": 765000000, "otherExpenses": 29000000, "operatingExpenses": 1442000000, "costAndExpenses": 11546000000, "interestIncome": 16000000, "interestExpense": 473000000, "depreciationAndAmortization": 1280000000, "ebitda": 2192000000, "ebitdaratio": 0.1765890599, "operatingIncome": 628000000, "operatingIncomeRatio": 0.0505921212, "totalOtherIncomeExpensesNet": -227000000, "incomeBeforeTax": 183000000, "incomeBeforeTaxRatio": 0.0147426086, "incomeTaxExpense": 339000000, "netIncome": -322000000, "netIncomeRatio": -0.0259405462, "eps": -0.77, "epsdiluted": -0.73, "weightedAverageShsOut": 420000000, "weightedAverageShsOutDil": 438519780, "link": "https://www.sec.gov/Archives/edgar/data/4281/000119312516470162/0001193125-16-470162-index.htm", "finalLink": "https://www.sec.gov/Archives/edgar/data/4281/000119312516470162/d216801d10k.htm", "calculatedOtherExpenses": 747000000, "calculatedOperatingExpenses": 1681000000, "calculatedNetInterest": -457000000, "calculatedOtherIncome": 12000000, "calculatedIncomeNonControlling": 166000000, "calculatedEbitda": 1908000000}, {"date": "2014-12-31", "symbol": "HWM", "reportedCurrency": "USD", "cik": "0000004281", "fillingDate": "2015-02-19", "acceptedDate": "2015-02-19 17:17:46", "calendarYear": "2014", "period": "FY", "revenue": 12542000000, "costOfRevenue": 10349000000, "grossProfit": 2193000000, "grossProfitRatio": 0.1748524956, "researchAndDevelopmentExpenses": 123000000, "generalAndAdministrativeExpenses": 770000000, "sellingAndMarketingExpenses": 0, "sellingGeneralAndAdministrativeExpenses": 770000000, "otherExpenses": -47000000, "operatingExpenses": 1329000000, "costAndExpenses": 11678000000, "interestIncome": 19000000, "interestExpense": 442000000, "depreciationAndAmortization": 1372000000, "ebitda": 2210000000, "ebitdaratio": 0.1762079413, "operatingIncome": 864000000, "operatingIncomeRatio": 0.0688885345, "totalOtherIncomeExpensesNet": -328000000, "incomeBeforeTax": 113000000, "incomeBeforeTaxRatio": 0.0090097273, "incomeTaxExpense": 174000000, "netIncome": 268000000, "netIncomeRatio": 0.0213682028, "eps": 0.56, "epsdiluted": 0.56, "weightedAverageShsOut": 438519780, "weightedAverageShsOutDil": 438519780, "link": "https://www.sec.gov/Archives/edgar/data/4281/000119312515054376/0001193125-15-054376-index.htm", "finalLink": "https://www.sec.gov/Archives/edgar/data/4281/000119312515054376/d836461d10k.htm", "calculatedOtherExpenses": 436000000, "calculatedOperatingExpenses": 1329000000, "calculatedNetInterest": -423000000, "calculatedOtherIncome": -328000000, "calculatedIncomeNonControlling": -329000000, "calculatedEbitda": 2236000000}, {"date": "2013-12-31", "symbol": "HWM", "reportedCurrency": "USD", "cik": "0000004281", "fillingDate": "2014-02-13", "acceptedDate": "2014-02-13 17:28:45", "calendarYear": "2013", "period": "FY", "revenue": 0, "costOfRevenue": 19286000000, "grossProfit": -19286000000, "grossProfitRatio": 0, "researchAndDevelopmentExpenses": 192000000, "generalAndAdministrativeExpenses": 1008000000, "sellingAndMarketingExpenses": 0, "sellingGeneralAndAdministrativeExpenses": 1008000000, "otherExpenses": 0, "operatingExpenses": 1200000000, "costAndExpenses": 24848000000, "interestIncome": 0, "interestExpense": 0, "depreciationAndAmortization": 1422000000, "ebitda": -394000000, "ebitdaratio": 0, "operatingIncome": -2244000000, "operatingIncomeRatio": 0, "totalOtherIncomeExpensesNet": 428000000, "incomeBeforeTax": -1816000000, "incomeBeforeTaxRatio": 0, "incomeTaxExpense": 428000000, "netIncome": -2244000000, "netIncomeRatio": 0, "eps": -3.06, "epsdiluted": -3.06, "weightedAverageShsOut": 733333333, "weightedAverageShsOutDil": 733333333, "link": "https://www.sec.gov/Archives/edgar/data/4281/000119312514051516/0001193125-14-051516-index.htm", "finalLink": "https://www.sec.gov/Archives/edgar/data/4281/000119312514051516/d634164d10k.htm", "calculatedOtherExpenses": -18242000000, "calculatedOperatingExpenses": -17042000000, "calculatedNetInterest": 0, "calculatedOtherIncome": 428000000, "calculatedIncomeNonControlling": 0, "calculatedEbitda": -822000000}, {"date": "2012-12-31", "symbol": "HWM", "reportedCurrency": "USD", "cik": "0000004281", "fillingDate": "2013-02-15", "acceptedDate": "2013-02-15 17:12:10", "calendarYear": "2012", "period": "FY", "revenue": 0, "costOfRevenue": 20486000000, "grossProfit": -20486000000, "grossProfitRatio": 0, "researchAndDevelopmentExpenses": 197000000, "generalAndAdministrativeExpenses": 997000000, "sellingAndMarketingExpenses": 0, "sellingGeneralAndAdministrativeExpenses": 997000000, "otherExpenses": 0, "operatingExpenses": 1194000000, "costAndExpenses": 23376000000, "interestIncome": 0, "interestExpense": 0, "depreciationAndAmortization": 1462000000, "ebitda": 1786000000, "ebitdaratio": 0, "operatingIncome": 162000000, "operatingIncomeRatio": 0, "totalOtherIncomeExpensesNet": 162000000, "incomeBeforeTax": 324000000, "incomeBeforeTaxRatio": 0, "incomeTaxExpense": 162000000, "netIncome": 162000000, "netIncomeRatio": 0, "eps": 0.22, "epsdiluted": 0.22, "weightedAverageShsOut": 733333333, "weightedAverageShsOutDil": 733333333, "link": "https://www.sec.gov/Archives/edgar/data/4281/000119312513062916/0001193125-13-062916-index.htm", "finalLink": "https://www.sec.gov/Archives/edgar/data/4281/000119312513062916/d448525d10k.htm", "calculatedOtherExpenses": -21842000000, "calculatedOperatingExpenses": -20648000000, "calculatedNetInterest": 0, "calculatedOtherIncome": 162000000, "calculatedIncomeNonControlling": 0, "calculatedEbitda": 1624000000}, {"date": "2011-12-31", "symbol": "HWM", "reportedCurrency": "USD", "cik": "0000004281", "fillingDate": "2012-02-16", "acceptedDate": "2012-02-16 17:13:08", "calendarYear": "2011", "period": "FY", "revenue": 24951000000, "costOfRevenue": 20480000000, "grossProfit": 4471000000, "grossProfitRatio": 0.1791912148, "researchAndDevelopmentExpenses": 184000000, "generalAndAdministrativeExpenses": 1027000000, "sellingAndMarketingExpenses": 0, "sellingGeneralAndAdministrativeExpenses": 1027000000, "otherExpenses": 0, "operatingExpenses": 1211000000, "costAndExpenses": 21691000000, "interestIncome": 0, "interestExpense": 524000000, "depreciationAndAmortization": 1481000000, "ebitda": 2871000000, "ebitdaratio": 0.1150655284, "operatingIncome": 1063000000, "operatingIncomeRatio": 0.0426035029, "totalOtherIncomeExpensesNet": 0, "incomeBeforeTax": 1063000000, "incomeBeforeTaxRatio": 0.0426035029, "incomeTaxExpense": 255000000, "netIncome": 611000000, "netIncomeRatio": 0.0244879965, "eps": 0.55, "epsdiluted": 0.55, "weightedAverageShsOut": 1111111111, "weightedAverageShsOutDil": 1111111111, "link": "https://www.sec.gov/Archives/edgar/data/4281/000119312512065493/0001193125-12-065493-index.htm", "finalLink": "https://www.sec.gov/Archives/edgar/data/4281/000119312512065493/d257313d10k.htm", "calculatedOtherExpenses": 2197000000, "calculatedOperatingExpenses": 3408000000, "calculatedNetInterest": -524000000, "calculatedOtherIncome": 524000000, "calculatedIncomeNonControlling": 197000000, "calculatedEbitda": 2544000000}, {"date": "2010-12-31", "symbol": "HWM", "reportedCurrency": "USD", "cik": "0000004281", "fillingDate": "2011-02-17", "acceptedDate": "2011-02-17 17:06:24", "calendarYear": "2010", "period": "FY", "revenue": 21013000000, "costOfRevenue": 17174000000, "grossProfit": 3839000000, "grossProfitRatio": 0.182696426, "researchAndDevelopmentExpenses": 174000000, "generalAndAdministrativeExpenses": 961000000, "sellingAndMarketingExpenses": 0, "sellingGeneralAndAdministrativeExpenses": 961000000, "otherExpenses": 0, "operatingExpenses": 1135000000, "costAndExpenses": 18309000000, "interestIncome": 0, "interestExpense": 494000000, "depreciationAndAmortization": 1451000000, "ebitda": 2347000000, "ebitdaratio": 0.1116927616, "operatingIncome": 254000000, "operatingIncomeRatio": 0.0120877552, "totalOtherIncomeExpensesNet": -802000000, "incomeBeforeTax": -548000000, "incomeBeforeTaxRatio": -0.0260790939, "incomeTaxExpense": 148000000, "netIncome": 254000000, "netIncomeRatio": 0.0120877552, "eps": 0.23, "epsdiluted": 0.23, "weightedAverageShsOut": 1111111111, "weightedAverageShsOutDil": 1111111111, "link": "https://www.sec.gov/Archives/edgar/data/4281/000119312511039230/0001193125-11-039230-index.htm", "finalLink": "https://www.sec.gov/Archives/edgar/data/4281/000119312511039230/d10k.htm", "calculatedOtherExpenses": 2450000000, "calculatedOperatingExpenses": 3585000000, "calculatedNetInterest": -494000000, "calculatedOtherIncome": -308000000, "calculatedIncomeNonControlling": -950000000, "calculatedEbitda": 1705000000}, {"date": "2009-12-31", "symbol": "HWM", "reportedCurrency": "USD", "cik": "0000004281", "fillingDate": "2010-02-18", "acceptedDate": "2010-02-18 17:02:43", "calendarYear": "2009", "period": "FY", "revenue": 0, "costOfRevenue": 16902000000, "grossProfit": -16902000000, "grossProfitRatio": 0, "researchAndDevelopmentExpenses": 169000000, "generalAndAdministrativeExpenses": 1009000000, "sellingAndMarketingExpenses": 0, "sellingGeneralAndAdministrativeExpenses": 1009000000, "otherExpenses": 0, "operatingExpenses": 1178000000, "costAndExpenses": 19937000000, "interestIncome": 0, "interestExpense": -470000000, "depreciationAndAmortization": 1311000000, "ebitda": -657000000, "ebitdaratio": 0, "operatingIncome": -924000000, "operatingIncomeRatio": 0, "totalOtherIncomeExpensesNet": -574000000, "incomeBeforeTax": -1498000000, "incomeBeforeTaxRatio": 0, "incomeTaxExpense": -574000000, "netIncome": -924000000, "netIncomeRatio": 0, "eps": -1107.64, "epsdiluted": -1107.64, "weightedAverageShsOut": 834204, "weightedAverageShsOutDil": 834204, "link": "https://www.sec.gov/Archives/edgar/data/4281/000119312510034308/0001193125-10-034308-index.htm", "finalLink": "https://www.sec.gov/Archives/edgar/data/4281/000119312510034308/d10k.htm", "calculatedOtherExpenses": -17156000000, "calculatedOperatingExpenses": -15978000000, "calculatedNetInterest": 470000000, "calculatedOtherIncome": -1044000000, "calculatedIncomeNonControlling": 0, "calculatedEbitda": 387000000}, {"date": "2008-12-31", "symbol": "HWM", "reportedCurrency": "USD", "cik": "0000004281", "fillingDate": "2009-02-17", "acceptedDate": "2009-02-13 17:41:45", "calendarYear": "2008", "period": "FY", "revenue": 0, "costOfRevenue": 6000000, "grossProfit": -6000000, "grossProfitRatio": 0, "researchAndDevelopmentExpenses": 0, "generalAndAdministrativeExpenses": 0, "sellingAndMarketingExpenses": 0, "sellingGeneralAndAdministrativeExpenses": 0, "otherExpenses": 25761000000, "operatingExpenses": 25761000000, "costAndExpenses": 6000000, "interestIncome": 0, "interestExpense": 0, "depreciationAndAmortization": 1234000000, "ebitda": 1234000000, "ebitdaratio": 0, "operatingIncome": 0, "operatingIncomeRatio": 0, "totalOtherIncomeExpensesNet": 0, "incomeBeforeTax": 0, "incomeBeforeTaxRatio": 0, "incomeTaxExpense": 0, "netIncome": 0, "netIncomeRatio": 0, "eps": 0, "epsdiluted": 0, "weightedAverageShsOut": 834204, "weightedAverageShsOutDil": 834204, "link": "https://www.sec.gov/Archives/edgar/data/4281/000119312509029469/0001193125-09-029469-index.htm", "finalLink": "https://www.sec.gov/Archives/edgar/data/4281/000119312509029469/d10k.htm", "calculatedOtherExpenses": -6000000, "calculatedOperatingExpenses": -6000000, "calculatedNetInterest": 0, "calculatedOtherIncome": 0, "calculatedIncomeNonControlling": 0, "calculatedEbitda": 1234000000}, {"date": "2007-12-31", "symbol": "HWM", "reportedCurrency": "USD", "cik": "0000004281", "fillingDate": "2008-02-15", "acceptedDate": "2008-02-15 17:21:43", "calendarYear": "2007", "period": "FY", "revenue": 0, "costOfRevenue": 24248000000, "grossProfit": -24248000000, "grossProfitRatio": 0, "researchAndDevelopmentExpenses": 249000000, "generalAndAdministrativeExpenses": 1472000000, "sellingAndMarketingExpenses": 0, "sellingGeneralAndAdministrativeExpenses": 1472000000, "otherExpenses": 0, "operatingExpenses": 1721000000, "costAndExpenses": 26257000000, "interestIncome": 0, "interestExpense": -401000000, "depreciationAndAmortization": 1269000000, "ebitda": 4987000000, "ebitdaratio": 0, "operatingIncome": 2571000000, "operatingIncomeRatio": 0, "totalOtherIncomeExpensesNet": 1920000000, "incomeBeforeTax": 4491000000, "incomeBeforeTaxRatio": 0, "incomeTaxExpense": 1555000000, "netIncome": 2564000000, "netIncomeRatio": 0, "eps": 2936, "epsdiluted": 2936, "weightedAverageShsOut": 873297, "weightedAverageShsOutDil": 873297, "link": "https://www.sec.gov/Archives/edgar/data/4281/000119312508032695/0001193125-08-032695-index.htm", "finalLink": "https://www.sec.gov/Archives/edgar/data/4281/000119312508032695/d10k.htm", "calculatedOtherExpenses": -28540000000, "calculatedOperatingExpenses": -26819000000, "calculatedNetInterest": 401000000, "calculatedOtherIncome": 1519000000, "calculatedIncomeNonControlling": 372000000, "calculatedEbitda": 3840000000}, {"date": "2006-12-31", "symbol": "HWM", "reportedCurrency": "USD", "cik": "0000004281", "fillingDate": "2007-02-15", "acceptedDate": "2007-02-15 17:02:23", "calendarYear": "2006", "period": "FY", "revenue": 0, "costOfRevenue": 23318000000, "grossProfit": -23318000000, "grossProfitRatio": 0, "researchAndDevelopmentExpenses": 213000000, "generalAndAdministrativeExpenses": 1402000000, "sellingAndMarketingExpenses": 0, "sellingGeneralAndAdministrativeExpenses": 1402000000, "otherExpenses": 0, "operatingExpenses": 1615000000, "costAndExpenses": 26947000000, "interestIncome": 0, "interestExpense": -384000000, "depreciationAndAmortization": 1280000000, "ebitda": 3979000000, "ebitdaratio": 0, "operatingIncome": 2161000000, "operatingIncomeRatio": 0, "totalOtherIncomeExpensesNet": 1271000000, "incomeBeforeTax": 3432000000, "incomeBeforeTaxRatio": 0, "incomeTaxExpense": 835000000, "netIncome": 2248000000, "netIncomeRatio": 0, "eps": 2597, "epsdiluted": 2597, "weightedAverageShsOut": 865614, "weightedAverageShsOutDil": 865614, "link": "https://www.sec.gov/Archives/edgar/data/4281/000119312507033124/0001193125-07-033124-index.htm", "finalLink": "https://www.sec.gov/Archives/edgar/data/4281/000119312507033124/d10k.htm", "calculatedOtherExpenses": -27094000000, "calculatedOperatingExpenses": -25479000000, "calculatedNetInterest": 384000000, "calculatedOtherIncome": 887000000, "calculatedIncomeNonControlling": 349000000, "calculatedEbitda": 3441000000}, {"date": "2005-12-31", "symbol": "HWM", "reportedCurrency": "USD", "cik": "0000004281", "fillingDate": "2006-02-17", "acceptedDate": "2006-02-17 16:59:59", "calendarYear": "2005", "period": "FY", "revenue": 0, "costOfRevenue": 21217000000, "grossProfit": -21217000000, "grossProfitRatio": 0, "researchAndDevelopmentExpenses": 194000000, "generalAndAdministrativeExpenses": 1352000000, "sellingAndMarketingExpenses": 0, "sellingGeneralAndAdministrativeExpenses": 1352000000, "otherExpenses": 0, "operatingExpenses": 1546000000, "costAndExpenses": 22763000000, "interestIncome": 0, "interestExpense": -339000000, "depreciationAndAmortization": 1267000000, "ebitda": 2602000000, "ebitdaratio": 0, "operatingIncome": 1233000000, "operatingIncomeRatio": 0, "totalOtherIncomeExpensesNet": 700000000, "incomeBeforeTax": 1933000000, "incomeBeforeTaxRatio": 0, "incomeTaxExpense": 441000000, "netIncome": 1233000000, "netIncomeRatio": 0, "eps": 1492, "epsdiluted": 1492, "weightedAverageShsOut": 826407, "weightedAverageShsOutDil": 826407, "link": "https://www.sec.gov/Archives/edgar/data/4281/000119312506034739/0001193125-06-034739-index.htm", "finalLink": "https://www.sec.gov/Archives/edgar/data/4281/000119312506034739/d10k.htm", "calculatedOtherExpenses": -23996000000, "calculatedOperatingExpenses": -22450000000, "calculatedNetInterest": 339000000, "calculatedOtherIncome": 361000000, "calculatedIncomeNonControlling": 259000000, "calculatedEbitda": 2500000000}, {"date": "2004-12-31", "symbol": "HWM", "reportedCurrency": "USD", "cik": "0000004281", "fillingDate": "2005-02-18", "acceptedDate": "2005-02-18 17:28:39", "calendarYear": "2004", "period": "FY", "revenue": 0, "costOfRevenue": 18623000000, "grossProfit": -18623000000, "grossProfitRatio": 0, "researchAndDevelopmentExpenses": 182000000, "generalAndAdministrativeExpenses": 1284000000, "sellingAndMarketingExpenses": 0, "sellingGeneralAndAdministrativeExpenses": 1284000000, "otherExpenses": 0, "operatingExpenses": 1466000000, "costAndExpenses": 20089000000, "interestIncome": 0, "interestExpense": -270000000, "depreciationAndAmortization": 1212000000, "ebitda": 2809000000, "ebitdaratio": 0, "operatingIncome": 1402000000, "operatingIncomeRatio": 0, "totalOtherIncomeExpensesNet": 802000000, "incomeBeforeTax": 2204000000, "incomeBeforeTaxRatio": 0, "incomeTaxExpense": 557000000, "netIncome": 1310000000, "netIncomeRatio": 0, "eps": 1647, "epsdiluted": 1647, "weightedAverageShsOut": 795385, "weightedAverageShsOutDil": 795385, "link": "https://www.sec.gov/Archives/edgar/data/4281/000119312505033143/0001193125-05-033143-index.htm", "finalLink": "https://www.sec.gov/Archives/edgar/data/4281/000119312505033143/d10k.htm", "calculatedOtherExpenses": -21491000000, "calculatedOperatingExpenses": -20025000000, "calculatedNetInterest": 270000000, "calculatedOtherIncome": 532000000, "calculatedIncomeNonControlling": 337000000, "calculatedEbitda": 2614000000}, {"date": "2002-12-31", "symbol": "HWM", "reportedCurrency": "USD", "cik": "0000004281", "fillingDate": "2003-02-28", "acceptedDate": "2003-02-28 13:47:02", "calendarYear": "2002", "period": "FY", "revenue": 0, "costOfRevenue": 0, "grossProfit": 0, "grossProfitRatio": 0, "researchAndDevelopmentExpenses": 0, "generalAndAdministrativeExpenses": 0, "sellingAndMarketingExpenses": 0, "sellingGeneralAndAdministrativeExpenses": 0, "otherExpenses": 0, "operatingExpenses": 0, "costAndExpenses": 0, "interestIncome": 0, "interestExpense": 0, "depreciationAndAmortization": 0, "ebitda": 0, "ebitdaratio": 0, "operatingIncome": 0, "operatingIncomeRatio": 0, "totalOtherIncomeExpensesNet": 0, "incomeBeforeTax": 0, "incomeBeforeTaxRatio": 0, "incomeTaxExpense": 0, "netIncome": 0, "netIncomeRatio": 0, "eps": 0, "epsdiluted": 0, "weightedAverageShsOut": 0, "weightedAverageShsOutDil": 0, "link": "https://www.sec.gov/Archives/edgar/data/4281/000092701603000933/0000927016-03-000933-index.htm", "finalLink": "https://www.sec.gov/Archives/edgar/data/4281/000092701603000933/d10k.htm", "calculatedOtherExpenses": 0, "calculatedOperatingExpenses": 0, "calculatedNetInterest": 0, "calculatedOtherIncome": 0, "calculatedIncomeNonControlling": 0, "calculatedEbitda": 0}]}