{"originalCurrency": "USD", "convertedCurrency": "USD", "report": [{"date": "2023-12-31", "symbol": "HXL", "reportedCurrency": "USD", "cik": "0000717605", "fillingDate": "2024-02-07", "acceptedDate": "2024-02-07 16:31:01", "calendarYear": "2023", "period": "FY", "revenue": 1789000000, "costOfRevenue": 1355800000, "grossProfit": 433200000, "grossProfitRatio": 0.2421464505, "researchAndDevelopmentExpenses": 52700000, "generalAndAdministrativeExpenses": 0, "sellingAndMarketingExpenses": 0, "sellingGeneralAndAdministrativeExpenses": 163800000, "otherExpenses": -71600000, "operatingExpenses": 217900000, "costAndExpenses": 1573700000, "interestIncome": 0, "interestExpense": 34000000, "depreciationAndAmortization": 124800000, "ebitda": 268500000, "ebitdaratio": 0.1500838457, "operatingIncome": 215300000, "operatingIncomeRatio": 0.1203465623, "totalOtherIncomeExpensesNet": -71600000, "incomeBeforeTax": 109700000, "incomeBeforeTaxRatio": 0.0613191727, "incomeTaxExpense": 12100000, "netIncome": 105700000, "netIncomeRatio": 0.0590832868, "eps": 1.25, "epsdiluted": 1.24, "weightedAverageShsOut": 84600000, "weightedAverageShsOutDil": 85500000, "link": "https://www.sec.gov/Archives/edgar/data/717605/000095017024012245/0000950170-24-012245-index.htm", "finalLink": "https://www.sec.gov/Archives/edgar/data/717605/000095017024012245/hxl-20231231.htm", "calculatedOtherExpenses": 1400000, "calculatedOperatingExpenses": 217900000, "calculatedNetInterest": -34000000, "calculatedOtherIncome": -71600000, "calculatedIncomeNonControlling": -8100000, "calculatedEbitda": 340100000}, {"date": "2022-12-31", "symbol": "HXL", "reportedCurrency": "USD", "cik": "0000717605", "fillingDate": "2023-02-08", "acceptedDate": "2023-02-08 14:31:43", "calendarYear": "2022", "period": "FY", "revenue": 1577700000, "costOfRevenue": 1220600000, "grossProfit": 357100000, "grossProfitRatio": 0.2263421436, "researchAndDevelopmentExpenses": 45800000, "generalAndAdministrativeExpenses": 0, "sellingAndMarketingExpenses": 0, "sellingGeneralAndAdministrativeExpenses": 148000000, "otherExpenses": -11900000, "operatingExpenses": 181900000, "costAndExpenses": 1402500000, "interestIncome": 36200000, "interestExpense": 36200000, "depreciationAndAmortization": 137000000, "ebitda": 312200000, "ebitdaratio": 0.1978829942, "operatingIncome": 175200000, "operatingIncomeRatio": 0.1110477277, "totalOtherIncomeExpensesNet": -25400000, "incomeBeforeTax": 149800000, "incomeBeforeTaxRatio": 0.0949483425, "incomeTaxExpense": 31600000, "netIncome": 126300000, "netIncomeRatio": 0.0800532421, "eps": 1.5, "epsdiluted": 1.49, "weightedAverageShsOut": 84400000, "weightedAverageShsOutDil": 85000000, "link": "https://www.sec.gov/Archives/edgar/data/717605/000095017023002099/0000950170-23-002099-index.htm", "finalLink": "https://www.sec.gov/Archives/edgar/data/717605/000095017023002099/hxl-20221231.htm", "calculatedOtherExpenses": -11900000, "calculatedOperatingExpenses": 181900000, "calculatedNetInterest": 0, "calculatedOtherIncome": -25400000, "calculatedIncomeNonControlling": -8100000, "calculatedEbitda": 312200000}, {"date": "2021-12-31", "symbol": "HXL", "reportedCurrency": "USD", "cik": "0000717605", "fillingDate": "2022-02-09", "acceptedDate": "2022-02-09 14:01:32", "calendarYear": "2021", "period": "FY", "revenue": 1324700000, "costOfRevenue": 1074600000, "grossProfit": 250100000, "grossProfitRatio": 0.1887974636, "researchAndDevelopmentExpenses": 45100000, "generalAndAdministrativeExpenses": 0, "sellingAndMarketingExpenses": 0, "sellingGeneralAndAdministrativeExpenses": 135000000, "otherExpenses": 18200000, "operatingExpenses": 198300000, "costAndExpenses": 1272900000, "interestIncome": 38300000, "interestExpense": 38300000, "depreciationAndAmortization": 146500000, "ebitda": 198300000, "ebitdaratio": 0.1496942704, "operatingIncome": 51800000, "operatingIncomeRatio": 0.0391031932, "totalOtherIncomeExpensesNet": -29800000, "incomeBeforeTax": 22000000, "incomeBeforeTaxRatio": 0.0166075338, "incomeTaxExpense": 5900000, "netIncome": 16100000, "netIncomeRatio": 0.0121536952, "eps": 0.19, "epsdiluted": 0.19, "weightedAverageShsOut": 84100000, "weightedAverageShsOutDil": 84600000, "link": "https://www.sec.gov/Archives/edgar/data/717605/000095017022000961/0000950170-22-000961-index.htm", "finalLink": "https://www.sec.gov/Archives/edgar/data/717605/000095017022000961/hxl-20211231.htm", "calculatedOtherExpenses": 18200000, "calculatedOperatingExpenses": 198300000, "calculatedNetInterest": 0, "calculatedOtherIncome": -29800000, "calculatedIncomeNonControlling": 0, "calculatedEbitda": 198300000}, {"date": "2020-12-31", "symbol": "HXL", "reportedCurrency": "USD", "cik": "0000717605", "fillingDate": "2021-02-09", "acceptedDate": "2021-02-09 12:49:40", "calendarYear": "2020", "period": "FY", "revenue": 1502400000, "costOfRevenue": 1262700000, "grossProfit": 239700000, "grossProfitRatio": 0.1595447284, "researchAndDevelopmentExpenses": 46600000, "generalAndAdministrativeExpenses": 0, "sellingAndMarketingExpenses": 0, "sellingGeneralAndAdministrativeExpenses": 121100000, "otherExpenses": 57900000, "operatingExpenses": 225600000, "costAndExpenses": 1488300000, "interestIncome": 41800000, "interestExpense": 41800000, "depreciationAndAmortization": 140900000, "ebitda": 155000000, "ebitdaratio": 0.1031682641, "operatingIncome": 14100000, "operatingIncomeRatio": 0.009384984, "totalOtherIncomeExpensesNet": -41800000, "incomeBeforeTax": -27700000, "incomeBeforeTaxRatio": -0.0184371672, "incomeTaxExpense": -61000000, "netIncome": 31700000, "netIncomeRatio": 0.021099574, "eps": 0.38, "epsdiluted": 0.38, "weightedAverageShsOut": 83800000, "weightedAverageShsOutDil": 84000000, "link": "https://www.sec.gov/Archives/edgar/data/717605/000156459021004881/0001564590-21-004881-index.htm", "finalLink": "https://www.sec.gov/Archives/edgar/data/717605/000156459021004881/hxl-10k_20201231.htm", "calculatedOtherExpenses": 57900000, "calculatedOperatingExpenses": 225600000, "calculatedNetInterest": 0, "calculatedOtherIncome": -41800000, "calculatedIncomeNonControlling": 1600000, "calculatedEbitda": 155000000}, {"date": "2019-12-31", "symbol": "HXL", "reportedCurrency": "USD", "cik": "0000717605", "fillingDate": "2020-02-18", "acceptedDate": "2020-02-18 16:24:19", "calendarYear": "2019", "period": "FY", "revenue": 2355700000, "costOfRevenue": 1715300000, "grossProfit": 640400000, "grossProfitRatio": 0.2718512544, "researchAndDevelopmentExpenses": 56500000, "generalAndAdministrativeExpenses": 0, "sellingAndMarketingExpenses": 0, "sellingGeneralAndAdministrativeExpenses": 158700000, "otherExpenses": 0, "operatingExpenses": 215200000, "costAndExpenses": 1930500000, "interestIncome": 45500000, "interestExpense": 45500000, "depreciationAndAmortization": 141700000, "ebitda": 566900000, "ebitdaratio": 0.2406503375, "operatingIncome": 425200000, "operatingIncomeRatio": 0.1804983657, "totalOtherIncomeExpensesNet": -45500000, "incomeBeforeTax": 379700000, "incomeBeforeTaxRatio": 0.1611835123, "incomeTaxExpense": 76800000, "netIncome": 306600000, "netIncomeRatio": 0.1301523963, "eps": 3.61, "epsdiluted": 3.57, "weightedAverageShsOut": 84900000, "weightedAverageShsOutDil": 85800000, "link": "https://www.sec.gov/Archives/edgar/data/717605/000156459020005037/0001564590-20-005037-index.htm", "finalLink": "https://www.sec.gov/Archives/edgar/data/717605/000156459020005037/hxl-10k_20191231.htm", "calculatedOtherExpenses": 0, "calculatedOperatingExpenses": 215200000, "calculatedNetInterest": 0, "calculatedOtherIncome": -45500000, "calculatedIncomeNonControlling": -3700000, "calculatedEbitda": 566900000}, {"date": "2018-12-31", "symbol": "HXL", "reportedCurrency": "USD", "cik": "0000717605", "fillingDate": "2019-02-06", "acceptedDate": "2019-02-06 17:15:32", "calendarYear": "2018", "period": "FY", "revenue": 2189100000, "costOfRevenue": 1608300000, "grossProfit": 580800000, "grossProfitRatio": 0.2653145128, "researchAndDevelopmentExpenses": 55900000, "generalAndAdministrativeExpenses": 0, "sellingAndMarketingExpenses": 0, "sellingGeneralAndAdministrativeExpenses": 146000000, "otherExpenses": 7700000, "operatingExpenses": 209600000, "costAndExpenses": 1817900000, "interestIncome": 0, "interestExpense": 37700000, "depreciationAndAmortization": 123100000, "ebitda": 494300000, "ebitdaratio": 0.2258005573, "operatingIncome": 371200000, "operatingIncomeRatio": 0.1695674021, "totalOtherIncomeExpensesNet": -37700000, "incomeBeforeTax": 333500000, "incomeBeforeTaxRatio": 0.1523457129, "incomeTaxExpense": 62500000, "netIncome": 276600000, "netIncomeRatio": 0.1263532959, "eps": 3.15, "epsdiluted": 3.11, "weightedAverageShsOut": 87900000, "weightedAverageShsOutDil": 89000000, "link": "https://www.sec.gov/Archives/edgar/data/717605/000156459019002166/0001564590-19-002166-index.htm", "finalLink": "https://www.sec.gov/Archives/edgar/data/717605/000156459019002166/hxl-10k_20181231.htm", "calculatedOtherExpenses": 7700000, "calculatedOperatingExpenses": 209600000, "calculatedNetInterest": -37700000, "calculatedOtherIncome": 0, "calculatedIncomeNonControlling": -5600000, "calculatedEbitda": 494300000}, {"date": "2017-12-31", "symbol": "HXL", "reportedCurrency": "USD", "cik": "0000717605", "fillingDate": "2018-02-07", "acceptedDate": "2018-02-07 17:18:24", "calendarYear": "2017", "period": "FY", "revenue": 1973300000, "costOfRevenue": 1421500000, "grossProfit": 551800000, "grossProfitRatio": 0.2796331019, "researchAndDevelopmentExpenses": 49400000, "generalAndAdministrativeExpenses": 0, "sellingAndMarketingExpenses": 0, "sellingGeneralAndAdministrativeExpenses": 151800000, "otherExpenses": 0, "operatingExpenses": 201200000, "costAndExpenses": 1622700000, "interestIncome": 0, "interestExpense": 27400000, "depreciationAndAmortization": 104500000, "ebitda": 455100000, "ebitdaratio": 0.2306288958, "operatingIncome": 350600000, "operatingIncomeRatio": 0.1776719201, "totalOtherIncomeExpensesNet": -27400000, "incomeBeforeTax": 323200000, "incomeBeforeTaxRatio": 0.1637865504, "incomeTaxExpense": 42500000, "netIncome": 284000000, "netIncomeRatio": 0.14392135, "eps": 3.13, "epsdiluted": 3.09, "weightedAverageShsOut": 90600000, "weightedAverageShsOutDil": 91900000, "link": "https://www.sec.gov/Archives/edgar/data/717605/000156459018001551/0001564590-18-001551-index.htm", "finalLink": "https://www.sec.gov/Archives/edgar/data/717605/000156459018001551/hxl-10k_20171231.htm", "calculatedOtherExpenses": 0, "calculatedOperatingExpenses": 201200000, "calculatedNetInterest": -27400000, "calculatedOtherIncome": 0, "calculatedIncomeNonControlling": -3300000, "calculatedEbitda": 455100000}, {"date": "2016-12-31", "symbol": "HXL", "reportedCurrency": "USD", "cik": "0000717605", "fillingDate": "2017-02-09", "acceptedDate": "2017-02-09 16:16:13", "calendarYear": "2016", "period": "FY", "revenue": 2004300000, "costOfRevenue": 1439700000, "grossProfit": 564600000, "grossProfitRatio": 0.2816943571, "researchAndDevelopmentExpenses": 46900000, "generalAndAdministrativeExpenses": 0, "sellingAndMarketingExpenses": 0, "sellingGeneralAndAdministrativeExpenses": 157600000, "otherExpenses": -400000, "operatingExpenses": 204500000, "costAndExpenses": 1644200000, "interestIncome": 0, "interestExpense": 22100000, "depreciationAndAmortization": 93300000, "ebitda": 453000000, "ebitdaratio": 0.2260140698, "operatingIncome": 360100000, "operatingIncomeRatio": 0.179663723, "totalOtherIncomeExpensesNet": -400000, "incomeBeforeTax": 337600000, "incomeBeforeTaxRatio": 0.1684378586, "incomeTaxExpense": 90300000, "netIncome": 249800000, "netIncomeRatio": 0.1246320411, "eps": 2.69, "epsdiluted": 2.65, "weightedAverageShsOut": 92800000, "weightedAverageShsOutDil": 94200000, "link": "https://www.sec.gov/Archives/edgar/data/717605/000156459017001309/0001564590-17-001309-index.htm", "finalLink": "https://www.sec.gov/Archives/edgar/data/717605/000156459017001309/hxl-10k_20161231.htm", "calculatedOtherExpenses": 0, "calculatedOperatingExpenses": 204500000, "calculatedNetInterest": -22100000, "calculatedOtherIncome": -400000, "calculatedIncomeNonControlling": -2500000, "calculatedEbitda": 453400000}, {"date": "2015-12-31", "symbol": "HXL", "reportedCurrency": "USD", "cik": "0000717605", "fillingDate": "2016-02-04", "acceptedDate": "2016-02-04 15:52:56", "calendarYear": "2015", "period": "FY", "revenue": 1861200000, "costOfRevenue": 1328400000, "grossProfit": 532800000, "grossProfitRatio": 0.2862669246, "researchAndDevelopmentExpenses": 44300000, "generalAndAdministrativeExpenses": 0, "sellingAndMarketingExpenses": 0, "sellingGeneralAndAdministrativeExpenses": 156100000, "otherExpenses": 0, "operatingExpenses": 200400000, "costAndExpenses": 1528800000, "interestIncome": 0, "interestExpense": 14200000, "depreciationAndAmortization": 76400000, "ebitda": 408800000, "ebitdaratio": 0.2196432409, "operatingIncome": 332400000, "operatingIncomeRatio": 0.1785944552, "totalOtherIncomeExpensesNet": -14200000, "incomeBeforeTax": 318200000, "incomeBeforeTaxRatio": 0.1709649688, "incomeTaxExpense": 83000000, "netIncome": 237200000, "netIncomeRatio": 0.1274446594, "eps": 2.48, "epsdiluted": 2.44, "weightedAverageShsOut": 95800000, "weightedAverageShsOutDil": 97200000, "link": "https://www.sec.gov/Archives/edgar/data/717605/000156459016012334/0001564590-16-012334-index.htm", "finalLink": "https://www.sec.gov/Archives/edgar/data/717605/000156459016012334/hxl-10k_20151231.htm", "calculatedOtherExpenses": 0, "calculatedOperatingExpenses": 200400000, "calculatedNetInterest": -14200000, "calculatedOtherIncome": 0, "calculatedIncomeNonControlling": -2000000, "calculatedEbitda": 408800000}, {"date": "2014-12-31", "symbol": "HXL", "reportedCurrency": "USD", "cik": "0000717605", "fillingDate": "2015-02-05", "acceptedDate": "2015-02-05 15:16:30", "calendarYear": "2014", "period": "FY", "revenue": 1855500000, "costOfRevenue": 1346700000, "grossProfit": 508800000, "grossProfitRatio": 0.2742118027, "researchAndDevelopmentExpenses": 47900000, "generalAndAdministrativeExpenses": 0, "sellingAndMarketingExpenses": 0, "sellingGeneralAndAdministrativeExpenses": 149100000, "otherExpenses": -500000, "operatingExpenses": 203000000, "costAndExpenses": 1549700000, "interestIncome": 0, "interestExpense": 8000000, "depreciationAndAmortization": 71200000, "ebitda": 376500000, "ebitdaratio": 0.2029102668, "operatingIncome": 305800000, "operatingIncomeRatio": 0.1648073296, "totalOtherIncomeExpensesNet": -500000, "incomeBeforeTax": 297300000, "incomeBeforeTaxRatio": 0.1602263541, "incomeTaxExpense": 89300000, "netIncome": 209400000, "netIncomeRatio": 0.1128536783, "eps": 2.16, "epsdiluted": 2.12, "weightedAverageShsOut": 96800000, "weightedAverageShsOutDil": 98700000, "link": "https://www.sec.gov/Archives/edgar/data/717605/000156459015000511/0001564590-15-000511-index.htm", "finalLink": "https://www.sec.gov/Archives/edgar/data/717605/000156459015000511/hxl-10k_20141231.htm", "calculatedOtherExpenses": 6000000, "calculatedOperatingExpenses": 203000000, "calculatedNetInterest": -8000000, "calculatedOtherIncome": -500000, "calculatedIncomeNonControlling": -1400000, "calculatedEbitda": 377000000}, {"date": "2013-12-31", "symbol": "HXL", "reportedCurrency": "USD", "cik": "0000717605", "fillingDate": "2014-02-05", "acceptedDate": "2014-02-05 16:12:29", "calendarYear": "2013", "period": "FY", "revenue": 1678200000, "costOfRevenue": 1224200000, "grossProfit": 454000000, "grossProfitRatio": 0.2705279466, "researchAndDevelopmentExpenses": 41700000, "generalAndAdministrativeExpenses": 0, "sellingAndMarketingExpenses": 0, "sellingGeneralAndAdministrativeExpenses": 141400000, "otherExpenses": -1000000, "operatingExpenses": 183100000, "costAndExpenses": 1407300000, "interestIncome": 0, "interestExpense": 7300000, "depreciationAndAmortization": 59300000, "ebitda": 329200000, "ebitdaratio": 0.1961625551, "operatingIncome": 270900000, "operatingIncomeRatio": 0.1614229532, "totalOtherIncomeExpensesNet": -1000000, "incomeBeforeTax": 262600000, "incomeBeforeTaxRatio": 0.1564771779, "incomeTaxExpense": 76000000, "netIncome": 187900000, "netIncomeRatio": 0.1119652008, "eps": 1.88, "epsdiluted": 1.84, "weightedAverageShsOut": 100000000, "weightedAverageShsOutDil": 102100000, "link": "https://www.sec.gov/Archives/edgar/data/717605/000110465914006768/0001104659-14-006768-index.htm", "finalLink": "https://www.sec.gov/Archives/edgar/data/717605/000110465914006768/a13-27095_110k.htm", "calculatedOtherExpenses": 0, "calculatedOperatingExpenses": 183100000, "calculatedNetInterest": -7300000, "calculatedOtherIncome": -1000000, "calculatedIncomeNonControlling": -1300000, "calculatedEbitda": 330200000}, {"date": "2012-12-31", "symbol": "HXL", "reportedCurrency": "USD", "cik": "0000717605", "fillingDate": "2013-02-08", "acceptedDate": "2013-02-08 13:36:47", "calendarYear": "2012", "period": "FY", "revenue": 1578200000, "costOfRevenue": 1171500000, "grossProfit": 406700000, "grossProfitRatio": 0.257698644, "researchAndDevelopmentExpenses": 36700000, "generalAndAdministrativeExpenses": 0, "sellingAndMarketingExpenses": 0, "sellingGeneralAndAdministrativeExpenses": 130700000, "otherExpenses": -1100000, "operatingExpenses": 157900000, "costAndExpenses": 1329400000, "interestIncome": 0, "interestExpense": 10000000, "depreciationAndAmortization": 57200000, "ebitda": 304900000, "ebitdaratio": 0.1931947789, "operatingIncome": 248800000, "operatingIncomeRatio": 0.1576479534, "totalOtherIncomeExpensesNet": -1100000, "incomeBeforeTax": 237700000, "incomeBeforeTaxRatio": 0.1506146243, "incomeTaxExpense": 74100000, "netIncome": 164300000, "netIncomeRatio": 0.1041059435, "eps": 1.64, "epsdiluted": 1.61, "weightedAverageShsOut": 100200000, "weightedAverageShsOutDil": 102000000, "link": "https://www.sec.gov/Archives/edgar/data/717605/000110465913008842/0001104659-13-008842-index.htm", "finalLink": "https://www.sec.gov/Archives/edgar/data/717605/000110465913008842/a12-29199_110k.htm", "calculatedOtherExpenses": -9500000, "calculatedOperatingExpenses": 157900000, "calculatedNetInterest": -10000000, "calculatedOtherIncome": -1100000, "calculatedIncomeNonControlling": -700000, "calculatedEbitda": 306000000}, {"date": "2011-12-31", "symbol": "HXL", "reportedCurrency": "USD", "cik": "0000717605", "fillingDate": "2012-02-07", "acceptedDate": "2012-02-07 15:31:11", "calendarYear": "2011", "period": "FY", "revenue": 1392400000, "costOfRevenue": 1050300000, "grossProfit": 342100000, "grossProfitRatio": 0.2456908934, "researchAndDevelopmentExpenses": 32600000, "generalAndAdministrativeExpenses": 0, "sellingAndMarketingExpenses": 0, "sellingGeneralAndAdministrativeExpenses": 120500000, "otherExpenses": -3000000, "operatingExpenses": 150100000, "costAndExpenses": 1200400000, "interestIncome": 0, "interestExpense": 11600000, "depreciationAndAmortization": 55300000, "ebitda": 242400000, "ebitdaratio": 0.1740879058, "operatingIncome": 192000000, "operatingIncomeRatio": 0.1378914105, "totalOtherIncomeExpensesNet": -4900000, "incomeBeforeTax": 175500000, "incomeBeforeTaxRatio": 0.1260413674, "incomeTaxExpense": 41600000, "netIncome": 135500000, "netIncomeRatio": 0.0973139902, "eps": 1.37, "epsdiluted": 1.35, "weightedAverageShsOut": 98800000, "weightedAverageShsOutDil": 100700000, "link": "https://www.sec.gov/Archives/edgar/data/717605/000110465912007354/0001104659-12-007354-index.htm", "finalLink": "https://www.sec.gov/Archives/edgar/data/717605/000110465912007354/a11-31242_110k.htm", "calculatedOtherExpenses": -3000000, "calculatedOperatingExpenses": 150100000, "calculatedNetInterest": -11600000, "calculatedOtherIncome": -4900000, "calculatedIncomeNonControlling": -1600000, "calculatedEbitda": 247300000}, {"date": "2010-12-31", "symbol": "HXL", "reportedCurrency": "USD", "cik": "0000717605", "fillingDate": "2011-02-10", "acceptedDate": "2011-02-10 16:47:04", "calendarYear": "2010", "period": "FY", "revenue": 1173600000, "costOfRevenue": 891000000, "grossProfit": 282600000, "grossProfitRatio": 0.240797546, "researchAndDevelopmentExpenses": 30800000, "generalAndAdministrativeExpenses": 0, "sellingAndMarketingExpenses": 0, "sellingGeneralAndAdministrativeExpenses": 118500000, "otherExpenses": 3500000, "operatingExpenses": 152800000, "costAndExpenses": 1043800000, "interestIncome": 0, "interestExpense": 0, "depreciationAndAmortization": 53200000, "ebitda": 176200000, "ebitdaratio": 0.1501363327, "operatingIncome": 129800000, "operatingIncomeRatio": 0.1105998637, "totalOtherIncomeExpensesNet": 6800000, "incomeBeforeTax": 99800000, "incomeBeforeTaxRatio": 0.0850374915, "incomeTaxExpense": 22900000, "netIncome": 77400000, "netIncomeRatio": 0.0659509202, "eps": 0.79, "epsdiluted": 0.77, "weightedAverageShsOut": 97600000, "weightedAverageShsOutDil": 99900000, "link": "https://www.sec.gov/Archives/edgar/data/717605/000110465911006385/0001104659-11-006385-index.htm", "finalLink": "https://www.sec.gov/Archives/edgar/data/717605/000110465911006385/a11-2093_110k.htm", "calculatedOtherExpenses": 3500000, "calculatedOperatingExpenses": 152800000, "calculatedNetInterest": 0, "calculatedOtherIncome": -30000000, "calculatedIncomeNonControlling": -500000, "calculatedEbitda": 183000000}, {"date": "2009-12-31", "symbol": "HXL", "reportedCurrency": "USD", "cik": "0000717605", "fillingDate": "2010-02-10", "acceptedDate": "2010-02-10 16:31:07", "calendarYear": "2009", "period": "FY", "revenue": 1108300000, "costOfRevenue": 859800000, "grossProfit": 248500000, "grossProfitRatio": 0.2242172697, "researchAndDevelopmentExpenses": 30100000, "generalAndAdministrativeExpenses": 0, "sellingAndMarketingExpenses": 0, "sellingGeneralAndAdministrativeExpenses": 107200000, "otherExpenses": 7500000, "operatingExpenses": 137300000, "costAndExpenses": 997100000, "interestIncome": 0, "interestExpense": 26100000, "depreciationAndAmortization": 51500000, "ebitda": 155200000, "ebitdaratio": 0.1400342867, "operatingIncome": 103700000, "operatingIncomeRatio": 0.0935667238, "totalOtherIncomeExpensesNet": -26100000, "incomeBeforeTax": 77600000, "incomeBeforeTaxRatio": 0.0700171434, "incomeTaxExpense": 22000000, "netIncome": 56300000, "netIncomeRatio": 0.0507985203, "eps": 0.58, "epsdiluted": 0.57, "weightedAverageShsOut": 96900000, "weightedAverageShsOutDil": 98200000, "link": "https://www.sec.gov/Archives/edgar/data/717605/000110465910006099/0001104659-10-006099-index.htm", "finalLink": "https://www.sec.gov/Archives/edgar/data/717605/000110465910006099/a09-35834_110k.htm", "calculatedOtherExpenses": 7500000, "calculatedOperatingExpenses": 144800000, "calculatedNetInterest": -26100000, "calculatedOtherIncome": 0, "calculatedIncomeNonControlling": -700000, "calculatedEbitda": 155200000}, {"date": "2008-12-31", "symbol": "HXL", "reportedCurrency": "USD", "cik": "0000717605", "fillingDate": "2009-02-12", "acceptedDate": "2009-02-12 17:16:28", "calendarYear": "2008", "period": "FY", "revenue": 1324900000, "costOfRevenue": 1035700000, "grossProfit": 289200000, "grossProfitRatio": 0.218280625, "researchAndDevelopmentExpenses": 31400000, "generalAndAdministrativeExpenses": 0, "sellingAndMarketingExpenses": 0, "sellingGeneralAndAdministrativeExpenses": 112900000, "otherExpenses": 10200000, "operatingExpenses": 154500000, "costAndExpenses": 1190200000, "interestIncome": 0, "interestExpense": 0, "depreciationAndAmortization": 45600000, "ebitda": 194300000, "ebitdaratio": 0.1466525776, "operatingIncome": 134700000, "operatingIncomeRatio": 0.1016680504, "totalOtherIncomeExpensesNet": 2100000, "incomeBeforeTax": 110700000, "incomeBeforeTaxRatio": 0.0835534757, "incomeTaxExpense": 15600000, "netIncome": 111200000, "netIncomeRatio": 0.0839308627, "eps": 1.15, "epsdiluted": 1.14, "weightedAverageShsOut": 96400000, "weightedAverageShsOutDil": 97600000, "link": "https://www.sec.gov/Archives/edgar/data/717605/000110465909008902/0001104659-09-008902-index.htm", "finalLink": "https://www.sec.gov/Archives/edgar/data/717605/000110465909008902/a09-1351_110k.htm", "calculatedOtherExpenses": 10200000, "calculatedOperatingExpenses": 154500000, "calculatedNetInterest": 0, "calculatedOtherIncome": -24000000, "calculatedIncomeNonControlling": -16100000, "calculatedEbitda": 180300000}, {"date": "2007-12-31", "symbol": "HXL", "reportedCurrency": "USD", "cik": "0000717605", "fillingDate": "2008-02-22", "acceptedDate": "2008-02-22 16:25:27", "calendarYear": "2007", "period": "FY", "revenue": 1171100000, "costOfRevenue": 888100000, "grossProfit": 283000000, "grossProfitRatio": 0.2416531466, "researchAndDevelopmentExpenses": 34200000, "generalAndAdministrativeExpenses": 0, "sellingAndMarketingExpenses": 0, "sellingGeneralAndAdministrativeExpenses": 114000000, "otherExpenses": 12600000, "operatingExpenses": 160800000, "costAndExpenses": 1048900000, "interestIncome": 0, "interestExpense": 0, "depreciationAndAmortization": 41500000, "ebitda": 184700000, "ebitdaratio": 0.1577149688, "operatingIncome": 122200000, "operatingIncomeRatio": 0.104346341, "totalOtherIncomeExpensesNet": -16700000, "incomeBeforeTax": 92400000, "incomeBeforeTaxRatio": 0.0789001793, "incomeTaxExpense": 33400000, "netIncome": 61300000, "netIncomeRatio": 0.0523439501, "eps": 0.65, "epsdiluted": 0.64, "weightedAverageShsOut": 94700000, "weightedAverageShsOutDil": 96500000, "link": "https://www.sec.gov/Archives/edgar/data/717605/000110465908012379/0001104659-08-012379-index.htm", "finalLink": "https://www.sec.gov/Archives/edgar/data/717605/000110465908012379/a08-2556_110k.htm", "calculatedOtherExpenses": 12600000, "calculatedOperatingExpenses": 160800000, "calculatedNetInterest": 0, "calculatedOtherIncome": -29800000, "calculatedIncomeNonControlling": -2300000, "calculatedEbitda": 163700000}, {"date": "2006-12-31", "symbol": "HXL", "reportedCurrency": "USD", "cik": "0000717605", "fillingDate": "2007-03-01", "acceptedDate": "2007-02-28 20:03:02", "calendarYear": "2006", "period": "FY", "revenue": 1193100000, "costOfRevenue": 928300000, "grossProfit": 264800000, "grossProfitRatio": 0.221942838, "researchAndDevelopmentExpenses": 30400000, "generalAndAdministrativeExpenses": 0, "sellingAndMarketingExpenses": 0, "sellingGeneralAndAdministrativeExpenses": 113200000, "otherExpenses": 0, "operatingExpenses": 143600000, "costAndExpenses": 1071900000, "interestIncome": 0, "interestExpense": 0, "depreciationAndAmortization": 45000000, "ebitda": 165300000, "ebitdaratio": 0.1385466432, "operatingIncome": 121200000, "operatingIncomeRatio": 0.1015841086, "totalOtherIncomeExpensesNet": 5000000, "incomeBeforeTax": 94100000, "incomeBeforeTaxRatio": 0.0788701701, "incomeTaxExpense": 34100000, "netIncome": 65900000, "netIncomeRatio": 0.0552342637, "eps": 0.71, "epsdiluted": 0.69, "weightedAverageShsOut": 93400000, "weightedAverageShsOutDil": 95500000, "link": "https://www.sec.gov/Archives/edgar/data/717605/000110465907015094/0001104659-07-015094-index.htm", "finalLink": "https://www.sec.gov/Archives/edgar/data/717605/000110465907015094/a07-5530_110k.htm", "calculatedOtherExpenses": 0, "calculatedOperatingExpenses": 143600000, "calculatedNetInterest": 0, "calculatedOtherIncome": -27100000, "calculatedIncomeNonControlling": -5900000, "calculatedEbitda": 166200000}, {"date": "2005-12-31", "symbol": "HXL", "reportedCurrency": "USD", "cik": "0000717605", "fillingDate": "2006-03-08", "acceptedDate": "2006-03-07 20:31:51", "calendarYear": "2005", "period": "FY", "revenue": 1161400000, "costOfRevenue": 907200000, "grossProfit": 254200000, "grossProfitRatio": 0.218873773, "researchAndDevelopmentExpenses": 25400000, "generalAndAdministrativeExpenses": 0, "sellingAndMarketingExpenses": 0, "sellingGeneralAndAdministrativeExpenses": 106600000, "otherExpenses": 15100000, "operatingExpenses": 147100000, "costAndExpenses": 1054300000, "interestIncome": 0, "interestExpense": 0, "depreciationAndAmortization": 49300000, "ebitda": 215300000, "ebitdaratio": 0.1853797141, "operatingIncome": 107100000, "operatingIncomeRatio": 0.0922162907, "totalOtherIncomeExpensesNet": -55300000, "incomeBeforeTax": 29400000, "incomeBeforeTaxRatio": 0.0253142759, "incomeTaxExpense": -108300000, "netIncome": 141300000, "netIncomeRatio": 0.1216635096, "eps": 1.84, "epsdiluted": 1.51, "weightedAverageShsOut": 60000000, "weightedAverageShsOutDil": 93700000, "link": "https://www.sec.gov/Archives/edgar/data/717605/000110465906014722/0001104659-06-014722-index.htm", "finalLink": "https://www.sec.gov/Archives/edgar/data/717605/000110465906014722/a06-1976_110k.htm", "calculatedOtherExpenses": 15100000, "calculatedOperatingExpenses": 147100000, "calculatedNetInterest": 0, "calculatedOtherIncome": -77700000, "calculatedIncomeNonControlling": -3600000, "calculatedEbitda": 156400000}, {"date": "2004-12-31", "symbol": "HXL", "reportedCurrency": "USD", "cik": "0000717605", "fillingDate": "2005-03-11", "acceptedDate": "2005-03-11 16:19:01", "calendarYear": "2004", "period": "FY", "revenue": 1074500000, "costOfRevenue": 845400000, "grossProfit": 229100000, "grossProfitRatio": 0.213215449, "researchAndDevelopmentExpenses": 21300000, "generalAndAdministrativeExpenses": 0, "sellingAndMarketingExpenses": 0, "sellingGeneralAndAdministrativeExpenses": 113100000, "otherExpenses": 3000000, "operatingExpenses": 137400000, "costAndExpenses": 982800000, "interestIncome": 0, "interestExpense": 0, "depreciationAndAmortization": 55300000, "ebitda": 155100000, "ebitdaratio": 0.1443462075, "operatingIncome": 91700000, "operatingIncomeRatio": 0.0853420195, "totalOtherIncomeExpensesNet": -7000000, "incomeBeforeTax": 38900000, "incomeBeforeTaxRatio": 0.0362028851, "incomeTaxExpense": 11200000, "netIncome": 28800000, "netIncomeRatio": 0.0268031643, "eps": 0.09, "epsdiluted": 0.08, "weightedAverageShsOut": 39300000, "weightedAverageShsOutDil": 42100000, "link": "https://www.sec.gov/Archives/edgar/data/717605/000110465905010630/0001104659-05-010630-index.htm", "finalLink": "https://www.sec.gov/Archives/edgar/data/717605/000110465905010630/a05-1857_110k.htm", "calculatedOtherExpenses": 3000000, "calculatedOperatingExpenses": 137400000, "calculatedNetInterest": 0, "calculatedOtherIncome": -52800000, "calculatedIncomeNonControlling": -1100000, "calculatedEbitda": 147000000}, {"date": "2003-12-31", "symbol": "HXL", "reportedCurrency": "USD", "cik": "0000717605", "fillingDate": "2004-03-15", "acceptedDate": "2004-03-15 15:36:10", "calendarYear": "2003", "period": "FY", "revenue": 896900000, "costOfRevenue": 722400000, "grossProfit": 174500000, "grossProfitRatio": 0.1945590367, "researchAndDevelopmentExpenses": 17700000, "generalAndAdministrativeExpenses": 0, "sellingAndMarketingExpenses": 0, "sellingGeneralAndAdministrativeExpenses": 95000000, "otherExpenses": 0, "operatingExpenses": 112700000, "costAndExpenses": 835100000, "interestIncome": 0, "interestExpense": 0, "depreciationAndAmortization": 55700000, "ebitda": 121900000, "ebitdaratio": 0.1359125878, "operatingIncome": 61800000, "operatingIncomeRatio": 0.0689040027, "totalOtherIncomeExpensesNet": -5800000, "incomeBeforeTax": 3800000, "incomeBeforeTaxRatio": 0.0042368157, "incomeTaxExpense": 13500000, "netIncome": -11100000, "netIncomeRatio": -0.0123759616, "eps": -0.29, "epsdiluted": -0.29, "weightedAverageShsOut": 38600000, "weightedAverageShsOutDil": 38600000, "link": "https://www.sec.gov/Archives/edgar/data/717605/000110465904007436/0001104659-04-007436-index.htm", "finalLink": "https://www.sec.gov/Archives/edgar/data/717605/000110465904007436/a04-3339_110k.htm", "calculatedOtherExpenses": 0, "calculatedOperatingExpenses": 112700000, "calculatedNetInterest": 0, "calculatedOtherIncome": -58000000, "calculatedIncomeNonControlling": 1400000, "calculatedEbitda": 117500000}, {"date": "2002-12-31", "symbol": "HXL", "reportedCurrency": "USD", "cik": "0000717605", "fillingDate": "2003-03-03", "acceptedDate": "2003-02-28 21:53:21", "calendarYear": "2002", "period": "FY", "revenue": 850800000, "costOfRevenue": 689500000, "grossProfit": 161300000, "grossProfitRatio": 0.1895862717, "researchAndDevelopmentExpenses": 14700000, "generalAndAdministrativeExpenses": 0, "sellingAndMarketingExpenses": 0, "sellingGeneralAndAdministrativeExpenses": 85900000, "otherExpenses": 0, "operatingExpenses": 100600000, "costAndExpenses": 790100000, "interestIncome": 0, "interestExpense": -62800000, "depreciationAndAmortization": 47200000, "ebitda": 98100000, "ebitdaratio": 0.115303244, "operatingIncome": 60700000, "operatingIncomeRatio": 0.0713446168, "totalOtherIncomeExpensesNet": -200000, "incomeBeforeTax": 7700000, "incomeBeforeTaxRatio": 0.0090503056, "incomeTaxExpense": 11300000, "netIncome": -13600000, "netIncomeRatio": -0.0159849553, "eps": -0.35, "epsdiluted": -0.35, "weightedAverageShsOut": 38400000, "weightedAverageShsOutDil": 38400000, "link": "https://www.sec.gov/Archives/edgar/data/717605/000104746903007410/0001047469-03-007410-index.htm", "finalLink": "https://www.sec.gov/Archives/edgar/data/717605/000104746903007410/a2104721z10-k.htm", "calculatedOtherExpenses": 0, "calculatedOperatingExpenses": 100600000, "calculatedNetInterest": 62800000, "calculatedOtherIncome": -115800000, "calculatedIncomeNonControlling": 10000000, "calculatedEbitda": 107900000}, {"date": "2001-12-31", "symbol": "HXL", "reportedCurrency": "USD", "cik": "0000717605", "fillingDate": "2002-03-28", "acceptedDate": "2002-03-28 00:00:00", "calendarYear": "2001", "period": "FY", "revenue": 1009400000, "costOfRevenue": 818600000, "grossProfit": 190800000, "grossProfitRatio": 0.1890231821, "researchAndDevelopmentExpenses": 18600000, "generalAndAdministrativeExpenses": 120900000, "sellingAndMarketingExpenses": 0, "sellingGeneralAndAdministrativeExpenses": 120900000, "otherExpenses": 309100000, "operatingExpenses": 448600000, "costAndExpenses": 1267200000, "interestIncome": 0, "interestExpense": 38300000, "depreciationAndAmortization": 63200000, "ebitda": 172900000, "ebitdaratio": 0.1712898752, "operatingIncome": -257800000, "operatingIncomeRatio": -0.2553992471, "totalOtherIncomeExpensesNet": -377000000, "incomeBeforeTax": -381000000, "incomeBeforeTaxRatio": -0.3774519517, "incomeTaxExpense": 40500000, "netIncome": -433700000, "netIncomeRatio": -0.4296611849, "eps": -11.53, "epsdiluted": -11.53, "weightedAverageShsOut": 37600000, "weightedAverageShsOutDil": 37600000, "link": "https://www.sec.gov/Archives/edgar/data/717605/000091205702012146/0000912057-02-012146-index.htm", "finalLink": "https://www.sec.gov/Archives/edgar/data/717605/000091205702012146/a2074704z10-k.txt", "calculatedOtherExpenses": 309100000, "calculatedOperatingExpenses": 448600000, "calculatedNetInterest": -38300000, "calculatedOtherIncome": -84900000, "calculatedIncomeNonControlling": 12200000, "calculatedEbitda": -194600000}, {"date": "2000-12-31", "symbol": "HXL", "reportedCurrency": "USD", "cik": "0000717605", "fillingDate": "2001-03-27", "acceptedDate": "2001-03-27 00:00:00", "calendarYear": "2000", "period": "FY", "revenue": 1055700000, "costOfRevenue": 824300000, "grossProfit": 231400000, "grossProfitRatio": 0.2191910581, "researchAndDevelopmentExpenses": 21200000, "generalAndAdministrativeExpenses": 123900000, "sellingAndMarketingExpenses": 0, "sellingGeneralAndAdministrativeExpenses": 123900000, "otherExpenses": 0, "operatingExpenses": 145100000, "costAndExpenses": 969400000, "interestIncome": 0, "interestExpense": 0, "depreciationAndAmortization": 58700000, "ebitda": 87600000, "ebitdaratio": 0.0829781188, "operatingIncome": 86300000, "operatingIncomeRatio": 0.0817467083, "totalOtherIncomeExpensesNet": 62900000, "incomeBeforeTax": 80500000, "incomeBeforeTaxRatio": 0.0762527233, "incomeTaxExpense": 26300000, "netIncome": 54200000, "netIncomeRatio": 0.0513403429, "eps": 1.47, "epsdiluted": 1.32, "weightedAverageShsOut": 36800000, "weightedAverageShsOutDil": 45700000, "link": "https://www.sec.gov/Archives/edgar/data/717605/000071760501000008/0000717605-01-000008-index.html", "finalLink": "https://www.sec.gov/Archives/edgar/data/717605/000071760501000008/0000717605-01-000008-0001.txt", "calculatedOtherExpenses": 0, "calculatedOperatingExpenses": 145100000, "calculatedNetInterest": 0, "calculatedOtherIncome": -5800000, "calculatedIncomeNonControlling": 0, "calculatedEbitda": 145000000}, {"date": "1999-12-31", "symbol": "HXL", "reportedCurrency": "USD", "cik": "0000717605", "fillingDate": "2000-03-27", "acceptedDate": "2000-03-27 00:00:00", "calendarYear": "1999", "period": "FY", "revenue": 1151500000, "costOfRevenue": 847700000, "grossProfit": 303800000, "grossProfitRatio": 0.2638297872, "researchAndDevelopmentExpenses": 24800000, "generalAndAdministrativeExpenses": 148800000, "sellingAndMarketingExpenses": 0, "sellingGeneralAndAdministrativeExpenses": 148800000, "otherExpenses": 61300000, "operatingExpenses": 234900000, "costAndExpenses": 1082600000, "interestIncome": 0, "interestExpense": 0, "depreciationAndAmortization": 61300000, "ebitda": 150200000, "ebitdaratio": 0.1304385584, "operatingIncome": 68900000, "operatingIncomeRatio": 0.0598349978, "totalOtherIncomeExpensesNet": -20000000, "incomeBeforeTax": -25000000, "incomeBeforeTaxRatio": -0.021710812, "incomeTaxExpense": -1700000, "netIncome": -23300000, "netIncomeRatio": -0.0202344768, "eps": -0.64, "epsdiluted": -0.64, "weightedAverageShsOut": 36400000, "weightedAverageShsOutDil": 36400000, "link": "https://www.sec.gov/Archives/edgar/data/717605/000071760500000005/0000717605-00-000005-index.html", "finalLink": "https://www.sec.gov/Archives/edgar/data/717605/000071760500000005/", "calculatedOtherExpenses": 61300000, "calculatedOperatingExpenses": 234900000, "calculatedNetInterest": 0, "calculatedOtherIncome": -93900000, "calculatedIncomeNonControlling": 0, "calculatedEbitda": 130200000}, {"date": "1998-12-31", "symbol": "HXL", "reportedCurrency": "USD", "cik": "0000717605", "fillingDate": "1999-03-30", "acceptedDate": "1999-03-30 00:00:00", "calendarYear": "1998", "period": "FY", "revenue": 1089000000, "costOfRevenue": 770300000, "grossProfit": 318700000, "grossProfitRatio": 0.2926538108, "researchAndDevelopmentExpenses": 23600000, "generalAndAdministrativeExpenses": 130600000, "sellingAndMarketingExpenses": 0, "sellingGeneralAndAdministrativeExpenses": 130600000, "otherExpenses": 47500000, "operatingExpenses": 201700000, "costAndExpenses": 972000000, "interestIncome": 0, "interestExpense": 0, "depreciationAndAmortization": 47500000, "ebitda": 164000000, "ebitdaratio": 0.1505968779, "operatingIncome": 117000000, "operatingIncomeRatio": 0.1074380165, "totalOtherIncomeExpensesNet": 500000, "incomeBeforeTax": 78800000, "incomeBeforeTaxRatio": 0.0723599633, "incomeTaxExpense": 28400000, "netIncome": 50400000, "netIncomeRatio": 0.0462809917, "eps": 1.38, "epsdiluted": 1.24, "weightedAverageShsOut": 36675000, "weightedAverageShsOutDil": 45671000, "link": "https://www.sec.gov/Archives/edgar/data/717605/000104746999012335/0001047469-99-012335-index.html", "finalLink": "https://www.sec.gov/Archives/edgar/data/717605/", "calculatedOtherExpenses": 47500000, "calculatedOperatingExpenses": 201700000, "calculatedNetInterest": 0, "calculatedOtherIncome": -38200000, "calculatedIncomeNonControlling": 0, "calculatedEbitda": 164500000}, {"date": "1997-12-31", "symbol": "HXL", "reportedCurrency": "USD", "cik": "0000717605", "fillingDate": "1998-03-31", "acceptedDate": "1998-03-31 00:00:00", "calendarYear": "1997", "period": "FY", "revenue": 936900000, "costOfRevenue": 678400000, "grossProfit": 258500000, "grossProfitRatio": 0.2759099157, "researchAndDevelopmentExpenses": 18400000, "generalAndAdministrativeExpenses": 127700000, "sellingAndMarketingExpenses": 0, "sellingGeneralAndAdministrativeExpenses": 127700000, "otherExpenses": 35800000, "operatingExpenses": 181900000, "costAndExpenses": 860300000, "interestIncome": 0, "interestExpense": 0, "depreciationAndAmortization": 35800000, "ebitda": 112400000, "ebitdaratio": 0.1199701142, "operatingIncome": 76600000, "operatingIncomeRatio": 0.0817589924, "totalOtherIncomeExpensesNet": -25900000, "incomeBeforeTax": 50700000, "incomeBeforeTaxRatio": 0.0541146334, "incomeTaxExpense": -22900000, "netIncome": 73600000, "netIncomeRatio": 0.0785569431, "eps": 2, "epsdiluted": 1.74, "weightedAverageShsOut": 36800000, "weightedAverageShsOutDil": 42298851, "link": "https://www.sec.gov/Archives/edgar/data/717605/0001047469-98-012927-index.html", "finalLink": "https://www.sec.gov/Archives/edgar/data/717605/0001047469-98-012927.txt", "calculatedOtherExpenses": 35800000, "calculatedOperatingExpenses": 181900000, "calculatedNetInterest": 0, "calculatedOtherIncome": -25900000, "calculatedIncomeNonControlling": 0, "calculatedEbitda": 112400000}, {"date": "1996-12-31", "symbol": "HXL", "reportedCurrency": "USD", "cik": "0000717605", "fillingDate": "1997-03-28", "acceptedDate": "1997-03-28 00:00:00", "calendarYear": "1996", "period": "FY", "revenue": 695300000, "costOfRevenue": 527200000, "grossProfit": 168100000, "grossProfitRatio": 0.2417661441, "researchAndDevelopmentExpenses": 0, "generalAndAdministrativeExpenses": 138600000, "sellingAndMarketingExpenses": 0, "sellingGeneralAndAdministrativeExpenses": 138600000, "otherExpenses": 26700000, "operatingExpenses": 165300000, "costAndExpenses": 692500000, "interestIncome": 0, "interestExpense": 0, "depreciationAndAmortization": 26700000, "ebitda": 26500000, "ebitdaratio": 0.0381130447, "operatingIncome": 2800000, "operatingIncomeRatio": 0.0040270387, "totalOtherIncomeExpensesNet": 3000000, "incomeBeforeTax": -15800000, "incomeBeforeTaxRatio": -0.022724004, "incomeTaxExpense": 3400000, "netIncome": -19200000, "netIncomeRatio": -0.0276139796, "eps": -0.58, "epsdiluted": -0.58, "weightedAverageShsOut": 33103448, "weightedAverageShsOutDil": 33103448, "link": "https://www.sec.gov/Archives/edgar/data/717605/000091205797010871/0000912057-97-010871-index.html", "finalLink": "https://www.sec.gov/Archives/edgar/data/717605/", "calculatedOtherExpenses": 26700000, "calculatedOperatingExpenses": 165300000, "calculatedNetInterest": 0, "calculatedOtherIncome": -18600000, "calculatedIncomeNonControlling": 0, "calculatedEbitda": 29500000}, {"date": "1995-12-31", "symbol": "HXL", "reportedCurrency": "USD", "cik": "0000717605", "fillingDate": "1996-04-01", "acceptedDate": "1996-04-01 00:00:00", "calendarYear": "1995", "period": "FY", "revenue": 350200000, "costOfRevenue": 271500000, "grossProfit": 78700000, "grossProfitRatio": 0.2247287264, "researchAndDevelopmentExpenses": 0, "generalAndAdministrativeExpenses": 49300000, "sellingAndMarketingExpenses": 0, "sellingGeneralAndAdministrativeExpenses": 49300000, "otherExpenses": 11600000, "operatingExpenses": 60900000, "costAndExpenses": 332400000, "interestIncome": 0, "interestExpense": 0, "depreciationAndAmortization": 11600000, "ebitda": 32000000, "ebitdaratio": 0.0913763564, "operatingIncome": 17800000, "operatingIncomeRatio": 0.0508280982, "totalOtherIncomeExpensesNet": -2600000, "incomeBeforeTax": 6500000, "incomeBeforeTaxRatio": 0.0185608224, "incomeTaxExpense": 3300000, "netIncome": 2700000, "netIncomeRatio": 0.0077098801, "eps": 0.17, "epsdiluted": 0.17, "weightedAverageShsOut": 15742000, "weightedAverageShsOutDil": 15742000, "link": "https://www.sec.gov/Archives/edgar/data/717605/000091205796005837/0000912057-96-005837-index.html", "finalLink": "https://www.sec.gov/Archives/edgar/data/717605/", "calculatedOtherExpenses": 11600000, "calculatedOperatingExpenses": 60900000, "calculatedNetInterest": 0, "calculatedOtherIncome": -11300000, "calculatedIncomeNonControlling": 500000, "calculatedEbitda": 29400000}, {"date": "1994-12-31", "symbol": "HXL", "reportedCurrency": "USD", "cik": "0000717605", "fillingDate": "1995-03-27", "acceptedDate": "1995-03-27 00:00:00", "calendarYear": "1994", "period": "FY", "revenue": 313800000, "costOfRevenue": 251200000, "grossProfit": 62600000, "grossProfitRatio": 0.1994901211, "researchAndDevelopmentExpenses": 0, "generalAndAdministrativeExpenses": 45800000, "sellingAndMarketingExpenses": 0, "sellingGeneralAndAdministrativeExpenses": 45800000, "otherExpenses": 14200000, "operatingExpenses": 60000000, "costAndExpenses": 311200000, "interestIncome": 0, "interestExpense": 0, "depreciationAndAmortization": 14200000, "ebitda": 32100000, "ebitdaratio": 0.1022944551, "operatingIncome": 2600000, "operatingIncomeRatio": 0.0082855322, "totalOtherIncomeExpensesNet": -15300000, "incomeBeforeTax": -24500000, "incomeBeforeTaxRatio": -0.0780752071, "incomeTaxExpense": 3600000, "netIncome": -30000000, "netIncomeRatio": -0.0956022945, "eps": -4.1, "epsdiluted": -4.1, "weightedAverageShsOut": 7310000, "weightedAverageShsOutDil": 7310000, "link": "https://www.sec.gov/Archives/edgar/data/717605/000091205795001747/0000912057-95-001747-index.html", "finalLink": "https://www.sec.gov/Archives/edgar/data/717605/", "calculatedOtherExpenses": 14200000, "calculatedOperatingExpenses": 60000000, "calculatedNetInterest": 0, "calculatedOtherIncome": -27100000, "calculatedIncomeNonControlling": 1900000, "calculatedEbitda": 16800000}, {"date": "1993-12-31", "symbol": "HXL", "reportedCurrency": "USD", "cik": "0000717605", "fillingDate": "1994-04-15", "acceptedDate": "1994-04-15 00:00:00", "calendarYear": "1993", "period": "FY", "revenue": 338600000, "costOfRevenue": 266300000, "grossProfit": 72300000, "grossProfitRatio": 0.2135262847, "researchAndDevelopmentExpenses": 0, "generalAndAdministrativeExpenses": 0, "sellingAndMarketingExpenses": 0, "sellingGeneralAndAdministrativeExpenses": 127700000, "otherExpenses": 15800000, "operatingExpenses": 143500000, "costAndExpenses": 409800000, "interestIncome": 0, "interestExpense": 0, "depreciationAndAmortization": 15800000, "ebitda": -55400000, "ebitdaratio": -0.1636148848, "operatingIncome": -71200000, "operatingIncomeRatio": -0.2102776137, "totalOtherIncomeExpensesNet": -9100000, "incomeBeforeTax": -80300000, "incomeBeforeTaxRatio": -0.2371529829, "incomeTaxExpense": 6200000, "netIncome": -86000000, "netIncomeRatio": -0.2539870053, "eps": -10.83, "epsdiluted": -10.83, "weightedAverageShsOut": 7940905, "weightedAverageShsOutDil": 7940905, "link": "https://www.sec.gov/Archives/edgar/data/717605/000091205794001378/0000912057-94-001378-index.html", "finalLink": "https://www.sec.gov/Archives/edgar/data/717605/", "calculatedOtherExpenses": 15800000, "calculatedOperatingExpenses": 143500000, "calculatedNetInterest": 0, "calculatedOtherIncome": -9100000, "calculatedIncomeNonControlling": -500000, "calculatedEbitda": -55400000}, {"date": "1992-12-31", "symbol": "HXL", "reportedCurrency": "USD", "cik": "0000717605", "fillingDate": "1992-12-31", "acceptedDate": "1992-12-30 19:00:00", "calendarYear": "1992", "period": "FY", "revenue": 386300000, "costOfRevenue": 294700000, "grossProfit": 91600000, "grossProfitRatio": 0.2371214082, "researchAndDevelopmentExpenses": 0, "generalAndAdministrativeExpenses": 0, "sellingAndMarketingExpenses": 0, "sellingGeneralAndAdministrativeExpenses": 90600000, "otherExpenses": 15700000, "operatingExpenses": 106300000, "costAndExpenses": 401000000, "interestIncome": 0, "interestExpense": 0, "depreciationAndAmortization": 15700000, "ebitda": 1000000, "ebitdaratio": 0.0025886617, "operatingIncome": -14700000, "operatingIncomeRatio": -0.0380533264, "totalOtherIncomeExpensesNet": -8700000, "incomeBeforeTax": -23400000, "incomeBeforeTaxRatio": -0.0605746829, "incomeTaxExpense": -6100000, "netIncome": -28900000, "netIncomeRatio": -0.074812322, "eps": -3.97, "epsdiluted": -3.97, "weightedAverageShsOut": 7279597, "weightedAverageShsOutDil": 7279597, "link": "", "finalLink": "", "calculatedOtherExpenses": 15700000, "calculatedOperatingExpenses": 106300000, "calculatedNetInterest": 0, "calculatedOtherIncome": -8700000, "calculatedIncomeNonControlling": 11600000, "calculatedEbitda": 1000000}, {"date": "1991-12-31", "symbol": "HXL", "reportedCurrency": "USD", "cik": "0000717605", "fillingDate": "1991-12-31", "acceptedDate": "1991-12-30 19:00:00", "calendarYear": "1991", "period": "FY", "revenue": 386600000, "costOfRevenue": 286700000, "grossProfit": 99900000, "grossProfitRatio": 0.2584066218, "researchAndDevelopmentExpenses": 0, "generalAndAdministrativeExpenses": 0, "sellingAndMarketingExpenses": 0, "sellingGeneralAndAdministrativeExpenses": 68600000, "otherExpenses": 15400000, "operatingExpenses": 84000000, "costAndExpenses": 370700000, "interestIncome": 0, "interestExpense": 0, "depreciationAndAmortization": 15400000, "ebitda": 31300000, "ebitdaratio": 0.0809622349, "operatingIncome": 15900000, "operatingIncomeRatio": 0.0411277807, "totalOtherIncomeExpensesNet": -11500000, "incomeBeforeTax": 4400000, "incomeBeforeTaxRatio": 0.0113812726, "incomeTaxExpense": -200000, "netIncome": 4100000, "netIncomeRatio": 0.0106052768, "eps": 0.58, "epsdiluted": 0.58, "weightedAverageShsOut": 7068966, "weightedAverageShsOutDil": 7068966, "link": "", "finalLink": "", "calculatedOtherExpenses": 15400000, "calculatedOperatingExpenses": 84000000, "calculatedNetInterest": 0, "calculatedOtherIncome": -11500000, "calculatedIncomeNonControlling": 500000, "calculatedEbitda": 31300000}, {"date": "1990-12-31", "symbol": "HXL", "reportedCurrency": "USD", "cik": "0000717605", "fillingDate": "1990-12-31", "acceptedDate": "1990-12-30 19:00:00", "calendarYear": "1990", "period": "FY", "revenue": 382700000, "costOfRevenue": 288400000, "grossProfit": 94300000, "grossProfitRatio": 0.2464071074, "researchAndDevelopmentExpenses": 0, "generalAndAdministrativeExpenses": 0, "sellingAndMarketingExpenses": 0, "sellingGeneralAndAdministrativeExpenses": 67000000, "otherExpenses": 13300000, "operatingExpenses": 80300000, "costAndExpenses": 368700000, "interestIncome": 0, "interestExpense": 0, "depreciationAndAmortization": 13300000, "ebitda": 27300000, "ebitdaratio": 0.0713352495, "operatingIncome": 14000000, "operatingIncomeRatio": 0.0365821793, "totalOtherIncomeExpensesNet": -10700000, "incomeBeforeTax": 3300000, "incomeBeforeTaxRatio": 0.0086229423, "incomeTaxExpense": 1200000, "netIncome": 3700000, "netIncomeRatio": 0.0096681474, "eps": 0.53, "epsdiluted": 0.53, "weightedAverageShsOut": 6981132, "weightedAverageShsOutDil": 6981132, "link": "", "finalLink": "", "calculatedOtherExpenses": 13300000, "calculatedOperatingExpenses": 80300000, "calculatedNetInterest": 0, "calculatedOtherIncome": -10700000, "calculatedIncomeNonControlling": -1600000, "calculatedEbitda": 27300000}, {"date": "1989-12-31", "symbol": "HXL", "reportedCurrency": "USD", "cik": "0000717605", "fillingDate": "1989-12-31", "acceptedDate": "1989-12-30 19:00:00", "calendarYear": "1989", "period": "FY", "revenue": 410900000, "costOfRevenue": 303800000, "grossProfit": 107100000, "grossProfitRatio": 0.2606473595, "researchAndDevelopmentExpenses": 0, "generalAndAdministrativeExpenses": 0, "sellingAndMarketingExpenses": 0, "sellingGeneralAndAdministrativeExpenses": 73800000, "otherExpenses": 17900000, "operatingExpenses": 91700000, "costAndExpenses": 395500000, "interestIncome": 0, "interestExpense": 0, "depreciationAndAmortization": 17900000, "ebitda": 33300000, "ebitdaratio": 0.081041616, "operatingIncome": 15400000, "operatingIncomeRatio": 0.0374787053, "totalOtherIncomeExpensesNet": -9500000, "incomeBeforeTax": 5900000, "incomeBeforeTaxRatio": 0.0143587248, "incomeTaxExpense": 2200000, "netIncome": 3700000, "netIncomeRatio": 0.009004624, "eps": 0.54, "epsdiluted": 0.54, "weightedAverageShsOut": 6851852, "weightedAverageShsOutDil": 6851852, "link": "", "finalLink": "", "calculatedOtherExpenses": 17900000, "calculatedOperatingExpenses": 91700000, "calculatedNetInterest": 0, "calculatedOtherIncome": -9500000, "calculatedIncomeNonControlling": 0, "calculatedEbitda": 33300000}, {"date": "1988-12-31", "symbol": "HXL", "reportedCurrency": "USD", "cik": "0000717605", "fillingDate": "1988-12-31", "acceptedDate": "1988-12-30 19:00:00", "calendarYear": "1988", "period": "FY", "revenue": 399200000, "costOfRevenue": 352700000, "grossProfit": 46500000, "grossProfitRatio": 0.1164829659, "researchAndDevelopmentExpenses": 0, "generalAndAdministrativeExpenses": 0, "sellingAndMarketingExpenses": 0, "sellingGeneralAndAdministrativeExpenses": 0, "otherExpenses": 15100000, "operatingExpenses": 15100000, "costAndExpenses": 367800000, "interestIncome": 0, "interestExpense": 0, "depreciationAndAmortization": 15100000, "ebitda": 45100000, "ebitdaratio": 0.1129759519, "operatingIncome": 31400000, "operatingIncomeRatio": 0.0786573146, "totalOtherIncomeExpensesNet": 1400000, "incomeBeforeTax": 25900000, "incomeBeforeTaxRatio": 0.0648797595, "incomeTaxExpense": 9800000, "netIncome": 16100000, "netIncomeRatio": 0.0403306613, "eps": 2.33, "epsdiluted": 2.19, "weightedAverageShsOut": 6909871, "weightedAverageShsOutDil": 7351598, "link": "", "finalLink": "", "calculatedOtherExpenses": 15100000, "calculatedOperatingExpenses": 15100000, "calculatedNetInterest": 0, "calculatedOtherIncome": -5500000, "calculatedIncomeNonControlling": 0, "calculatedEbitda": 46500000}, {"date": "1987-12-31", "symbol": "HXL", "reportedCurrency": "USD", "cik": "0000717605", "fillingDate": "1987-12-31", "acceptedDate": "1987-12-30 19:00:00", "calendarYear": "1987", "period": "FY", "revenue": 349200000, "costOfRevenue": 246200000, "grossProfit": 103000000, "grossProfitRatio": 0.2949599084, "researchAndDevelopmentExpenses": 0, "generalAndAdministrativeExpenses": 0, "sellingAndMarketingExpenses": 0, "sellingGeneralAndAdministrativeExpenses": 63400000, "otherExpenses": 12400000, "operatingExpenses": 75800000, "costAndExpenses": 322000000, "interestIncome": 0, "interestExpense": 0, "depreciationAndAmortization": 12400000, "ebitda": 39600000, "ebitdaratio": 0.1134020619, "operatingIncome": 27200000, "operatingIncomeRatio": 0.0778923253, "totalOtherIncomeExpensesNet": -5500000, "incomeBeforeTax": 21700000, "incomeBeforeTaxRatio": 0.0621420389, "incomeTaxExpense": 8800000, "netIncome": 12900000, "netIncomeRatio": 0.0369415808, "eps": 1.91, "epsdiluted": 1.8, "weightedAverageShsOut": 6753927, "weightedAverageShsOutDil": 7166667, "link": "", "finalLink": "", "calculatedOtherExpenses": 12400000, "calculatedOperatingExpenses": 75800000, "calculatedNetInterest": 0, "calculatedOtherIncome": -5500000, "calculatedIncomeNonControlling": 0, "calculatedEbitda": 39600000}, {"date": "1986-12-31", "symbol": "HXL", "reportedCurrency": "USD", "cik": "0000717605", "fillingDate": "1986-12-31", "acceptedDate": "1986-12-30 19:00:00", "calendarYear": "1986", "period": "FY", "revenue": 290400000, "costOfRevenue": 208100000, "grossProfit": 82300000, "grossProfitRatio": 0.2834022039, "researchAndDevelopmentExpenses": 0, "generalAndAdministrativeExpenses": 0, "sellingAndMarketingExpenses": 0, "sellingGeneralAndAdministrativeExpenses": 51300000, "otherExpenses": 9800000, "operatingExpenses": 61100000, "costAndExpenses": 269200000, "interestIncome": 0, "interestExpense": 0, "depreciationAndAmortization": 9800000, "ebitda": 31000000, "ebitdaratio": 0.1067493113, "operatingIncome": 21200000, "operatingIncomeRatio": 0.0730027548, "totalOtherIncomeExpensesNet": -4500000, "incomeBeforeTax": 16700000, "incomeBeforeTaxRatio": 0.0575068871, "incomeTaxExpense": 7000000, "netIncome": 9700000, "netIncomeRatio": 0.0334022039, "eps": 1.52, "epsdiluted": 1.52, "weightedAverageShsOut": 6315789, "weightedAverageShsOutDil": 6315789, "link": "", "finalLink": "", "calculatedOtherExpenses": 9800000, "calculatedOperatingExpenses": 61100000, "calculatedNetInterest": 0, "calculatedOtherIncome": -4500000, "calculatedIncomeNonControlling": 0, "calculatedEbitda": 31000000}, {"date": "1985-12-31", "symbol": "HXL", "reportedCurrency": "USD", "cik": "0000717605", "fillingDate": "1985-12-31", "acceptedDate": "1985-12-30 19:00:00", "calendarYear": "1985", "period": "FY", "revenue": 235200000, "costOfRevenue": 168900000, "grossProfit": 66300000, "grossProfitRatio": 0.2818877551, "researchAndDevelopmentExpenses": 0, "generalAndAdministrativeExpenses": 0, "sellingAndMarketingExpenses": 0, "sellingGeneralAndAdministrativeExpenses": 42300000, "otherExpenses": 7600000, "operatingExpenses": 49900000, "costAndExpenses": 218800000, "interestIncome": 0, "interestExpense": 0, "depreciationAndAmortization": 7600000, "ebitda": 24000000, "ebitdaratio": 0.1020408163, "operatingIncome": 16400000, "operatingIncomeRatio": 0.0697278912, "totalOtherIncomeExpensesNet": -3800000, "incomeBeforeTax": 12600000, "incomeBeforeTaxRatio": 0.0535714286, "incomeTaxExpense": 4900000, "netIncome": 7700000, "netIncomeRatio": 0.0327380952, "eps": 1.26, "epsdiluted": 1.26, "weightedAverageShsOut": 5793651, "weightedAverageShsOutDil": 5793651, "link": "", "finalLink": "", "calculatedOtherExpenses": 7600000, "calculatedOperatingExpenses": 49900000, "calculatedNetInterest": 0, "calculatedOtherIncome": -3800000, "calculatedIncomeNonControlling": 0, "calculatedEbitda": 24000000}]}