{"originalCurrency": "USD", "convertedCurrency": "USD", "report": [{"date": "2023-12-31", "symbol": "IAC", "reportedCurrency": "USD", "cik": "0001800227", "fillingDate": "2024-02-29", "acceptedDate": "2024-02-29 16:15:37", "calendarYear": "2023", "period": "FY", "revenue": 4365235000, "costOfRevenue": 1813576000, "grossProfit": 2551659000, "grossProfitRatio": 0.5845410385, "researchAndDevelopmentExpenses": 334178000, "generalAndAdministrativeExpenses": 891819000, "sellingAndMarketingExpenses": 1576229000, "sellingGeneralAndAdministrativeExpenses": 2469769000, "otherExpenses": 7595000, "operatingExpenses": 2803947000, "costAndExpenses": 4617523000, "interestIncome": 71114000, "interestExpense": 157632000, "depreciationAndAmortization": 572761000, "ebitda": 320473000, "ebitdaratio": 0.0734148333, "operatingIncome": -252288000, "operatingIncomeRatio": -0.0577948266, "totalOtherIncomeExpensesNet": 619423000, "incomeBeforeTax": 367135000, "incomeBeforeTaxRatio": 0.0841042922, "incomeTaxExpense": 108818000, "netIncome": 265942000, "netIncomeRatio": 0.0609227224, "eps": 3.07, "epsdiluted": 2.97, "weightedAverageShsOut": 83569000, "weightedAverageShsOutDil": 86464000, "link": "https://www.sec.gov/Archives/edgar/data/1800227/000180022724000011/0001800227-24-000011-index.htm", "finalLink": "https://www.sec.gov/Archives/edgar/data/1800227/000180022724000011/iaci-20231231.htm", "calculatedOtherExpenses": 0, "calculatedOperatingExpenses": 2803947000, "calculatedNetInterest": -86518000, "calculatedOtherIncome": 705941000, "calculatedIncomeNonControlling": -7625000, "calculatedEbitda": 320473000}, {"date": "2022-12-31", "symbol": "IAC", "reportedCurrency": "USD", "cik": "0001800227", "fillingDate": "2023-03-01", "acceptedDate": "2023-03-01 07:34:29", "calendarYear": "2022", "period": "FY", "revenue": 5235280000, "costOfRevenue": 1922697000, "grossProfit": 3312583000, "grossProfitRatio": 0.6327422793, "researchAndDevelopmentExpenses": 332873000, "generalAndAdministrativeExpenses": 977274000, "sellingAndMarketingExpenses": 1925750000, "sellingGeneralAndAdministrativeExpenses": 2903024000, "otherExpenses": 438704000, "operatingExpenses": 3674601000, "costAndExpenses": 5597298000, "interestIncome": 24916000, "interestExpense": 110165000, "depreciationAndAmortization": 220919000, "ebitda": -141099000, "ebitdaratio": -0.0269515671, "operatingIncome": -362018000, "operatingIncomeRatio": -0.0691496921, "totalOtherIncomeExpensesNet": -1164218000, "incomeBeforeTax": -1526236000, "incomeBeforeTaxRatio": -0.2915290109, "incomeTaxExpense": -331087000, "netIncome": -1195149000, "netIncomeRatio": -0.2282875032, "eps": -13.84, "epsdiluted": -13.84, "weightedAverageShsOut": 86350000, "weightedAverageShsOutDil": 86350000, "link": "https://www.sec.gov/Archives/edgar/data/1800227/000180022723000009/0001800227-23-000009-index.htm", "finalLink": "https://www.sec.gov/Archives/edgar/data/1800227/000180022723000009/iaci-20221231.htm", "calculatedOtherExpenses": 438704000, "calculatedOperatingExpenses": 3674601000, "calculatedNetInterest": -85249000, "calculatedOtherIncome": -1078969000, "calculatedIncomeNonControlling": 0, "calculatedEbitda": -141099000}, {"date": "2021-12-31", "symbol": "IAC", "reportedCurrency": "USD", "cik": "0001800227", "fillingDate": "2022-03-01", "acceptedDate": "2022-03-01 16:06:44", "calendarYear": "2021", "period": "FY", "revenue": 3699627000, "costOfRevenue": 1306972000, "grossProfit": 2392655000, "grossProfitRatio": 0.6467287108, "researchAndDevelopmentExpenses": 220120000, "generalAndAdministrativeExpenses": 797448000, "sellingAndMarketingExpenses": 1354693000, "sellingGeneralAndAdministrativeExpenses": 2152141000, "otherExpenses": 149854000, "operatingExpenses": 2522115000, "costAndExpenses": 3829087000, "interestIncome": 1351000, "interestExpense": 34264000, "depreciationAndAmortization": 149854000, "ebitda": 132248000, "ebitdaratio": 0.0357463063, "operatingIncome": -17606000, "operatingIncomeRatio": -0.0047588581, "totalOtherIncomeExpensesNet": 755019000, "incomeBeforeTax": 737413000, "incomeBeforeTaxRatio": 0.1993209045, "incomeTaxExpense": 140833000, "netIncome": 597547000, "netIncomeRatio": 0.1615154717, "eps": 6.7, "epsdiluted": 6.31, "weightedAverageShsOut": 86222000, "weightedAverageShsOutDil": 91828000, "link": "https://www.sec.gov/Archives/edgar/data/1800227/000180022722000007/0001800227-22-000007-index.htm", "finalLink": "https://www.sec.gov/Archives/edgar/data/1800227/000180022722000007/iaci-20211231.htm", "calculatedOtherExpenses": 38000000, "calculatedOperatingExpenses": 2410261000, "calculatedNetInterest": -32913000, "calculatedOtherIncome": 787932000, "calculatedIncomeNonControlling": -967000, "calculatedEbitda": 132248000}, {"date": "2020-12-31", "symbol": "IAC", "reportedCurrency": "USD", "cik": "0001800227", "fillingDate": "2021-02-17", "acceptedDate": "2021-02-17 06:29:06", "calendarYear": "2020", "period": "FY", "revenue": 2764536000, "costOfRevenue": 726143000, "grossProfit": 2038393000, "grossProfitRatio": 0.7373363921, "researchAndDevelopmentExpenses": 204557000, "generalAndAdministrativeExpenses": 745235000, "sellingAndMarketingExpenses": 1165456000, "sellingGeneralAndAdministrativeExpenses": 1910691000, "otherExpenses": 195662000, "operatingExpenses": 2310910000, "costAndExpenses": 3037053000, "interestIncome": 7177000, "interestExpense": 16166000, "depreciationAndAmortization": 202062000, "ebitda": -70455000, "ebitdaratio": -0.0254852894, "operatingIncome": -272517000, "operatingIncomeRatio": -0.0985760359, "totalOtherIncomeExpensesNet": 516677000, "incomeBeforeTax": 244160000, "incomeBeforeTaxRatio": 0.0883186184, "incomeTaxExpense": -45707000, "netIncome": 269726000, "netIncomeRatio": 0.0975664632, "eps": 3.16, "epsdiluted": 2.97, "weightedAverageShsOut": 85355000, "weightedAverageShsOutDil": 90948000, "link": "https://www.sec.gov/Archives/edgar/data/1800227/000180022721000004/0001800227-21-000004-index.htm", "finalLink": "https://www.sec.gov/Archives/edgar/data/1800227/000180022721000004/iaci-20201231.htm", "calculatedOtherExpenses": 195662000, "calculatedOperatingExpenses": 2310910000, "calculatedNetInterest": -8989000, "calculatedOtherIncome": 525666000, "calculatedIncomeNonControlling": 20141000, "calculatedEbitda": -70455000}, {"date": "2019-12-31", "symbol": "IAC", "reportedCurrency": "USD", "cik": "0001800227", "fillingDate": "2019-12-31", "acceptedDate": "2019-12-31 00:00:00", "calendarYear": "2019", "period": "FY", "revenue": 4757055000, "costOfRevenue": 1127420000, "grossProfit": 3629635000, "grossProfitRatio": 0.7630004278, "researchAndDevelopmentExpenses": 345417000, "generalAndAdministrativeExpenses": 888950000, "sellingAndMarketingExpenses": 1629623000, "sellingGeneralAndAdministrativeExpenses": 2518573000, "otherExpenses": 180994000, "operatingExpenses": 3044984000, "costAndExpenses": 4172404000, "interestIncome": 3255000, "interestExpense": 153563000, "depreciationAndAmortization": 251053000, "ebitda": 832386000, "ebitdaratio": 0.1749792676, "operatingIncome": 581333000, "operatingIncomeRatio": 0.1222043891, "totalOtherIncomeExpensesNet": -86822000, "incomeBeforeTax": 494511000, "incomeBeforeTaxRatio": 0.1039531811, "incomeTaxExpense": -49309000, "netIncome": 431131000, "netIncomeRatio": 0.0906298119, "eps": 5.06, "epsdiluted": 5.06, "weightedAverageShsOut": 85132059, "weightedAverageShsOutDil": 85132267, "link": null, "finalLink": null, "calculatedOtherExpenses": 184312000, "calculatedOperatingExpenses": 3048302000, "calculatedNetInterest": -150308000, "calculatedOtherIncome": 63486000, "calculatedIncomeNonControlling": 112689000, "calculatedEbitda": 832386000}, {"date": "2018-12-31", "symbol": "IAC", "reportedCurrency": "USD", "cik": "0001800227", "fillingDate": "2019-03-01", "acceptedDate": "2019-03-01 17:10:16", "calendarYear": "2018", "period": "FY", "revenue": 2533048000, "costOfRevenue": 501152000, "grossProfit": 2031896000, "grossProfitRatio": 0.8021545585, "researchAndDevelopmentExpenses": 177298000, "generalAndAdministrativeExpenses": 569802000, "sellingAndMarketingExpenses": 1099487000, "sellingGeneralAndAdministrativeExpenses": 1669289000, "otherExpenses": -3827000, "operatingExpenses": 1996061000, "costAndExpenses": 2497213000, "interestIncome": 9125000, "interestExpense": 13059000, "depreciationAndAmortization": 149474000, "ebitda": 190607000, "ebitdaratio": 0.0752480806, "operatingIncome": 35835000, "operatingIncomeRatio": 0.0141469881, "totalOtherIncomeExpensesNet": 273670000, "incomeBeforeTax": 305571000, "incomeBeforeTaxRatio": 0.1206337187, "incomeTaxExpense": 13200000, "netIncome": 246772000, "netIncomeRatio": 0.0974209727, "eps": 2.9, "epsdiluted": 2.9, "weightedAverageShsOut": 85132014, "weightedAverageShsOutDil": 85132267, "link": "https://www.sec.gov/Archives/edgar/data/891103/000089110319000006/0000891103-19-000006-index.htm", "finalLink": "https://www.sec.gov/Archives/edgar/data/891103/000089110319000006/iac-20181231x10k.htm", "calculatedOtherExpenses": 149474000, "calculatedOperatingExpenses": 1996061000, "calculatedNetInterest": -3934000, "calculatedOtherIncome": 273670000, "calculatedIncomeNonControlling": 45599000, "calculatedEbitda": 185309000}, {"date": "2017-12-31", "symbol": "IAC", "reportedCurrency": "USD", "cik": "0001800227", "fillingDate": "2018-03-01", "acceptedDate": "2018-03-01 16:31:10", "calendarYear": "2017", "period": "FY", "revenue": 3307239000, "costOfRevenue": 651008000, "grossProfit": 2656231000, "grossProfitRatio": 0.8031566512, "researchAndDevelopmentExpenses": 250879000, "generalAndAdministrativeExpenses": 719257000, "sellingAndMarketingExpenses": 1381221000, "sellingGeneralAndAdministrativeExpenses": 2100478000, "otherExpenses": -16213000, "operatingExpenses": 2467765000, "costAndExpenses": 3118773000, "interestIncome": 0, "interestExpense": 105295000, "depreciationAndAmortization": 116408000, "ebitda": 288661000, "ebitdaratio": 0.0872815663, "operatingIncome": 188466000, "operatingIncomeRatio": 0.0569859027, "totalOtherIncomeExpensesNet": -16213000, "incomeBeforeTax": 66958000, "incomeBeforeTaxRatio": 0.0202458909, "incomeTaxExpense": -291050000, "netIncome": 304924000, "netIncomeRatio": 0.0921989611, "eps": 3.58, "epsdiluted": 3.58, "weightedAverageShsOut": 85132267, "weightedAverageShsOutDil": 85132267, "link": "https://www.sec.gov/Archives/edgar/data/891103/000089110318000003/0000891103-18-000003-index.htm", "finalLink": "https://www.sec.gov/Archives/edgar/data/891103/000089110318000003/iac-20171231x10k.htm", "calculatedOtherExpenses": 116408000, "calculatedOperatingExpenses": 2467765000, "calculatedNetInterest": -105295000, "calculatedOtherIncome": -16213000, "calculatedIncomeNonControlling": 53084000, "calculatedEbitda": 304874000}, {"date": "2016-12-31", "symbol": "IAC", "reportedCurrency": "USD", "cik": "0001800227", "fillingDate": "2017-02-28", "acceptedDate": "2017-02-28 17:04:54", "calendarYear": "2016", "period": "FY", "revenue": 1745552000, "costOfRevenue": 383569000, "grossProfit": 1361983000, "grossProfitRatio": 0.7802591959, "researchAndDevelopmentExpenses": 128757000, "generalAndAdministrativeExpenses": 327429000, "sellingAndMarketingExpenses": 869703000, "sellingGeneralAndAdministrativeExpenses": 1197132000, "otherExpenses": 437169000, "operatingExpenses": 1670658999, "costAndExpenses": 2054227999, "interestIncome": 0, "interestExpense": 109110000, "depreciationAndAmortization": 93893000, "ebitda": 36094000, "ebitdaratio": 0.0206776997, "operatingIncome": -57799000, "operatingIncomeRatio": -0.0331121617, "totalOtherIncomeExpensesNet": -219198000, "incomeBeforeTax": -276997000, "incomeBeforeTaxRatio": -0.1586873379, "incomeTaxExpense": 89532000, "netIncome": -182935000, "netIncomeRatio": -0.104800659, "eps": -1.3, "epsdiluted": -1.3, "weightedAverageShsOut": 140388538, "weightedAverageShsOutDil": 140388538, "link": "https://www.sec.gov/Archives/edgar/data/891103/000089110317000003/0000891103-17-000003-index.htm", "finalLink": "https://www.sec.gov/Archives/edgar/data/891103/000089110317000003/iac-20161231x10k.htm", "calculatedOtherExpenses": 93893000, "calculatedOperatingExpenses": 1419782000, "calculatedNetInterest": -109110000, "calculatedOtherIncome": -110088000, "calculatedIncomeNonControlling": -183594000, "calculatedEbitda": 36094000}, {"date": "2015-12-31", "symbol": "IAC", "reportedCurrency": "USD", "cik": "0001800227", "fillingDate": "2016-02-29", "acceptedDate": "2016-02-29 16:42:21", "calendarYear": "2015", "period": "FY", "revenue": 3230933000, "costOfRevenue": 778161000, "grossProfit": 2452772000, "grossProfitRatio": 0.7591528515, "researchAndDevelopmentExpenses": 196623000, "generalAndAdministrativeExpenses": 514772000, "sellingAndMarketingExpenses": 1345576000, "sellingGeneralAndAdministrativeExpenses": 1860348000, "otherExpenses": 222913000, "operatingExpenses": 2279884000, "costAndExpenses": 3058045000, "interestIncome": 0, "interestExpense": 73636000, "depreciationAndAmortization": 202156999, "ebitda": 424781000, "ebitdaratio": 0.1314731689, "operatingIncome": 172888000, "operatingIncomeRatio": 0.0535102399, "totalOtherIncomeExpensesNet": -29998000, "incomeBeforeTax": 142890000, "incomeBeforeTaxRatio": 0.0442256153, "incomeTaxExpense": 29516000, "netIncome": 119472000, "netIncomeRatio": 0.0369775542, "eps": 0.85, "epsdiluted": 0.85, "weightedAverageShsOut": 140388538, "weightedAverageShsOutDil": 140388538, "link": "https://www.sec.gov/Archives/edgar/data/891103/000089110316000023/0000891103-16-000023-index.htm", "finalLink": "https://www.sec.gov/Archives/edgar/data/891103/000089110316000023/iac-20151231x10k.htm", "calculatedOtherExpenses": 222913000, "calculatedOperatingExpenses": 2279884000, "calculatedNetInterest": -73636000, "calculatedOtherIncome": 43638000, "calculatedIncomeNonControlling": -6098000, "calculatedEbitda": 375044999}, {"date": "2014-12-31", "symbol": "IAC", "reportedCurrency": "USD", "cik": "0001800227", "fillingDate": "2015-02-27", "acceptedDate": "2015-02-27 16:34:28", "calendarYear": "2014", "period": "FY", "revenue": 3109500000, "costOfRevenue": 860200000, "grossProfit": 2249300000, "grossProfitRatio": 0.7233638849, "researchAndDevelopmentExpenses": 160500000, "generalAndAdministrativeExpenses": 466563000, "sellingAndMarketingExpenses": 1124437000, "sellingGeneralAndAdministrativeExpenses": 1591000000, "otherExpenses": 185700000, "operatingExpenses": 1937200000, "costAndExpenses": 2797400000, "interestIncome": 0, "interestExpense": 56314000, "depreciationAndAmortization": 119100000, "ebitda": 625686000, "ebitdaratio": 0.2012175591, "operatingIncome": 312100000, "operatingIncomeRatio": 0.1003698344, "totalOtherIncomeExpensesNet": -42200000, "incomeBeforeTax": 269900000, "incomeBeforeTaxRatio": 0.0867985207, "incomeTaxExpense": 35372000, "netIncome": 414900000, "netIncomeRatio": 0.1334298119, "eps": 2.96, "epsdiluted": 2.96, "weightedAverageShsOut": 140388538, "weightedAverageShsOutDil": 140388538, "link": "https://www.sec.gov/Archives/edgar/data/891103/000089110315000004/0000891103-15-000004-index.htm", "finalLink": "https://www.sec.gov/Archives/edgar/data/891103/000089110315000004/iaci-20141231x10k.htm", "calculatedOtherExpenses": 185700000, "calculatedOperatingExpenses": 1937200000, "calculatedNetInterest": -56314000, "calculatedOtherIncome": 14114000, "calculatedIncomeNonControlling": -180372000, "calculatedEbitda": 431200000}, {"date": "2013-12-31", "symbol": "IAC", "reportedCurrency": "USD", "cik": "0001800227", "fillingDate": "2014-02-26", "acceptedDate": "2014-02-26 17:20:11", "calendarYear": "2013", "period": "FY", "revenue": 3023000000, "costOfRevenue": 977400000, "grossProfit": 2045600000, "grossProfitRatio": 0.6766787959, "researchAndDevelopmentExpenses": 139800000, "generalAndAdministrativeExpenses": 396769000, "sellingAndMarketingExpenses": 964131000, "sellingGeneralAndAdministrativeExpenses": 1360900000, "otherExpenses": 123999999, "operatingExpenses": 1624699999, "costAndExpenses": 2602100000, "interestIncome": 0, "interestExpense": 33596000, "depreciationAndAmortization": 118699999, "ebitda": 572598000, "ebitdaratio": 0.1894138273, "operatingIncome": 420900000, "operatingIncomeRatio": 0.1392325504, "totalOtherIncomeExpensesNet": -4600000, "incomeBeforeTax": 416300000, "incomeBeforeTaxRatio": 0.1377108832, "incomeTaxExpense": 134502000, "netIncome": 285800000, "netIncomeRatio": 0.0945418458, "eps": 2.04, "epsdiluted": 2.04, "weightedAverageShsOut": 140388538, "weightedAverageShsOutDil": 140388538, "link": "https://www.sec.gov/Archives/edgar/data/891103/000089110314000003/0000891103-14-000003-index.htm", "finalLink": "https://www.sec.gov/Archives/edgar/data/891103/000089110314000003/iaci-20131231x10k.htm", "calculatedOtherExpenses": 124000000, "calculatedOperatingExpenses": 1624700000, "calculatedNetInterest": -33596000, "calculatedOtherIncome": 28996000, "calculatedIncomeNonControlling": -4002000, "calculatedEbitda": 539599999}, {"date": "2012-12-31", "symbol": "IAC", "reportedCurrency": "USD", "cik": "0001800227", "fillingDate": "2013-03-01", "acceptedDate": "2013-03-01 08:16:02", "calendarYear": "2012", "period": "FY", "revenue": 2800900000, "costOfRevenue": 991700000, "grossProfit": 1809200000, "grossProfitRatio": 0.6459352351, "researchAndDevelopmentExpenses": 116500000, "generalAndAdministrativeExpenses": 382139000, "sellingAndMarketingExpenses": 898761000, "sellingGeneralAndAdministrativeExpenses": 1280900000, "otherExpenses": 97000000, "operatingExpenses": 1494400000, "costAndExpenses": 2486100000, "interestIncome": 0, "interestExpense": 6149000, "depreciationAndAmortization": 88300000, "ebitda": 372964000, "ebitdaratio": 0.1331586276, "operatingIncome": 314900000, "operatingIncomeRatio": 0.1124281481, "totalOtherIncomeExpensesNet": -25800000, "incomeBeforeTax": 289100000, "incomeBeforeTaxRatio": 0.1032168232, "incomeTaxExpense": 119215000, "netIncome": 159300000, "netIncomeRatio": 0.056874576, "eps": 1.13, "epsdiluted": 1.13, "weightedAverageShsOut": 140388538, "weightedAverageShsOutDil": 140388538, "link": "https://www.sec.gov/Archives/edgar/data/891103/000144530513000404/0001445305-13-000404-index.htm", "finalLink": "https://www.sec.gov/Archives/edgar/data/891103/000144530513000404/iaci-20121231x10k.htm", "calculatedOtherExpenses": 96900000, "calculatedOperatingExpenses": 1494300000, "calculatedNetInterest": -6149000, "calculatedOtherIncome": -19651000, "calculatedIncomeNonControlling": 10585000, "calculatedEbitda": 403200000}, {"date": "2011-12-31", "symbol": "IAC", "reportedCurrency": "USD", "cik": "0001800227", "fillingDate": "2012-02-29", "acceptedDate": "2012-02-29 16:11:26", "calendarYear": "2011", "period": "FY", "revenue": 2059400000, "costOfRevenue": 761200000, "grossProfit": 1298200000, "grossProfitRatio": 0.6303777799, "researchAndDevelopmentExpenses": 78800000, "generalAndAdministrativeExpenses": 328726000, "sellingAndMarketingExpenses": 614174000, "sellingGeneralAndAdministrativeExpenses": 942900000, "otherExpenses": 78800000, "operatingExpenses": 1100500000, "costAndExpenses": 1861700000, "interestIncome": 0, "interestExpense": 5430000, "depreciationAndAmortization": 78800000, "ebitda": 254383000, "ebitdaratio": 0.1235228707, "operatingIncome": 197800000, "operatingIncomeRatio": 0.0960473924, "totalOtherIncomeExpensesNet": -26300000, "incomeBeforeTax": 171500000, "incomeBeforeTaxRatio": 0.0832766825, "incomeTaxExpense": -4047000, "netIncome": 174200000, "netIncomeRatio": 0.084587744, "eps": 1.24, "epsdiluted": 1.24, "weightedAverageShsOut": 140388538, "weightedAverageShsOutDil": 140388538, "link": "https://www.sec.gov/Archives/edgar/data/891103/000104746912001904/0001047469-12-001904-index.htm", "finalLink": "https://www.sec.gov/Archives/edgar/data/891103/000104746912001904/a2207251z10-k.htm", "calculatedOtherExpenses": 78700000, "calculatedOperatingExpenses": 1100400000, "calculatedNetInterest": -5430000, "calculatedOtherIncome": -20870000, "calculatedIncomeNonControlling": 1347000, "calculatedEbitda": 276600000}, {"date": "2010-12-31", "symbol": "IAC", "reportedCurrency": "USD", "cik": "0001800227", "fillingDate": "2011-03-01", "acceptedDate": "2011-03-01 16:10:49", "calendarYear": "2010", "period": "FY", "revenue": 1636800000, "costOfRevenue": 593800000, "grossProfit": 1043000000, "grossProfitRatio": 0.6372189638, "researchAndDevelopmentExpenses": 65100000, "generalAndAdministrativeExpenses": 316494000, "sellingAndMarketingExpenses": 492206000, "sellingGeneralAndAdministrativeExpenses": 808700000, "otherExpenses": 127300000, "operatingExpenses": 1001100000, "costAndExpenses": 1594900000, "interestIncome": 0, "interestExpense": 5404000, "depreciationAndAmortization": 91400000, "ebitda": 228283000, "ebitdaratio": 0.139469086, "operatingIncome": 42000000, "operatingIncomeRatio": 0.025659824, "totalOtherIncomeExpensesNet": -19300000, "incomeBeforeTax": 22700000, "incomeBeforeTaxRatio": 0.0138685239, "incomeTaxExpense": 32079000, "netIncome": 99400000, "netIncomeRatio": 0.0607282502, "eps": 0.71, "epsdiluted": 0.71, "weightedAverageShsOut": 140388538, "weightedAverageShsOutDil": 140388538, "link": "https://www.sec.gov/Archives/edgar/data/891103/000104746911001622/0001047469-11-001622-index.htm", "finalLink": "https://www.sec.gov/Archives/edgar/data/891103/000104746911001622/a2201970z10-k.htm", "calculatedOtherExpenses": 127200000, "calculatedOperatingExpenses": 1001000000, "calculatedNetInterest": -5404000, "calculatedOtherIncome": -13896000, "calculatedIncomeNonControlling": -108779000, "calculatedEbitda": 133400000}, {"date": "2009-12-31", "symbol": "IAC", "reportedCurrency": "USD", "cik": "0001800227", "fillingDate": "2010-02-26", "acceptedDate": "2010-02-26 16:27:43", "calendarYear": "2009", "period": "FY", "revenue": 1346700000, "costOfRevenue": 429800000, "grossProfit": 916900000, "grossProfitRatio": 0.6808494839, "researchAndDevelopmentExpenses": 57800000, "generalAndAdministrativeExpenses": 287061000, "sellingAndMarketingExpenses": 474639000, "sellingGeneralAndAdministrativeExpenses": 761700000, "otherExpenses": 1198400000, "operatingExpenses": 2017900000, "costAndExpenses": 2447700000, "interestIncome": 0, "interestExpense": 5823000, "depreciationAndAmortization": 218400000, "ebitda": -756062000, "ebitdaratio": -0.5614182817, "operatingIncome": -1101000000, "operatingIncomeRatio": -0.8175540209, "totalOtherIncomeExpensesNet": 154000000, "incomeBeforeTax": -947000000, "incomeBeforeTaxRatio": -0.7032004158, "incomeTaxExpense": -1485000, "netIncome": -978800000, "netIncomeRatio": -0.7268136927, "eps": -6.97, "epsdiluted": -6.97, "weightedAverageShsOut": 140388538, "weightedAverageShsOutDil": 140388538, "link": "https://www.sec.gov/Archives/edgar/data/891103/000104746910001538/0001047469-10-001538-index.htm", "finalLink": "https://www.sec.gov/Archives/edgar/data/891103/000104746910001538/a2196498z10-k.htm", "calculatedOtherExpenses": 1198400000, "calculatedOperatingExpenses": 2017900000, "calculatedNetInterest": -5823000, "calculatedOtherIncome": 159823000, "calculatedIncomeNonControlling": 33285000, "calculatedEbitda": -882600000}, {"date": "2008-12-31", "symbol": "IAC", "reportedCurrency": "USD", "cik": "0001800227", "fillingDate": "2009-03-02", "acceptedDate": "2009-02-27 21:45:15", "calendarYear": "2008", "period": "FY", "revenue": 1410100000, "costOfRevenue": 457000000, "grossProfit": 953100000, "grossProfitRatio": 0.67590951, "researchAndDevelopmentExpenses": 63800000, "generalAndAdministrativeExpenses": 377868000, "sellingAndMarketingExpenses": 433332000, "sellingGeneralAndAdministrativeExpenses": 811200000, "otherExpenses": 359800000, "operatingExpenses": 1234800000, "costAndExpenses": 1691800000, "interestIncome": 0, "interestExpense": 32364000, "depreciationAndAmortization": 110800000, "ebitda": 24661000, "ebitdaratio": 0.0174888306, "operatingIncome": -281700000, "operatingIncomeRatio": -0.1997730657, "totalOtherIncomeExpensesNet": 392900000, "incomeBeforeTax": 111200000, "incomeBeforeTaxRatio": 0.0788596553, "incomeTaxExpense": 37697000, "netIncome": -156200000, "netIncomeRatio": -0.1107722857, "eps": -1.11, "epsdiluted": -1.11, "weightedAverageShsOut": 140388538, "weightedAverageShsOutDil": 140388538, "link": "https://www.sec.gov/Archives/edgar/data/891103/000104746909002040/0001047469-09-002040-index.htm", "finalLink": "https://www.sec.gov/Archives/edgar/data/891103/000104746909002040/a2190666z10-k.htm", "calculatedOtherExpenses": 359800000, "calculatedOperatingExpenses": 1234800000, "calculatedNetInterest": -32364000, "calculatedOtherIncome": 425264000, "calculatedIncomeNonControlling": 229703000, "calculatedEbitda": -170900000}, {"date": "2007-12-31", "symbol": "IAC", "reportedCurrency": "USD", "cik": "0001800227", "fillingDate": "2008-02-29", "acceptedDate": "2008-02-29 14:45:34", "calendarYear": "2007", "period": "FY", "revenue": 1332600000, "costOfRevenue": 521700000, "grossProfit": 810900000, "grossProfitRatio": 0.6085096803, "researchAndDevelopmentExpenses": 61200000, "generalAndAdministrativeExpenses": -611042000, "sellingAndMarketingExpenses": 1343542000, "sellingGeneralAndAdministrativeExpenses": 732500000, "otherExpenses": 90500000, "operatingExpenses": 884200000, "costAndExpenses": 1405900000, "interestIncome": 0, "interestExpense": 61069000, "depreciationAndAmortization": 95600000, "ebitda": -125483000, "ebitdaratio": -0.0941640402, "operatingIncome": -73300000, "operatingIncomeRatio": -0.0550052529, "totalOtherIncomeExpensesNet": 69200000, "incomeBeforeTax": -4100000, "incomeBeforeTaxRatio": -0.0030766922, "incomeTaxExpense": -138052000, "netIncome": -144100000, "netIncomeRatio": -0.108134474, "eps": -1.03, "epsdiluted": -1.03, "weightedAverageShsOut": 140388538, "weightedAverageShsOutDil": 140388538, "link": "https://www.sec.gov/Archives/edgar/data/891103/000104746908002034/0001047469-08-002034-index.htm", "finalLink": "https://www.sec.gov/Archives/edgar/data/891103/000104746908002034/a2182953z10-k.htm", "calculatedOtherExpenses": 90500000, "calculatedOperatingExpenses": 884200000, "calculatedNetInterest": -61069000, "calculatedOtherIncome": 130269000, "calculatedIncomeNonControlling": 278052000, "calculatedEbitda": 22300000}, {"date": "2006-12-31", "symbol": "IAC", "reportedCurrency": "USD", "cik": "0001800227", "fillingDate": "2007-03-01", "acceptedDate": "2007-03-01 16:58:45", "calendarYear": "2006", "period": "FY", "revenue": 1000600000, "costOfRevenue": 369100000, "grossProfit": 631500000, "grossProfitRatio": 0.6311213272, "researchAndDevelopmentExpenses": 37700000, "generalAndAdministrativeExpenses": -701910000, "sellingAndMarketingExpenses": 1311910000, "sellingGeneralAndAdministrativeExpenses": 610000000, "otherExpenses": 95100000, "operatingExpenses": 742800000, "costAndExpenses": 1111900000, "interestIncome": 0, "interestExpense": 60288000, "depreciationAndAmortization": 95100000, "ebitda": 217351000, "ebitdaratio": 0.2172206676, "operatingIncome": -111300000, "operatingIncomeRatio": -0.11123326, "totalOtherIncomeExpensesNet": 35400000, "incomeBeforeTax": -75900000, "incomeBeforeTaxRatio": -0.0758544873, "incomeTaxExpense": -125137000, "netIncome": 187100000, "netIncomeRatio": 0.1869878073, "eps": 1.33, "epsdiluted": 1.33, "weightedAverageShsOut": 140388538, "weightedAverageShsOutDil": 140388538, "link": "https://www.sec.gov/Archives/edgar/data/891103/000104746907001535/0001047469-07-001535-index.htm", "finalLink": "https://www.sec.gov/Archives/edgar/data/891103/000104746907001535/a2176367z10-k.htm", "calculatedOtherExpenses": 95100000, "calculatedOperatingExpenses": 742800000, "calculatedNetInterest": -60288000, "calculatedOtherIncome": 95688000, "calculatedIncomeNonControlling": -137863000, "calculatedEbitda": -16200000}, {"date": "2005-12-31", "symbol": "IAC", "reportedCurrency": "USD", "cik": "0001800227", "fillingDate": "2006-03-13", "acceptedDate": "2006-03-13 14:42:58", "calendarYear": "2005", "period": "FY", "revenue": 5024600000, "costOfRevenue": 2607400000, "grossProfit": 2417200000, "grossProfitRatio": 0.4810731202, "researchAndDevelopmentExpenses": 0, "generalAndAdministrativeExpenses": 742238000, "sellingAndMarketingExpenses": 948762000, "sellingGeneralAndAdministrativeExpenses": 1691000000, "otherExpenses": 399999999, "operatingExpenses": 2090999999, "costAndExpenses": 4698399999, "interestIncome": 0, "interestExpense": 77674000, "depreciationAndAmortization": 312200000, "ebitda": 868505000, "ebitdaratio": 0.1728505752, "operatingIncome": 326300000, "operatingIncomeRatio": 0.0649404928, "totalOtherIncomeExpensesNet": 619900000, "incomeBeforeTax": 946200000, "incomeBeforeTaxRatio": 0.1883134976, "incomeTaxExpense": -391069000, "netIncome": 869700000, "netIncomeRatio": 0.173088405, "eps": 6.19, "epsdiluted": 6.19, "weightedAverageShsOut": 140388538, "weightedAverageShsOutDil": 140388538, "link": "https://www.sec.gov/Archives/edgar/data/891103/000104746906003277/0001047469-06-003277-index.htm", "finalLink": "https://www.sec.gov/Archives/edgar/data/891103/000104746906003277/a2168042z10-k.htm", "calculatedOtherExpenses": 399900000, "calculatedOperatingExpenses": 2090900000, "calculatedNetInterest": -77674000, "calculatedOtherIncome": 697574000, "calculatedIncomeNonControlling": 467569000, "calculatedEbitda": 638500000}, {"date": "2004-12-31", "symbol": "IAC", "reportedCurrency": "USD", "cik": "0001800227", "fillingDate": "2005-03-16", "acceptedDate": "2005-03-16 15:46:56", "calendarYear": "2004", "period": "FY", "revenue": 3911100000, "costOfRevenue": 2173900000, "grossProfit": 1737200000, "grossProfitRatio": 0.4441717164, "researchAndDevelopmentExpenses": 0, "generalAndAdministrativeExpenses": -24570000, "sellingAndMarketingExpenses": 1203370000, "sellingGeneralAndAdministrativeExpenses": 1178800000, "otherExpenses": 397700000, "operatingExpenses": 1576500000, "costAndExpenses": 3750400000, "interestIncome": 0, "interestExpense": 87388000, "depreciationAndAmortization": 312200000, "ebitda": 385302000, "ebitdaratio": 0.0985149958, "operatingIncome": 160600000, "operatingIncomeRatio": 0.0410626167, "totalOtherIncomeExpensesNet": 152500000, "incomeBeforeTax": 313100000, "incomeBeforeTaxRatio": 0.0800542047, "incomeTaxExpense": -179186000, "netIncome": 164900000, "netIncomeRatio": 0.0421620516, "eps": 1.17, "epsdiluted": 1.17, "weightedAverageShsOut": 140388538, "weightedAverageShsOutDil": 140388538, "link": "https://www.sec.gov/Archives/edgar/data/891103/000104746905006738/0001047469-05-006738-index.htm", "finalLink": "https://www.sec.gov/Archives/edgar/data/891103/000104746905006738/a2153253z10-k.htm", "calculatedOtherExpenses": 397800000, "calculatedOperatingExpenses": 1576600000, "calculatedNetInterest": -87388000, "calculatedOtherIncome": 239888000, "calculatedIncomeNonControlling": 327386000, "calculatedEbitda": 472800000}, {"date": "2003-12-31", "symbol": "IAC", "reportedCurrency": "USD", "cik": "0001800227", "fillingDate": "2004-03-15", "acceptedDate": "2004-03-15 19:59:52", "calendarYear": "2003", "period": "FY", "revenue": 3823500000, "costOfRevenue": 2248400000, "grossProfit": 1575100000, "grossProfitRatio": 0.4119523996, "researchAndDevelopmentExpenses": 0, "generalAndAdministrativeExpenses": 40480000, "sellingAndMarketingExpenses": 935820000, "sellingGeneralAndAdministrativeExpenses": 976300000, "otherExpenses": 460499999, "operatingExpenses": 1436799999, "costAndExpenses": 3685199999, "interestIncome": 0, "interestExpense": 92913000, "depreciationAndAmortization": 336800000, "ebitda": 526422000, "ebitdaratio": 0.1376806591, "operatingIncome": 138300000, "operatingIncomeRatio": 0.0361710475, "totalOtherIncomeExpensesNet": -145900000, "incomeBeforeTax": -7600000, "incomeBeforeTaxRatio": -0.0019877076, "incomeTaxExpense": -70691000, "netIncome": 167400000, "netIncomeRatio": 0.0437818752, "eps": 1.19, "epsdiluted": 1.19, "weightedAverageShsOut": 140388538, "weightedAverageShsOutDil": 140388538, "link": "https://www.sec.gov/Archives/edgar/data/891103/000104746904008077/0001047469-04-008077-index.htm", "finalLink": "https://www.sec.gov/Archives/edgar/data/891103/000104746904008077/a2131189z10-k.htm", "calculatedOtherExpenses": 460500000, "calculatedOperatingExpenses": 1436800000, "calculatedNetInterest": -92913000, "calculatedOtherIncome": -52987000, "calculatedIncomeNonControlling": -104309000, "calculatedEbitda": 475100000}, {"date": "2002-12-31", "symbol": "IAC", "reportedCurrency": "USD", "cik": "0001800227", "fillingDate": "2003-03-31", "acceptedDate": "2003-03-28 20:14:49", "calendarYear": "2002", "period": "FY", "revenue": 3029400000, "costOfRevenue": 1928900000, "grossProfit": 1100500000, "grossProfitRatio": 0.3632732554, "researchAndDevelopmentExpenses": 0, "generalAndAdministrativeExpenses": 96727000, "sellingAndMarketingExpenses": 580173000, "sellingGeneralAndAdministrativeExpenses": 676900000, "otherExpenses": 460100000, "operatingExpenses": 1137000000, "costAndExpenses": 3065900000, "interestIncome": 0, "interestExpense": 44755000, "depreciationAndAmortization": 253700000, "ebitda": 2245983000, "ebitdaratio": 0.7413953258, "operatingIncome": -36600000, "operatingIncomeRatio": -0.0120816003, "totalOtherIncomeExpensesNet": -49100000, "incomeBeforeTax": -85700000, "incomeBeforeTaxRatio": -0.0282894303, "incomeTaxExpense": -5572000, "netIncome": 1953100000, "netIncomeRatio": 0.6447151251, "eps": 20.89, "epsdiluted": 20.89, "weightedAverageShsOut": 93500000, "weightedAverageShsOutDil": 93500000, "link": "https://www.sec.gov/Archives/edgar/data/891103/000104746903011015/0001047469-03-011015-index.htm", "finalLink": "https://www.sec.gov/Archives/edgar/data/891103/000104746903011015/a2104835z10-k.htm", "calculatedOtherExpenses": 460200000, "calculatedOperatingExpenses": 1137100000, "calculatedNetInterest": -44755000, "calculatedOtherIncome": -4345000, "calculatedIncomeNonControlling": -2033228000, "calculatedEbitda": 217100000}, {"date": "2001-12-31", "symbol": "IAC", "reportedCurrency": "USD", "cik": "0001800227", "fillingDate": "2001-12-31", "acceptedDate": "2001-12-30 19:00:00", "calendarYear": "2001", "period": "FY", "revenue": 3434600000, "costOfRevenue": 2305400000, "grossProfit": 1129200000, "grossProfitRatio": 0.3287719094, "researchAndDevelopmentExpenses": 0, "generalAndAdministrativeExpenses": 723700000, "sellingAndMarketingExpenses": 0, "sellingGeneralAndAdministrativeExpenses": 723700000, "otherExpenses": 545800000, "operatingExpenses": 1269500000, "costAndExpenses": 3574900000, "interestIncome": 0, "interestExpense": -69100000, "depreciationAndAmortization": 416700000, "ebitda": 740400000, "ebitdaratio": 0.2155709544, "operatingIncome": -140300000, "operatingIncomeRatio": -0.0408490072, "totalOtherIncomeExpensesNet": -69200000, "incomeBeforeTax": -209500000, "incomeBeforeTaxRatio": -0.0609969138, "incomeTaxExpense": 9200000, "netIncome": 383600000, "netIncomeRatio": 0.1116869504, "eps": 4.1, "epsdiluted": 4.1, "weightedAverageShsOut": 93500000, "weightedAverageShsOutDil": 93500000, "link": "", "finalLink": "", "calculatedOtherExpenses": 545800000, "calculatedOperatingExpenses": 1269500000, "calculatedNetInterest": 69100000, "calculatedOtherIncome": -138300000, "calculatedIncomeNonControlling": -602300000, "calculatedEbitda": 276400000}, {"date": "2000-12-31", "symbol": "IAC", "reportedCurrency": "USD", "cik": "0001800227", "fillingDate": "2000-12-31", "acceptedDate": "2000-12-30 19:00:00", "calendarYear": "2000", "period": "FY", "revenue": 2964600000, "costOfRevenue": 1977000000, "grossProfit": 987600000, "grossProfitRatio": 0.3331309452, "researchAndDevelopmentExpenses": 0, "generalAndAdministrativeExpenses": 665800000, "sellingAndMarketingExpenses": 0, "sellingGeneralAndAdministrativeExpenses": 665800000, "otherExpenses": 671600000, "operatingExpenses": 1337400000, "costAndExpenses": 3314400000, "interestIncome": 0, "interestExpense": -66700000, "depreciationAndAmortization": 420100000, "ebitda": 249300000, "ebitdaratio": 0.084092289, "operatingIncome": -349700000, "operatingIncomeRatio": -0.1179585779, "totalOtherIncomeExpensesNet": 41600000, "incomeBeforeTax": -308100000, "incomeBeforeTaxRatio": -0.1039263307, "incomeTaxExpense": 43900000, "netIncome": -148000000, "netIncomeRatio": -0.0499224179, "eps": -1.65, "epsdiluted": -1.65, "weightedAverageShsOut": 89900000, "weightedAverageShsOutDil": 89900000, "link": "", "finalLink": "", "calculatedOtherExpenses": 671500000, "calculatedOperatingExpenses": 1337300000, "calculatedNetInterest": 66700000, "calculatedOtherIncome": -25100000, "calculatedIncomeNonControlling": -204000000, "calculatedEbitda": 70400000}, {"date": "1999-12-31", "symbol": "IAC", "reportedCurrency": "USD", "cik": "0001800227", "fillingDate": "1999-12-31", "acceptedDate": "1999-12-30 19:00:00", "calendarYear": "1999", "period": "FY", "revenue": 3371700000, "costOfRevenue": 1995900000, "grossProfit": 1375800000, "grossProfitRatio": 0.4080434202, "researchAndDevelopmentExpenses": 0, "generalAndAdministrativeExpenses": 688300000, "sellingAndMarketingExpenses": 0, "sellingGeneralAndAdministrativeExpenses": 688300000, "otherExpenses": 417600000, "operatingExpenses": 1105900000, "costAndExpenses": 3101800000, "interestIncome": 0, "interestExpense": 41200000, "depreciationAndAmortization": 893600000, "ebitda": 1010300000, "ebitdaratio": 0.2996411306, "operatingIncome": 269900000, "operatingIncomeRatio": 0.0800486402, "totalOtherIncomeExpensesNet": 47000000, "incomeBeforeTax": 316900000, "incomeBeforeTaxRatio": 0.0939881959, "incomeTaxExpense": 103100000, "netIncome": -27600000, "netIncomeRatio": -0.0081857817, "eps": -0.3, "epsdiluted": -0.3, "weightedAverageShsOut": 92000000, "weightedAverageShsOutDil": 92000000, "link": "", "finalLink": "", "calculatedOtherExpenses": 417600000, "calculatedOperatingExpenses": 1105900000, "calculatedNetInterest": -41200000, "calculatedOtherIncome": 88200000, "calculatedIncomeNonControlling": 241400000, "calculatedEbitda": 1163500000}, {"date": "1998-12-31", "symbol": "IAC", "reportedCurrency": "USD", "cik": "0001800227", "fillingDate": "1998-12-31", "acceptedDate": "1998-12-30 19:00:00", "calendarYear": "1998", "period": "FY", "revenue": 2759900000, "costOfRevenue": 1644000000, "grossProfit": 1115900000, "grossProfitRatio": 0.4043262437, "researchAndDevelopmentExpenses": 0, "generalAndAdministrativeExpenses": 555600000, "sellingAndMarketingExpenses": 0, "sellingGeneralAndAdministrativeExpenses": 555600000, "otherExpenses": 310400000, "operatingExpenses": 866000000, "costAndExpenses": 2510000000, "interestIncome": 0, "interestExpense": -103800000, "depreciationAndAmortization": 724100000, "ebitda": 795800000, "ebitdaratio": 0.2883437806, "operatingIncome": 249900000, "operatingIncomeRatio": 0.0905467589, "totalOtherIncomeExpensesNet": -8100000, "incomeBeforeTax": 241800000, "incomeBeforeTaxRatio": 0.08761187, "incomeTaxExpense": 98600000, "netIncome": 76900000, "netIncomeRatio": 0.0278633284, "eps": 0.52, "epsdiluted": 0.52, "weightedAverageShsOut": 148500000, "weightedAverageShsOutDil": 148500000, "link": "", "finalLink": "", "calculatedOtherExpenses": 310400000, "calculatedOperatingExpenses": 866000000, "calculatedNetInterest": 103800000, "calculatedOtherIncome": -111900000, "calculatedIncomeNonControlling": 66300000, "calculatedEbitda": 974000000}, {"date": "1997-12-31", "symbol": "IAC", "reportedCurrency": "USD", "cik": "0001800227", "fillingDate": "1997-12-31", "acceptedDate": "1997-12-30 19:00:00", "calendarYear": "1997", "period": "FY", "revenue": 1261800000, "costOfRevenue": 645300000, "grossProfit": 616500000, "grossProfitRatio": 0.4885877318, "researchAndDevelopmentExpenses": 0, "generalAndAdministrativeExpenses": 347100000, "sellingAndMarketingExpenses": 0, "sellingGeneralAndAdministrativeExpenses": 347100000, "otherExpenses": 174800000, "operatingExpenses": 521900000, "costAndExpenses": 1167200000, "interestIncome": 0, "interestExpense": -26300000, "depreciationAndAmortization": 77700000, "ebitda": 105600000, "ebitdaratio": 0.0836899667, "operatingIncome": 94500000, "operatingIncomeRatio": 0.07489301, "totalOtherIncomeExpensesNet": -38000000, "incomeBeforeTax": 56500000, "incomeBeforeTaxRatio": 0.0447773023, "incomeTaxExpense": 41100000, "netIncome": 13100000, "netIncomeRatio": 0.010381994, "eps": 0.23, "epsdiluted": 0.23, "weightedAverageShsOut": 56100000, "weightedAverageShsOutDil": 56100000, "link": "", "finalLink": "", "calculatedOtherExpenses": 174900000, "calculatedOperatingExpenses": 522000000, "calculatedNetInterest": 26300000, "calculatedOtherIncome": -64300000, "calculatedIncomeNonControlling": 2300000, "calculatedEbitda": 172200000}, {"date": "1996-12-31", "symbol": "IAC", "reportedCurrency": "USD", "cik": "0001800227", "fillingDate": "1996-12-31", "acceptedDate": "1996-12-30 19:00:00", "calendarYear": "1996", "period": "FY", "revenue": 75100000, "costOfRevenue": 21000000, "grossProfit": 54100000, "grossProfitRatio": 0.7203728362, "researchAndDevelopmentExpenses": 0, "generalAndAdministrativeExpenses": 33200000, "sellingAndMarketingExpenses": 0, "sellingGeneralAndAdministrativeExpenses": 33200000, "otherExpenses": 17399999, "operatingExpenses": 50599999, "costAndExpenses": 71600000, "interestIncome": 0, "interestExpense": -8600000, "depreciationAndAmortization": 18700000, "ebitda": 5500000, "ebitdaratio": 0.0732356858, "operatingIncome": 3600000, "operatingIncomeRatio": 0.0479360852, "totalOtherIncomeExpensesNet": -8500000, "incomeBeforeTax": -4900000, "incomeBeforeTaxRatio": -0.0652463382, "incomeTaxExpense": 1900000, "netIncome": -6500000, "netIncomeRatio": -0.086551265, "eps": -0.6, "epsdiluted": -0.6, "weightedAverageShsOut": 10800000, "weightedAverageShsOutDil": 10800000, "link": "", "finalLink": "", "calculatedOtherExpenses": 17300000, "calculatedOperatingExpenses": 50500000, "calculatedNetInterest": 8600000, "calculatedOtherIncome": -17100000, "calculatedIncomeNonControlling": -300000, "calculatedEbitda": 22300000}]}