{"originalCurrency": "USD", "convertedCurrency": "USD", "report": [{"date": "2023-12-31", "symbol": "IAG", "reportedCurrency": "USD", "cik": "0001203464", "fillingDate": "2023-12-31", "acceptedDate": "2023-12-29 19:00:00", "calendarYear": "2023", "period": "FY", "revenue": 1006322417, "costOfRevenue": 923735139, "grossProfit": 82587278, "grossProfitRatio": 0.0820684073, "researchAndDevelopmentExpenses": 0, "generalAndAdministrativeExpenses": 47400000, "sellingAndMarketingExpenses": 869259, "sellingGeneralAndAdministrativeExpenses": 48269259, "otherExpenses": -9877883, "operatingExpenses": 58147143, "costAndExpenses": 981882285, "interestIncome": 28309819, "interestExpense": 131874876, "depreciationAndAmortization": 226478552, "ebitda": 250918685, "ebitdaratio": 0.2493422394, "operatingIncome": 24440133, "operatingIncomeRatio": 0.0242865831, "totalOtherIncomeExpensesNet": 106110902, "incomeBeforeTax": 130551036, "incomeBeforeTaxRatio": 0.1297308236, "incomeTaxExpense": 31263001, "netIncome": 94300000, "netIncomeRatio": 0.0937075418, "eps": 0.22, "epsdiluted": 0.21, "weightedAverageShsOut": 480600000, "weightedAverageShsOutDil": 484600000, "link": null, "finalLink": null, "calculatedOtherExpenses": 9877886, "calculatedOperatingExpenses": 58147145, "calculatedNetInterest": -103565057, "calculatedOtherIncome": 209675960, "calculatedIncomeNonControlling": 4988035, "calculatedEbitda": 250918685}, {"date": "2022-12-31", "symbol": "IAG", "reportedCurrency": "USD", "cik": "0001203464", "fillingDate": "2022-12-31", "acceptedDate": "2022-12-31 00:00:00", "calendarYear": "2022", "period": "FY", "revenue": 958800000, "costOfRevenue": 810900000, "grossProfit": 147900000, "grossProfitRatio": 0.1542553191, "researchAndDevelopmentExpenses": 0, "generalAndAdministrativeExpenses": 51100000, "sellingAndMarketingExpenses": 0, "sellingGeneralAndAdministrativeExpenses": 51100000, "otherExpenses": 31500000, "operatingExpenses": 82600000, "costAndExpenses": 893500000, "interestIncome": 8500000, "interestExpense": -100000, "depreciationAndAmortization": 242000000, "ebitda": 300800000, "ebitdaratio": 0.3137254902, "operatingIncome": 58800000, "operatingIncomeRatio": 0.0613266583, "totalOtherIncomeExpensesNet": -17100000, "incomeBeforeTax": 41700000, "incomeBeforeTaxRatio": 0.0434918648, "incomeTaxExpense": 78100000, "netIncome": -36400000, "netIncomeRatio": -0.0379641218, "eps": -0.0761, "epsdiluted": -0.0761, "weightedAverageShsOut": 478600000, "weightedAverageShsOutDil": 478600000, "link": null, "finalLink": null, "calculatedOtherExpenses": 38000000, "calculatedOperatingExpenses": 89100000, "calculatedNetInterest": 8600000, "calculatedOtherIncome": -25700000, "calculatedIncomeNonControlling": 0, "calculatedEbitda": 300800000}, {"date": "2021-12-31", "symbol": "IAG", "reportedCurrency": "USD", "cik": "0001203464", "fillingDate": "2021-12-31", "acceptedDate": "2021-12-31 00:00:00", "calendarYear": "2021", "period": "FY", "revenue": 1151700000, "costOfRevenue": 1149000000, "grossProfit": 2700000, "grossProfitRatio": 0.0023443605, "researchAndDevelopmentExpenses": 0, "generalAndAdministrativeExpenses": 42000000, "sellingAndMarketingExpenses": 0, "sellingGeneralAndAdministrativeExpenses": 42000000, "otherExpenses": 130100000, "operatingExpenses": 172100000, "costAndExpenses": 1321100000, "interestIncome": 66700000, "interestExpense": 5200000, "depreciationAndAmortization": 349100000, "ebitda": 245800000, "ebitdaratio": 0.2134236346, "operatingIncome": -103300000, "operatingIncomeRatio": -0.0896934966, "totalOtherIncomeExpensesNet": -216300000, "incomeBeforeTax": -319600000, "incomeBeforeTaxRatio": -0.2775028219, "incomeTaxExpense": -64500000, "netIncome": -255100000, "netIncomeRatio": -0.2214986542, "eps": -0.54, "epsdiluted": -0.54, "weightedAverageShsOut": 476500000, "weightedAverageShsOutDil": 476500000, "link": null, "finalLink": null, "calculatedOtherExpenses": 64000000, "calculatedOperatingExpenses": 106000000, "calculatedNetInterest": 61500000, "calculatedOtherIncome": -277800000, "calculatedIncomeNonControlling": 0, "calculatedEbitda": 245800000}, {"date": "2020-12-31", "symbol": "IAG", "reportedCurrency": "USD", "cik": "0001203464", "fillingDate": "2020-12-31", "acceptedDate": "2020-12-31 00:00:00", "calendarYear": "2020", "period": "FY", "revenue": 1241700000, "costOfRevenue": 991400000, "grossProfit": 250300000, "grossProfitRatio": 0.2015784811, "researchAndDevelopmentExpenses": 0, "generalAndAdministrativeExpenses": 46800000, "sellingAndMarketingExpenses": 0, "sellingGeneralAndAdministrativeExpenses": 46800000, "otherExpenses": 27900000, "operatingExpenses": 74700000, "costAndExpenses": 1066100000, "interestIncome": -23900000, "interestExpense": 23300000, "depreciationAndAmortization": 268000000, "ebitda": 342100000, "ebitdaratio": 0.2755093823, "operatingIncome": 74100000, "operatingIncomeRatio": 0.0596762503, "totalOtherIncomeExpensesNet": 24700000, "incomeBeforeTax": 98800000, "incomeBeforeTaxRatio": 0.0795683337, "incomeTaxExpense": 44100000, "netIncome": 42600000, "netIncomeRatio": 0.0343078038, "eps": 0.0858, "epsdiluted": 0.0848, "weightedAverageShsOut": 472600000, "weightedAverageShsOutDil": 478000000, "link": null, "finalLink": null, "calculatedOtherExpenses": 129400000, "calculatedOperatingExpenses": 176200000, "calculatedNetInterest": -47200000, "calculatedOtherIncome": 71900000, "calculatedIncomeNonControlling": 12100000, "calculatedEbitda": 342100000}, {"date": "2019-12-31", "symbol": "IAG", "reportedCurrency": "USD", "cik": "0001203464", "fillingDate": "2019-12-31", "acceptedDate": "2019-12-31 00:00:00", "calendarYear": "2019", "period": "FY", "revenue": 1065300000, "costOfRevenue": 995700000, "grossProfit": 69600000, "grossProfitRatio": 0.0653337088, "researchAndDevelopmentExpenses": 0, "generalAndAdministrativeExpenses": 42000000, "sellingAndMarketingExpenses": 0, "sellingGeneralAndAdministrativeExpenses": 42000000, "otherExpenses": 77900000, "operatingExpenses": 119900000, "costAndExpenses": 1115600000, "interestIncome": 29100000, "interestExpense": 14400000, "depreciationAndAmortization": 276600000, "ebitda": 254000000, "ebitdaratio": 0.2384304891, "operatingIncome": -22600000, "operatingIncomeRatio": -0.0212146813, "totalOtherIncomeExpensesNet": -305700000, "incomeBeforeTax": -328300000, "incomeBeforeTaxRatio": -0.3081761006, "incomeTaxExpense": 30400000, "netIncome": -358700000, "netIncomeRatio": -0.3367126631, "eps": -0.77, "epsdiluted": -0.77, "weightedAverageShsOut": 468000000, "weightedAverageShsOutDil": 468000000, "link": null, "finalLink": null, "calculatedOtherExpenses": 50200000, "calculatedOperatingExpenses": 92200000, "calculatedNetInterest": 14700000, "calculatedOtherIncome": -320400000, "calculatedIncomeNonControlling": 0, "calculatedEbitda": 254000000}, {"date": "2018-12-31", "symbol": "IAG", "reportedCurrency": "USD", "cik": "0001203464", "fillingDate": "2018-12-31", "acceptedDate": "2018-12-31 00:00:00", "calendarYear": "2018", "period": "FY", "revenue": 1111000000, "costOfRevenue": 974100000, "grossProfit": 136900000, "grossProfitRatio": 0.1232223222, "researchAndDevelopmentExpenses": 0, "generalAndAdministrativeExpenses": 41700000, "sellingAndMarketingExpenses": 0, "sellingGeneralAndAdministrativeExpenses": 41700000, "otherExpenses": 52300000, "operatingExpenses": 94000000, "costAndExpenses": 1068100000, "interestIncome": 13300000, "interestExpense": 2700000, "depreciationAndAmortization": 266200000, "ebitda": 328900000, "ebitdaratio": 0.296039604, "operatingIncome": 34100000, "operatingIncomeRatio": 0.0306930693, "totalOtherIncomeExpensesNet": -29100000, "incomeBeforeTax": 18300000, "incomeBeforeTaxRatio": 0.0164716472, "incomeTaxExpense": 38000000, "netIncome": -28200000, "netIncomeRatio": -0.0253825383, "eps": -0.0605, "epsdiluted": -0.0605, "weightedAverageShsOut": 466500000, "weightedAverageShsOutDil": 466500000, "link": null, "finalLink": null, "calculatedOtherExpenses": 61100000, "calculatedOperatingExpenses": 102800000, "calculatedNetInterest": 10600000, "calculatedOtherIncome": -26400000, "calculatedIncomeNonControlling": 8500000, "calculatedEbitda": 300300000}, {"date": "2017-12-31", "symbol": "IAG", "reportedCurrency": "USD", "cik": "0001203464", "fillingDate": "2017-12-31", "acceptedDate": "2017-12-31 00:00:00", "calendarYear": "2017", "period": "FY", "revenue": 1094900000, "costOfRevenue": 942000000, "grossProfit": 152900000, "grossProfitRatio": 0.1396474564, "researchAndDevelopmentExpenses": 0, "generalAndAdministrativeExpenses": 40300000, "sellingAndMarketingExpenses": 0, "sellingGeneralAndAdministrativeExpenses": 40300000, "otherExpenses": -18300000, "operatingExpenses": 78700000, "costAndExpenses": 1020700000, "interestIncome": 16700000, "interestExpense": 10900000, "depreciationAndAmortization": 266000000, "ebitda": 353600000, "ebitdaratio": 0.3229518678, "operatingIncome": 580000000, "operatingIncomeRatio": 0.5297287424, "totalOtherIncomeExpensesNet": 528100000, "incomeBeforeTax": 608100000, "incomeBeforeTaxRatio": 0.5553931866, "incomeTaxExpense": 97600000, "netIncome": 501600000, "netIncomeRatio": 0.4581240296, "eps": 1.08, "epsdiluted": 1.07, "weightedAverageShsOut": 463000000, "weightedAverageShsOutDil": 467500000, "link": null, "finalLink": null, "calculatedOtherExpenses": -467400000, "calculatedOperatingExpenses": -427100000, "calculatedNetInterest": 5800000, "calculatedOtherIncome": 22300000, "calculatedIncomeNonControlling": 8900000, "calculatedEbitda": 846000000}, {"date": "2016-12-31", "symbol": "IAG", "reportedCurrency": "USD", "cik": "0001203464", "fillingDate": "2016-12-31", "acceptedDate": "2016-12-31 00:00:00", "calendarYear": "2016", "period": "FY", "revenue": 987100000, "costOfRevenue": 884900000, "grossProfit": 102200000, "grossProfitRatio": 0.1035356094, "researchAndDevelopmentExpenses": 0, "generalAndAdministrativeExpenses": 38800000, "sellingAndMarketingExpenses": 0, "sellingGeneralAndAdministrativeExpenses": 38800000, "otherExpenses": 800000, "operatingExpenses": 70500000, "costAndExpenses": 955400000, "interestIncome": 87000000, "interestExpense": 25200000, "depreciationAndAmortization": 263500000, "ebitda": 125600000, "ebitdaratio": 0.1272414142, "operatingIncome": 32500000, "operatingIncomeRatio": 0.032924729, "totalOtherIncomeExpensesNet": 1700000, "incomeBeforeTax": 95200000, "incomeBeforeTaxRatio": 0.0964441293, "incomeTaxExpense": 33400000, "netIncome": 52600000, "netIncomeRatio": 0.0532874076, "eps": 0.13, "epsdiluted": 0.12, "weightedAverageShsOut": 420800000, "weightedAverageShsOutDil": 423900000, "link": null, "finalLink": null, "calculatedOtherExpenses": 30900000, "calculatedOperatingExpenses": 69700000, "calculatedNetInterest": 61800000, "calculatedOtherIncome": 900000, "calculatedIncomeNonControlling": 9200000, "calculatedEbitda": 296000000}, {"date": "2015-12-31", "symbol": "IAG", "reportedCurrency": "USD", "cik": "0001203464", "fillingDate": "2015-12-31", "acceptedDate": "2015-12-31 00:00:00", "calendarYear": "2015", "period": "FY", "revenue": 917000000, "costOfRevenue": 971600000, "grossProfit": -54600000, "grossProfitRatio": -0.0595419847, "researchAndDevelopmentExpenses": 0, "generalAndAdministrativeExpenses": 32600000, "sellingAndMarketingExpenses": 0, "sellingGeneralAndAdministrativeExpenses": 32600000, "otherExpenses": 42500000, "operatingExpenses": 75100000, "costAndExpenses": 1046700000, "interestIncome": 2400000, "interestExpense": 33500000, "depreciationAndAmortization": 264200000, "ebitda": 145800000, "ebitdaratio": 0.1589967285, "operatingIncome": -762000000, "operatingIncomeRatio": -0.8309705562, "totalOtherIncomeExpensesNet": -618200000, "incomeBeforeTax": -783800000, "incomeBeforeTaxRatio": -0.8547437296, "incomeTaxExpense": 11500000, "netIncome": -755300000, "netIncomeRatio": -0.8236641221, "eps": -1.94, "epsdiluted": -1.94, "weightedAverageShsOut": 389900000, "weightedAverageShsOutDil": 389900000, "link": null, "finalLink": null, "calculatedOtherExpenses": 674800000, "calculatedOperatingExpenses": 707400000, "calculatedNetInterest": -31100000, "calculatedOtherIncome": 9300000, "calculatedIncomeNonControlling": -40000000, "calculatedEbitda": -497800000}, {"date": "2014-12-31", "symbol": "IAG", "reportedCurrency": "USD", "cik": "0001203464", "fillingDate": "2014-12-31", "acceptedDate": "2014-12-31 00:00:00", "calendarYear": "2014", "period": "FY", "revenue": 1007900000, "costOfRevenue": 892900000, "grossProfit": 115000000, "grossProfitRatio": 0.1140986209, "researchAndDevelopmentExpenses": 0, "generalAndAdministrativeExpenses": 40600000, "sellingAndMarketingExpenses": 0, "sellingGeneralAndAdministrativeExpenses": 40600000, "otherExpenses": 102000000, "operatingExpenses": 142600000, "costAndExpenses": 1035500000, "interestIncome": 1000000, "interestExpense": 19600000, "depreciationAndAmortization": 231200000, "ebitda": 171500000, "ebitdaratio": 0.1701557694, "operatingIncome": -42600000, "operatingIncomeRatio": -0.0422660978, "totalOtherIncomeExpensesNet": -90600000, "incomeBeforeTax": -143700000, "incomeBeforeTaxRatio": -0.142573668, "incomeTaxExpense": 117900000, "netIncome": -206800000, "netIncomeRatio": -0.2051790852, "eps": -0.55, "epsdiluted": -0.55, "weightedAverageShsOut": 376800000, "weightedAverageShsOutDil": 376800000, "link": null, "finalLink": null, "calculatedOtherExpenses": 117000000, "calculatedOperatingExpenses": 157600000, "calculatedNetInterest": -18600000, "calculatedOtherIncome": -82500000, "calculatedIncomeNonControlling": -54800000, "calculatedEbitda": 188600000}, {"date": "2013-12-31", "symbol": "IAG", "reportedCurrency": "USD", "cik": "0001203464", "fillingDate": "2013-12-31", "acceptedDate": "2013-12-31 00:00:00", "calendarYear": "2013", "period": "FY", "revenue": 1147100000, "costOfRevenue": 807000000, "grossProfit": 340100000, "grossProfitRatio": 0.2964867928, "researchAndDevelopmentExpenses": 0, "generalAndAdministrativeExpenses": 47400000, "sellingAndMarketingExpenses": 0, "sellingGeneralAndAdministrativeExpenses": 47400000, "otherExpenses": 74800000, "operatingExpenses": 122200000, "costAndExpenses": 929200000, "interestIncome": 3400000, "interestExpense": 17600000, "depreciationAndAmortization": 175200000, "ebitda": 322300000, "ebitdaratio": 0.2809694011, "operatingIncome": -670200000, "operatingIncomeRatio": -0.5842559498, "totalOtherIncomeExpensesNet": -1066700000, "incomeBeforeTax": -869800000, "incomeBeforeTaxRatio": -0.7582599599, "incomeTaxExpense": -9200000, "netIncome": -832500000, "netIncomeRatio": -0.7257431785, "eps": -2.21, "epsdiluted": -2.21, "weightedAverageShsOut": 376600000, "weightedAverageShsOutDil": 376600000, "link": null, "finalLink": null, "calculatedOtherExpenses": 962900000, "calculatedOperatingExpenses": 1010300000, "calculatedNetInterest": -14200000, "calculatedOtherIncome": -185400000, "calculatedIncomeNonControlling": -28100000, "calculatedEbitda": -495000000}, {"date": "2012-12-31", "symbol": "IAG", "reportedCurrency": "USD", "cik": "0001203464", "fillingDate": "2012-12-31", "acceptedDate": "2012-12-31 00:00:00", "calendarYear": "2012", "period": "FY", "revenue": 1670000000, "costOfRevenue": 948000000, "grossProfit": 722000000, "grossProfitRatio": 0.4323353293, "researchAndDevelopmentExpenses": 0, "generalAndAdministrativeExpenses": 55900000, "sellingAndMarketingExpenses": 0, "sellingGeneralAndAdministrativeExpenses": 55900000, "otherExpenses": 119900000, "operatingExpenses": 175800000, "costAndExpenses": 1123800000, "interestIncome": 3000000, "interestExpense": 11200000, "depreciationAndAmortization": 163900000, "ebitda": 717800000, "ebitdaratio": 0.4298203593, "operatingIncome": 546200000, "operatingIncomeRatio": 0.3270658683, "totalOtherIncomeExpensesNet": 39900000, "incomeBeforeTax": 570600000, "incomeBeforeTaxRatio": 0.3416766467, "incomeTaxExpense": 199400000, "netIncome": 334700000, "netIncomeRatio": 0.2004191617, "eps": 0.89, "epsdiluted": 0.89, "weightedAverageShsOut": 376200000, "weightedAverageShsOutDil": 376900000, "link": null, "finalLink": null, "calculatedOtherExpenses": 119900000, "calculatedOperatingExpenses": 175800000, "calculatedNetInterest": -8200000, "calculatedOtherIncome": 32600000, "calculatedIncomeNonControlling": 36500000, "calculatedEbitda": 710100000}, {"date": "2011-12-31", "symbol": "IAG", "reportedCurrency": "USD", "cik": "0001203464", "fillingDate": "2011-12-31", "acceptedDate": "2011-12-31 00:00:00", "calendarYear": "2011", "period": "FY", "revenue": 1673187000, "costOfRevenue": 988144000, "grossProfit": 685043000, "grossProfitRatio": 0.4094240512, "researchAndDevelopmentExpenses": 0, "generalAndAdministrativeExpenses": 0, "sellingAndMarketingExpenses": 0, "sellingGeneralAndAdministrativeExpenses": 54246000, "otherExpenses": 73326000, "operatingExpenses": 56883000, "costAndExpenses": 1045027000, "interestIncome": 37636000, "interestExpense": 7131000, "depreciationAndAmortization": 156797000, "ebitda": 820958000, "ebitdaratio": 0.4906552585, "operatingIncome": 628160000, "operatingIncomeRatio": 0.3754272535, "totalOtherIncomeExpensesNet": -9675000, "incomeBeforeTax": 648990000, "incomeBeforeTaxRatio": 0.3878765494, "incomeTaxExpense": 220996000, "netIncome": 806664000, "netIncomeRatio": 0.4821122803, "eps": 2.15, "epsdiluted": 2.14, "weightedAverageShsOut": 374947000, "weightedAverageShsOutDil": 376520000, "link": null, "finalLink": null, "calculatedOtherExpenses": 2637000, "calculatedOperatingExpenses": 56883000, "calculatedNetInterest": 30505000, "calculatedOtherIncome": -9675000, "calculatedIncomeNonControlling": -378670000, "calculatedEbitda": 784957000}, {"date": "2010-12-31", "symbol": "IAG", "reportedCurrency": "USD", "cik": "0001203464", "fillingDate": "2010-12-31", "acceptedDate": "2010-12-31 00:00:00", "calendarYear": "2010", "period": "FY", "revenue": 1167245000, "costOfRevenue": 616618000, "grossProfit": 550627000, "grossProfitRatio": 0.4717321556, "researchAndDevelopmentExpenses": 46025000, "generalAndAdministrativeExpenses": 0, "sellingAndMarketingExpenses": 0, "sellingGeneralAndAdministrativeExpenses": 46851000, "otherExpenses": 0, "operatingExpenses": 123048000, "costAndExpenses": 739666000, "interestIncome": 56704000, "interestExpense": 3557000, "depreciationAndAmortization": 132693000, "ebitda": 560272000, "ebitdaratio": 0.4799952024, "operatingIncome": 427579000, "operatingIncomeRatio": 0.3663146983, "totalOtherIncomeExpensesNet": 9400000, "incomeBeforeTax": 433422000, "incomeBeforeTaxRatio": 0.3713205026, "incomeTaxExpense": 135407000, "netIncome": 279793000, "netIncomeRatio": 0.2397037469, "eps": 0.75, "epsdiluted": 0.75, "weightedAverageShsOut": 371392000, "weightedAverageShsOutDil": 373255000, "link": null, "finalLink": null, "calculatedOtherExpenses": 30172000, "calculatedOperatingExpenses": 123048000, "calculatedNetInterest": 53147000, "calculatedOtherIncome": -47304000, "calculatedIncomeNonControlling": 18222000, "calculatedEbitda": 560272000}, {"date": "2009-12-31", "symbol": "IAG", "reportedCurrency": "USD", "cik": "0001203464", "fillingDate": "2009-12-31", "acceptedDate": "2009-12-31 00:00:00", "calendarYear": "2009", "period": "FY", "revenue": 914339000, "costOfRevenue": 486581000, "grossProfit": 427758000, "grossProfitRatio": 0.4678330466, "researchAndDevelopmentExpenses": 0, "generalAndAdministrativeExpenses": 0, "sellingAndMarketingExpenses": 0, "sellingGeneralAndAdministrativeExpenses": 49148000, "otherExpenses": 3726000, "operatingExpenses": 166959000, "costAndExpenses": 653540000, "interestIncome": 860000, "interestExpense": 680000, "depreciationAndAmortization": 143375000, "ebitda": 405862000, "ebitdaratio": 0.4438856923, "operatingIncome": 162730000, "operatingIncomeRatio": 0.1779755649, "totalOtherIncomeExpensesNet": -29231000, "incomeBeforeTax": 222104000, "incomeBeforeTaxRatio": 0.2429120928, "incomeTaxExpense": 107981000, "netIncome": 114123000, "netIncomeRatio": 0.1248147569, "eps": 0.32, "epsdiluted": 0.32, "weightedAverageShsOut": 352755000, "weightedAverageShsOutDil": 354631000, "link": null, "finalLink": null, "calculatedOtherExpenses": 215880000, "calculatedOperatingExpenses": 265028000, "calculatedNetInterest": 180000, "calculatedOtherIncome": 59194000, "calculatedIncomeNonControlling": 0, "calculatedEbitda": 306105000}, {"date": "2008-12-31", "symbol": "IAG", "reportedCurrency": "USD", "cik": "0001203464", "fillingDate": "2008-12-31", "acceptedDate": "2008-12-31 00:00:00", "calendarYear": "2008", "period": "FY", "revenue": 869636000, "costOfRevenue": 451830000, "grossProfit": 417806000, "grossProfitRatio": 0.4804377924, "researchAndDevelopmentExpenses": 0, "generalAndAdministrativeExpenses": 0, "sellingAndMarketingExpenses": 0, "sellingGeneralAndAdministrativeExpenses": 42035000, "otherExpenses": 0, "operatingExpenses": 169629000, "costAndExpenses": 621459000, "interestIncome": 0, "interestExpense": 675000, "depreciationAndAmortization": 151755000, "ebitda": 433550000, "ebitdaratio": 0.4985419187, "operatingIncome": 248177000, "operatingIncomeRatio": 0.28538032, "totalOtherIncomeExpensesNet": -204741000, "incomeBeforeTax": 58505000, "incomeBeforeTaxRatio": 0.0672752738, "incomeTaxExpense": 68421000, "netIncome": -9916000, "netIncomeRatio": -0.0114024718, "eps": -0.0336, "epsdiluted": -0.0336, "weightedAverageShsOut": 295430000, "weightedAverageShsOutDil": 295430000, "link": null, "finalLink": null, "calculatedOtherExpenses": 127594000, "calculatedOperatingExpenses": 169629000, "calculatedNetInterest": -675000, "calculatedOtherIncome": -188997000, "calculatedIncomeNonControlling": 0, "calculatedEbitda": 399932000}, {"date": "2007-12-31", "symbol": "IAG", "reportedCurrency": "USD", "cik": "0001203464", "fillingDate": "2007-12-31", "acceptedDate": "2007-12-31 00:00:00", "calendarYear": "2007", "period": "FY", "revenue": 678131000, "costOfRevenue": 454933000, "grossProfit": 223198000, "grossProfitRatio": 0.3291369957, "researchAndDevelopmentExpenses": 0, "generalAndAdministrativeExpenses": 0, "sellingAndMarketingExpenses": 0, "sellingGeneralAndAdministrativeExpenses": 33513000, "otherExpenses": 117581000, "operatingExpenses": 151094000, "costAndExpenses": 606027000, "interestIncome": 0, "interestExpense": 202828000, "depreciationAndAmortization": 82646000, "ebitda": 284791000, "ebitdaratio": 0.4199645791, "operatingIncome": 72104000, "operatingIncomeRatio": 0.1063275385, "totalOtherIncomeExpensesNet": -95106000, "incomeBeforeTax": -683000, "incomeBeforeTaxRatio": -0.00100718, "incomeTaxExpense": 41377000, "netIncome": -42060000, "netIncomeRatio": -0.0620234144, "eps": -0.14, "epsdiluted": -0.14, "weightedAverageShsOut": 293284000, "weightedAverageShsOutDil": 293284000, "link": null, "finalLink": null, "calculatedOtherExpenses": 117581000, "calculatedOperatingExpenses": 151094000, "calculatedNetInterest": -202828000, "calculatedOtherIncome": 130041000, "calculatedIncomeNonControlling": 0, "calculatedEbitda": 154750000}, {"date": "2006-12-31", "symbol": "IAG", "reportedCurrency": "USD", "cik": "0001203464", "fillingDate": "2006-12-31", "acceptedDate": "2006-12-31 00:00:00", "calendarYear": "2006", "period": "FY", "revenue": 303345000, "costOfRevenue": 168899000, "grossProfit": 134446000, "grossProfitRatio": 0.4432115248, "researchAndDevelopmentExpenses": 0, "generalAndAdministrativeExpenses": 0, "sellingAndMarketingExpenses": 0, "sellingGeneralAndAdministrativeExpenses": 18981000, "otherExpenses": 49664000, "operatingExpenses": 68645000, "costAndExpenses": 237544000, "interestIncome": 0, "interestExpense": -23395000, "depreciationAndAmortization": 38918000, "ebitda": 112773000, "ebitdaratio": 0.3717648222, "operatingIncome": 65801000, "operatingIncomeRatio": 0.2169180306, "totalOtherIncomeExpensesNet": 2692000, "incomeBeforeTax": 97157000, "incomeBeforeTaxRatio": 0.3202854835, "incomeTaxExpense": 24769000, "netIncome": 72481000, "netIncomeRatio": 0.2389391617, "eps": 0.39, "epsdiluted": 0.39, "weightedAverageShsOut": 186485000, "weightedAverageShsOutDil": 187655000, "link": null, "finalLink": null, "calculatedOtherExpenses": 49664000, "calculatedOperatingExpenses": 68645000, "calculatedNetInterest": 23395000, "calculatedOtherIncome": 7961000, "calculatedIncomeNonControlling": -93000, "calculatedEbitda": 104719000}, {"date": "2005-12-31", "symbol": "IAG", "reportedCurrency": "USD", "cik": "0001203464", "fillingDate": "2005-12-31", "acceptedDate": "2005-12-31 00:00:00", "calendarYear": "2005", "period": "FY", "revenue": 129774000, "costOfRevenue": 88289000, "grossProfit": 41485000, "grossProfitRatio": 0.3196711206, "researchAndDevelopmentExpenses": 0, "generalAndAdministrativeExpenses": 0, "sellingAndMarketingExpenses": 0, "sellingGeneralAndAdministrativeExpenses": 9732000, "otherExpenses": 26342000, "operatingExpenses": 36074000, "costAndExpenses": 124363000, "interestIncome": 0, "interestExpense": -32402000, "depreciationAndAmortization": 26445000, "ebitda": 16195000, "ebitdaratio": 0.1247938724, "operatingIncome": 5411000, "operatingIncomeRatio": 0.0416955631, "totalOtherIncomeExpensesNet": 15661000, "incomeBeforeTax": 22152000, "incomeBeforeTaxRatio": 0.1706967497, "incomeTaxExpense": 1658000, "netIncome": 20494000, "netIncomeRatio": 0.1579206929, "eps": 0.14, "epsdiluted": 0.14, "weightedAverageShsOut": 146650000, "weightedAverageShsOutDil": 147893000, "link": null, "finalLink": null, "calculatedOtherExpenses": 26342000, "calculatedOperatingExpenses": 36074000, "calculatedNetInterest": 32402000, "calculatedOtherIncome": -15661000, "calculatedIncomeNonControlling": 0, "calculatedEbitda": 31856000}, {"date": "2004-12-31", "symbol": "IAG", "reportedCurrency": "USD", "cik": "0001203464", "fillingDate": "2004-12-31", "acceptedDate": "2004-12-31 00:00:00", "calendarYear": "2004", "period": "FY", "revenue": 121872000, "costOfRevenue": 77146000, "grossProfit": 44726000, "grossProfitRatio": 0.3669915977, "researchAndDevelopmentExpenses": 0, "generalAndAdministrativeExpenses": 0, "sellingAndMarketingExpenses": 0, "sellingGeneralAndAdministrativeExpenses": 19730000, "otherExpenses": 25814000, "operatingExpenses": 45544000, "costAndExpenses": 122690000, "interestIncome": 0, "interestExpense": -31551000, "depreciationAndAmortization": 25814000, "ebitda": 5638000, "ebitdaratio": 0.0462616516, "operatingIncome": -1223000, "operatingIncomeRatio": -0.0100351188, "totalOtherIncomeExpensesNet": 19358000, "incomeBeforeTax": 11375000, "incomeBeforeTaxRatio": 0.0933356308, "incomeTaxExpense": -234000, "netIncome": 11609000, "netIncomeRatio": 0.0952556781, "eps": 0.08, "epsdiluted": 0.08, "weightedAverageShsOut": 145112500, "weightedAverageShsOutDil": 145667000, "link": null, "finalLink": null, "calculatedOtherExpenses": 26219000, "calculatedOperatingExpenses": 45949000, "calculatedNetInterest": 31551000, "calculatedOtherIncome": -18953000, "calculatedIncomeNonControlling": 0, "calculatedEbitda": 24591000}, {"date": "2003-12-31", "symbol": "IAG", "reportedCurrency": "USD", "cik": "0001203464", "fillingDate": "2003-12-31", "acceptedDate": "2003-12-31 00:00:00", "calendarYear": "2003", "period": "FY", "revenue": 101111000, "costOfRevenue": 63200000, "grossProfit": 37911000, "grossProfitRatio": 0.3749443681, "researchAndDevelopmentExpenses": 0, "generalAndAdministrativeExpenses": 0, "sellingAndMarketingExpenses": 0, "sellingGeneralAndAdministrativeExpenses": 6626000, "otherExpenses": 26552000, "operatingExpenses": 33178000, "costAndExpenses": 96378000, "interestIncome": 0, "interestExpense": -15870000, "depreciationAndAmortization": 26646000, "ebitda": 26017000, "ebitdaratio": 0.2573112718, "operatingIncome": 3746000, "operatingIncomeRatio": 0.0370483924, "totalOtherIncomeExpensesNet": 5362000, "incomeBeforeTax": 15241000, "incomeBeforeTaxRatio": 0.1507353305, "incomeTaxExpense": 202000, "netIncome": 15039000, "netIncomeRatio": 0.1487375261, "eps": 0.14, "epsdiluted": 0.14, "weightedAverageShsOut": 142978571, "weightedAverageShsOutDil": 142978571, "link": null, "finalLink": null, "calculatedOtherExpenses": 27539000, "calculatedOperatingExpenses": 34165000, "calculatedNetInterest": 15870000, "calculatedOtherIncome": -4375000, "calculatedIncomeNonControlling": 0, "calculatedEbitda": 30392000}, {"date": "2002-12-31", "symbol": "IAG", "reportedCurrency": "USD", "cik": "0001203464", "fillingDate": "2002-12-31", "acceptedDate": "2002-12-31 00:00:00", "calendarYear": "2002", "period": "FY", "revenue": 89824000, "costOfRevenue": 55114000, "grossProfit": 34710000, "grossProfitRatio": 0.386422337, "researchAndDevelopmentExpenses": 0, "generalAndAdministrativeExpenses": 0, "sellingAndMarketingExpenses": 0, "sellingGeneralAndAdministrativeExpenses": 6395000, "otherExpenses": 20588000, "operatingExpenses": 26983000, "costAndExpenses": 82097000, "interestIncome": 0, "interestExpense": -82000, "depreciationAndAmortization": 20626000, "ebitda": 28239000, "ebitdaratio": 0.3143814571, "operatingIncome": 7727000, "operatingIncomeRatio": 0.0860237798, "totalOtherIncomeExpensesNet": 114000, "incomeBeforeTax": 7695000, "incomeBeforeTaxRatio": 0.0856675276, "incomeTaxExpense": 2160000, "netIncome": 5535000, "netIncomeRatio": 0.0616205023, "eps": 0.07, "epsdiluted": 0.07, "weightedAverageShsOut": 90271429, "weightedAverageShsOutDil": 90271429, "link": null, "finalLink": null, "calculatedOtherExpenses": 20588000, "calculatedOperatingExpenses": 26983000, "calculatedNetInterest": 82000, "calculatedOtherIncome": -114000, "calculatedIncomeNonControlling": 0, "calculatedEbitda": 28353000}, {"date": "2001-12-31", "symbol": "IAG", "reportedCurrency": "USD", "cik": "0001203464", "fillingDate": "2001-12-31", "acceptedDate": "2001-12-31 00:00:00", "calendarYear": "2001", "period": "FY", "revenue": 81655000, "costOfRevenue": 47180000, "grossProfit": 34475000, "grossProfitRatio": 0.4222031719, "researchAndDevelopmentExpenses": 0, "generalAndAdministrativeExpenses": 0, "sellingAndMarketingExpenses": 0, "sellingGeneralAndAdministrativeExpenses": 2516000, "otherExpenses": 15608000, "operatingExpenses": 18124000, "costAndExpenses": 65304000, "interestIncome": 0, "interestExpense": 2268000, "depreciationAndAmortization": 15637000, "ebitda": 33085000, "ebitdaratio": 0.4051803319, "operatingIncome": 16351000, "operatingIncomeRatio": 0.2002449329, "totalOtherIncomeExpensesNet": -1097000, "incomeBeforeTax": 15180000, "incomeBeforeTaxRatio": 0.1859041088, "incomeTaxExpense": 4232000, "netIncome": 10948000, "netIncomeRatio": 0.1340762966, "eps": 0.15, "epsdiluted": 0.15, "weightedAverageShsOut": 72986667, "weightedAverageShsOutDil": 72986667, "link": null, "finalLink": null, "calculatedOtherExpenses": 15608000, "calculatedOperatingExpenses": 18124000, "calculatedNetInterest": -2268000, "calculatedOtherIncome": 1097000, "calculatedIncomeNonControlling": 0, "calculatedEbitda": 31988000}, {"date": "2000-12-31", "symbol": "IAG", "reportedCurrency": "USD", "cik": "0001203464", "fillingDate": "2000-12-31", "acceptedDate": "2000-12-31 00:00:00", "calendarYear": "2000", "period": "FY", "revenue": 57980397, "costOfRevenue": 29707294, "grossProfit": 28273103, "grossProfitRatio": 0.4876321043, "researchAndDevelopmentExpenses": 0, "generalAndAdministrativeExpenses": 0, "sellingAndMarketingExpenses": 0, "sellingGeneralAndAdministrativeExpenses": 4278570, "otherExpenses": 12196961, "operatingExpenses": 16475531, "costAndExpenses": 46182825, "interestIncome": 0, "interestExpense": 1804905, "depreciationAndAmortization": 12196960, "ebitda": 24980663, "ebitdaratio": 0.430846705, "operatingIncome": 11797573, "operatingIncomeRatio": 0.2034752021, "totalOtherIncomeExpensesNet": -986131, "incomeBeforeTax": 10978798, "incomeBeforeTaxRatio": 0.1893536189, "incomeTaxExpense": 104681, "netIncome": 10874117, "netIncomeRatio": 0.1875481639, "eps": -0.21, "epsdiluted": -0.21, "weightedAverageShsOut": 72645676, "weightedAverageShsOutDil": 72645676, "link": null, "finalLink": null, "calculatedOtherExpenses": 12196960, "calculatedOperatingExpenses": 16475530, "calculatedNetInterest": -1804905, "calculatedOtherIncome": 986130, "calculatedIncomeNonControlling": 0, "calculatedEbitda": 23994533}, {"date": "1999-12-31", "symbol": "IAG", "reportedCurrency": "USD", "cik": "0001203464", "fillingDate": "1999-12-31", "acceptedDate": "1999-12-31 00:00:00", "calendarYear": "1999", "period": "FY", "revenue": 63523882, "costOfRevenue": 35321767, "grossProfit": 28202115, "grossProfitRatio": 0.4439608241, "researchAndDevelopmentExpenses": 0, "generalAndAdministrativeExpenses": 0, "sellingAndMarketingExpenses": 0, "sellingGeneralAndAdministrativeExpenses": 2419299, "otherExpenses": 11889127, "operatingExpenses": 14308426, "costAndExpenses": 49630193, "interestIncome": 0, "interestExpense": 0, "depreciationAndAmortization": 11889127, "ebitda": 23916500, "ebitdaratio": 0.3764961971, "operatingIncome": 13893689, "operatingIncomeRatio": 0.2187159941, "totalOtherIncomeExpensesNet": 1866316, "incomeBeforeTax": 15760005, "incomeBeforeTaxRatio": 0.2480957477, "incomeTaxExpense": -1175088, "netIncome": 13202461, "netIncomeRatio": 0.2078346062, "eps": -0.28, "epsdiluted": -0.28, "weightedAverageShsOut": 74997519, "weightedAverageShsOutDil": 74997519, "link": null, "finalLink": null, "calculatedOtherExpenses": 11889127, "calculatedOperatingExpenses": 14308426, "calculatedNetInterest": 0, "calculatedOtherIncome": 1866316, "calculatedIncomeNonControlling": 3732632, "calculatedEbitda": 25782816}, {"date": "1998-12-31", "symbol": "IAG", "reportedCurrency": "USD", "cik": "0001203464", "fillingDate": "1998-12-31", "acceptedDate": "1998-12-31 00:00:00", "calendarYear": "1998", "period": "FY", "revenue": 60275212, "costOfRevenue": 29265457, "grossProfit": 31009755, "grossProfitRatio": 0.5144694472, "researchAndDevelopmentExpenses": 0, "generalAndAdministrativeExpenses": 0, "sellingAndMarketingExpenses": 0, "sellingGeneralAndAdministrativeExpenses": 2971768, "otherExpenses": 11822469, "operatingExpenses": 14794237, "costAndExpenses": 44059694, "interestIncome": 0, "interestExpense": 0, "depreciationAndAmortization": 11822469, "ebitda": 27650365, "ebitdaratio": 0.4587352592, "operatingIncome": 16215518, "operatingIncomeRatio": 0.2690246531, "totalOtherIncomeExpensesNet": 387622, "incomeBeforeTax": 16603140, "incomeBeforeTaxRatio": 0.2754555222, "incomeTaxExpense": 7041799, "netIncome": 8786097, "netIncomeRatio": 0.1457663392, "eps": -0.18, "epsdiluted": -0.18, "weightedAverageShsOut": 67496557, "weightedAverageShsOutDil": 67496557, "link": null, "finalLink": null, "calculatedOtherExpenses": 11822469, "calculatedOperatingExpenses": 14794237, "calculatedNetInterest": 0, "calculatedOtherIncome": 387622, "calculatedIncomeNonControlling": 775244, "calculatedEbitda": 28037987}, {"date": "1997-12-31", "symbol": "IAG", "reportedCurrency": "USD", "cik": "0001203464", "fillingDate": "1997-12-31", "acceptedDate": "1997-12-31 00:00:00", "calendarYear": "1997", "period": "FY", "revenue": 49597761, "costOfRevenue": 27282267, "grossProfit": 22315494, "grossProfitRatio": 0.4499294635, "researchAndDevelopmentExpenses": 0, "generalAndAdministrativeExpenses": 0, "sellingAndMarketingExpenses": 0, "sellingGeneralAndAdministrativeExpenses": 3917454, "otherExpenses": 9933543, "operatingExpenses": 13850997, "costAndExpenses": 41133264, "interestIncome": 0, "interestExpense": 0, "depreciationAndAmortization": 9933543, "ebitda": 17908358, "ebitdaratio": 0.361071904, "operatingIncome": 8464498, "operatingIncomeRatio": 0.1706629055, "totalOtherIncomeExpensesNet": 489682, "incomeBeforeTax": 8954180, "incomeBeforeTaxRatio": 0.1805359722, "incomeTaxExpense": 5456452, "netIncome": 2518363, "netIncomeRatio": 0.0507757397, "eps": 0.042, "epsdiluted": 0.042, "weightedAverageShsOut": 60003884, "weightedAverageShsOutDil": 60003884, "link": null, "finalLink": null, "calculatedOtherExpenses": 9933542, "calculatedOperatingExpenses": 13850996, "calculatedNetInterest": 0, "calculatedOtherIncome": 489682, "calculatedIncomeNonControlling": 979365, "calculatedEbitda": 18398041}, {"date": "1996-12-31", "symbol": "IAG", "reportedCurrency": "USD", "cik": "0001203464", "fillingDate": "1996-12-31", "acceptedDate": "1996-12-31 00:00:00", "calendarYear": "1996", "period": "FY", "revenue": 72966, "costOfRevenue": 1605254, "grossProfit": -1532288, "grossProfitRatio": -21.00002741, "researchAndDevelopmentExpenses": 0, "generalAndAdministrativeExpenses": 0, "sellingAndMarketingExpenses": 0, "sellingGeneralAndAdministrativeExpenses": 2991609, "otherExpenses": 218898, "operatingExpenses": 3210507, "costAndExpenses": 4815761, "interestIncome": 0, "interestExpense": 0, "depreciationAndAmortization": 218898, "ebitda": -5837286, "ebitdaratio": -80.0000822301, "operatingIncome": -4742795, "operatingIncomeRatio": -65.0000685251, "totalOtherIncomeExpensesNet": 1313389, "incomeBeforeTax": -3429406, "incomeBeforeTaxRatio": -47.0000548201, "incomeTaxExpense": -2116016, "netIncome": -3940168, "netIncomeRatio": -54.0000548201, "eps": -0.0584, "epsdiluted": -0.0584, "weightedAverageShsOut": 67503306, "weightedAverageShsOutDil": 67503306, "link": null, "finalLink": null, "calculatedOtherExpenses": 218898, "calculatedOperatingExpenses": 3210507, "calculatedNetInterest": 0, "calculatedOtherIncome": 1313389, "calculatedIncomeNonControlling": 2626778, "calculatedEbitda": -4523897}]}