{"originalCurrency": "USD", "convertedCurrency": "USD", "report": [{"date": "2023-12-31", "symbol": "IART", "reportedCurrency": "USD", "cik": "0000917520", "fillingDate": "2023-12-31", "acceptedDate": "2023-12-30 19:00:00", "calendarYear": "2023", "period": "FY", "revenue": 1541573000, "costOfRevenue": 653180000, "grossProfit": 888393000, "grossProfitRatio": 0.5762899324, "researchAndDevelopmentExpenses": 62687000, "generalAndAdministrativeExpenses": 0, "sellingAndMarketingExpenses": 0, "sellingGeneralAndAdministrativeExpenses": 611596000, "otherExpenses": -40034000, "operatingExpenses": 714317000, "costAndExpenses": 1367497000, "interestIncome": 9356000, "interestExpense": 71832000, "depreciationAndAmortization": 123512000, "ebitda": 297588000, "ebitdaratio": 0.1930417826, "operatingIncome": 174076000, "operatingIncomeRatio": 0.1129210229, "totalOtherIncomeExpensesNet": -93007000, "incomeBeforeTax": 81069000, "incomeBeforeTaxRatio": 0.0525884924, "incomeTaxExpense": 13328000, "netIncome": 67741000, "netIncomeRatio": 0.0439427779, "eps": 0.85, "epsdiluted": 0.84, "weightedAverageShsOut": 80089000, "weightedAverageShsOutDil": 80337000, "link": null, "finalLink": null, "calculatedOtherExpenses": 40034000, "calculatedOperatingExpenses": 714317000, "calculatedNetInterest": -62476000, "calculatedOtherIncome": -30531000, "calculatedIncomeNonControlling": 0, "calculatedEbitda": 297588000}, {"date": "2022-12-31", "symbol": "IART", "reportedCurrency": "USD", "cik": "0000917520", "fillingDate": "2023-02-22", "acceptedDate": "2023-02-22 16:12:43", "calendarYear": "2022", "period": "FY", "revenue": 1557666000, "costOfRevenue": 587355000, "grossProfit": 970311000, "grossProfitRatio": 0.6229262242, "researchAndDevelopmentExpenses": 101193000, "generalAndAdministrativeExpenses": 0, "sellingAndMarketingExpenses": 0, "sellingGeneralAndAdministrativeExpenses": 616316000, "otherExpenses": 13882000, "operatingExpenses": 731391000, "costAndExpenses": 1318746000, "interestIncome": 11917000, "interestExpense": 49594000, "depreciationAndAmortization": 37806000, "ebitda": 276726000, "ebitdaratio": 0.1776542596, "operatingIncome": 238920000, "operatingIncomeRatio": 0.1533833312, "totalOtherIncomeExpensesNet": -25026000, "incomeBeforeTax": 213894000, "incomeBeforeTaxRatio": 0.1373169858, "incomeTaxExpense": 33344000, "netIncome": 180550000, "netIncomeRatio": 0.1159105996, "eps": 2.18, "epsdiluted": 2.16, "weightedAverageShsOut": 82997000, "weightedAverageShsOutDil": 83516000, "link": "https://www.sec.gov/Archives/edgar/data/917520/000091752023000015/0000917520-23-000015-index.htm", "finalLink": "https://www.sec.gov/Archives/edgar/data/917520/000091752023000015/iart-20221231.htm", "calculatedOtherExpenses": 13882000, "calculatedOperatingExpenses": 731391000, "calculatedNetInterest": -37677000, "calculatedOtherIncome": 12651000, "calculatedIncomeNonControlling": 0, "calculatedEbitda": 276726000}, {"date": "2021-12-31", "symbol": "IART", "reportedCurrency": "USD", "cik": "0000917520", "fillingDate": "2022-02-24", "acceptedDate": "2022-02-24 16:06:48", "calendarYear": "2021", "period": "FY", "revenue": 1542448000, "costOfRevenue": 597808000, "grossProfit": 944640000, "grossProfitRatio": 0.6124290738, "researchAndDevelopmentExpenses": 93051000, "generalAndAdministrativeExpenses": 0, "sellingAndMarketingExpenses": 0, "sellingGeneralAndAdministrativeExpenses": 637445000, "otherExpenses": 16914000, "operatingExpenses": 747410000, "costAndExpenses": 1345218000, "interestIncome": 6737000, "interestExpense": 50395000, "depreciationAndAmortization": 42958000, "ebitda": 240188000, "ebitdaratio": 0.1557187017, "operatingIncome": 197230000, "operatingIncomeRatio": 0.127868168, "totalOtherIncomeExpensesNet": 17447000, "incomeBeforeTax": 214677000, "incomeBeforeTaxRatio": 0.1391794083, "incomeTaxExpense": 45602000, "netIncome": 169075000, "netIncomeRatio": 0.1096147163, "eps": 2, "epsdiluted": 1.98, "weightedAverageShsOut": 84698000, "weightedAverageShsOutDil": 85485000, "link": "https://www.sec.gov/Archives/edgar/data/917520/000091752022000010/0000917520-22-000010-index.htm", "finalLink": "https://www.sec.gov/Archives/edgar/data/917520/000091752022000010/iart-20211231.htm", "calculatedOtherExpenses": 16914000, "calculatedOperatingExpenses": 747410000, "calculatedNetInterest": -43658000, "calculatedOtherIncome": 61105000, "calculatedIncomeNonControlling": 0, "calculatedEbitda": 240188000}, {"date": "2020-12-31", "symbol": "IART", "reportedCurrency": "USD", "cik": "0000917520", "fillingDate": "2021-02-23", "acceptedDate": "2021-02-23 17:22:40", "calendarYear": "2020", "period": "FY", "revenue": 1371868000, "costOfRevenue": 520834000, "grossProfit": 851034000, "grossProfitRatio": 0.6203468555, "researchAndDevelopmentExpenses": 77381000, "generalAndAdministrativeExpenses": 0, "sellingAndMarketingExpenses": 0, "sellingGeneralAndAdministrativeExpenses": 594526000, "otherExpenses": 27757000, "operatingExpenses": 699664000, "costAndExpenses": 1220498000, "interestIncome": 9297000, "interestExpense": 71581000, "depreciationAndAmortization": 41488000, "ebitda": 192858000, "ebitdaratio": 0.1405805806, "operatingIncome": 151370000, "operatingIncomeRatio": 0.110338604, "totalOtherIncomeExpensesNet": -57850000, "incomeBeforeTax": 93520000, "incomeBeforeTaxRatio": 0.0681698239, "incomeTaxExpense": -40372000, "netIncome": 133892000, "netIncomeRatio": 0.0975983112, "eps": 1.58, "epsdiluted": 1.57, "weightedAverageShsOut": 84650000, "weightedAverageShsOutDil": 85228000, "link": "https://www.sec.gov/Archives/edgar/data/917520/000091752021000018/0000917520-21-000018-index.htm", "finalLink": "https://www.sec.gov/Archives/edgar/data/917520/000091752021000018/iart-20201231.htm", "calculatedOtherExpenses": 27757000, "calculatedOperatingExpenses": 699664000, "calculatedNetInterest": -62284000, "calculatedOtherIncome": 4434000, "calculatedIncomeNonControlling": 0, "calculatedEbitda": 192858000}, {"date": "2019-12-31", "symbol": "IART", "reportedCurrency": "USD", "cik": "0000917520", "fillingDate": "2020-02-21", "acceptedDate": "2020-02-20 17:47:03", "calendarYear": "2019", "period": "FY", "revenue": 1517557000, "costOfRevenue": 564681000, "grossProfit": 952876000, "grossProfitRatio": 0.6279012914, "researchAndDevelopmentExpenses": 79573000, "generalAndAdministrativeExpenses": 0, "sellingAndMarketingExpenses": 0, "sellingGeneralAndAdministrativeExpenses": 687599000, "otherExpenses": 27028000, "operatingExpenses": 794200000, "costAndExpenses": 1358881000, "interestIncome": 10779000, "interestExpense": 53957000, "depreciationAndAmortization": 27028000, "ebitda": 206005000, "ebitdaratio": 0.1357477841, "operatingIncome": 178977000, "operatingIncomeRatio": 0.1179375799, "totalOtherIncomeExpensesNet": -118873000, "incomeBeforeTax": 60104000, "incomeBeforeTaxRatio": 0.0396057611, "incomeTaxExpense": 9903000, "netIncome": 50201000, "netIncomeRatio": 0.0330801413, "eps": 0.59, "epsdiluted": 0.58, "weightedAverageShsOut": 85637000, "weightedAverageShsOutDil": 86494000, "link": "https://www.sec.gov/Archives/edgar/data/917520/000091752020000010/0000917520-20-000010-index.htm", "finalLink": "https://www.sec.gov/Archives/edgar/data/917520/000091752020000010/iart-20191231x10k.htm", "calculatedOtherExpenses": 6727000, "calculatedOperatingExpenses": 773899000, "calculatedNetInterest": -43178000, "calculatedOtherIncome": -75695000, "calculatedIncomeNonControlling": 0, "calculatedEbitda": 206005000}, {"date": "2018-12-31", "symbol": "IART", "reportedCurrency": "USD", "cik": "0000917520", "fillingDate": "2019-02-26", "acceptedDate": "2019-02-26 16:32:40", "calendarYear": "2018", "period": "FY", "revenue": 1472441000, "costOfRevenue": 571496000, "grossProfit": 900945000, "grossProfitRatio": 0.6118717151, "researchAndDevelopmentExpenses": 78041000, "generalAndAdministrativeExpenses": 690746000, "sellingAndMarketingExpenses": 0, "sellingGeneralAndAdministrativeExpenses": 690746000, "otherExpenses": 8288000, "operatingExpenses": 789947000, "costAndExpenses": 1361443000, "interestIncome": 2800000, "interestExpense": 64683000, "depreciationAndAmortization": 21160000, "ebitda": 143246000, "ebitdaratio": 0.0972847129, "operatingIncome": 110998000, "operatingIncomeRatio": 0.0753836656, "totalOtherIncomeExpensesNet": 8288000, "incomeBeforeTax": 57403000, "incomeBeforeTaxRatio": 0.0389849237, "incomeTaxExpense": -3398000, "netIncome": 60801000, "netIncomeRatio": 0.0412926562, "eps": 0.73, "epsdiluted": 0.72, "weightedAverageShsOut": 82857000, "weightedAverageShsOutDil": 84445833, "link": "https://www.sec.gov/Archives/edgar/data/917520/000091752019000013/0000917520-19-000013-index.htm", "finalLink": "https://www.sec.gov/Archives/edgar/data/917520/000091752019000013/iart-20181231x10k.htm", "calculatedOtherExpenses": 21160000, "calculatedOperatingExpenses": 789947000, "calculatedNetInterest": -61883000, "calculatedOtherIncome": 8288000, "calculatedIncomeNonControlling": 0, "calculatedEbitda": 132158000}, {"date": "2017-12-31", "symbol": "IART", "reportedCurrency": "USD", "cik": "0000917520", "fillingDate": "2018-03-01", "acceptedDate": "2018-03-01 07:48:52", "calendarYear": "2017", "period": "FY", "revenue": 1188236000, "costOfRevenue": 435511000, "grossProfit": 752725000, "grossProfitRatio": 0.6334810593, "researchAndDevelopmentExpenses": 63455000, "generalAndAdministrativeExpenses": 624096000, "sellingAndMarketingExpenses": 0, "sellingGeneralAndAdministrativeExpenses": 624096000, "otherExpenses": 1345000, "operatingExpenses": 707921000, "costAndExpenses": 1143432000, "interestIncome": 255000, "interestExpense": 35019000, "depreciationAndAmortization": 20370000, "ebitda": 66774000, "ebitdaratio": 0.0561959072, "operatingIncome": 44804000, "operatingIncomeRatio": 0.0377063142, "totalOtherIncomeExpensesNet": 1345000, "incomeBeforeTax": 11385000, "incomeBeforeTaxRatio": 0.00958143, "incomeTaxExpense": -53358000, "netIncome": 64743000, "netIncomeRatio": 0.0544866508, "eps": 0.83, "epsdiluted": 0.82, "weightedAverageShsOut": 78394000, "weightedAverageShsOutDil": 79121000, "link": "https://www.sec.gov/Archives/edgar/data/917520/000091752018000012/0000917520-18-000012-index.htm", "finalLink": "https://www.sec.gov/Archives/edgar/data/917520/000091752018000012/iart-20171231x10k.htm", "calculatedOtherExpenses": 20370000, "calculatedOperatingExpenses": 707921000, "calculatedNetInterest": -34764000, "calculatedOtherIncome": 1345000, "calculatedIncomeNonControlling": 0, "calculatedEbitda": 65174000}, {"date": "2016-12-31", "symbol": "IART", "reportedCurrency": "USD", "cik": "0000917520", "fillingDate": "2017-02-23", "acceptedDate": "2017-02-23 16:35:33", "calendarYear": "2016", "period": "FY", "revenue": 992075000, "costOfRevenue": 349089000, "grossProfit": 642986000, "grossProfitRatio": 0.6481223698, "researchAndDevelopmentExpenses": 58155000, "generalAndAdministrativeExpenses": 455629000, "sellingAndMarketingExpenses": 0, "sellingGeneralAndAdministrativeExpenses": 455629000, "otherExpenses": 845000, "operatingExpenses": 527646000, "costAndExpenses": 876735000, "interestIncome": 24000, "interestExpense": 25803000, "depreciationAndAmortization": 13862000, "ebitda": 130071000, "ebitdaratio": 0.1311100471, "operatingIncome": 115340000, "operatingIncomeRatio": 0.1162613714, "totalOtherIncomeExpensesNet": 845000, "incomeBeforeTax": 90406000, "incomeBeforeTaxRatio": 0.0911281909, "incomeTaxExpense": 15842000, "netIncome": 74564000, "netIncomeRatio": 0.0751596401, "eps": 1, "epsdiluted": 0.94, "weightedAverageShsOut": 74720000, "weightedAverageShsOutDil": 79194000, "link": "https://www.sec.gov/Archives/edgar/data/917520/000091752017000010/0000917520-17-000010-index.htm", "finalLink": "https://www.sec.gov/Archives/edgar/data/917520/000091752017000010/iart-20161231x10k.htm", "calculatedOtherExpenses": 13862000, "calculatedOperatingExpenses": 527646000, "calculatedNetInterest": -25779000, "calculatedOtherIncome": 845000, "calculatedIncomeNonControlling": 0, "calculatedEbitda": 129202000}, {"date": "2015-12-31", "symbol": "IART", "reportedCurrency": "USD", "cik": "0000917520", "fillingDate": "2016-02-26", "acceptedDate": "2016-02-26 17:50:36", "calendarYear": "2015", "period": "FY", "revenue": 882734000, "costOfRevenue": 326542000, "grossProfit": 556192000, "grossProfitRatio": 0.6300788233, "researchAndDevelopmentExpenses": 50895000, "generalAndAdministrativeExpenses": 415757000, "sellingAndMarketingExpenses": 0, "sellingGeneralAndAdministrativeExpenses": 415757000, "otherExpenses": 4588000, "operatingExpenses": 476605000, "costAndExpenses": 803147000, "interestIncome": 13000, "interestExpense": 23517000, "depreciationAndAmortization": 9953000, "ebitda": 94141000, "ebitdaratio": 0.106647076, "operatingIncome": 79587000, "operatingIncomeRatio": 0.090159663, "totalOtherIncomeExpensesNet": 4588000, "incomeBeforeTax": 60671000, "incomeBeforeTaxRatio": 0.0687307841, "incomeTaxExpense": 53820000, "netIncome": -3519000, "netIncomeRatio": -0.0039864784, "eps": -0.0476, "epsdiluted": -0.0476, "weightedAverageShsOut": 73884000, "weightedAverageShsOutDil": 73884000, "link": "https://www.sec.gov/Archives/edgar/data/917520/000091752016000073/0000917520-16-000073-index.htm", "finalLink": "https://www.sec.gov/Archives/edgar/data/917520/000091752016000073/iart-20151231x10k.htm", "calculatedOtherExpenses": 9953000, "calculatedOperatingExpenses": 476605000, "calculatedNetInterest": -23504000, "calculatedOtherIncome": 4588000, "calculatedIncomeNonControlling": 10370000, "calculatedEbitda": 89540000}, {"date": "2014-12-31", "symbol": "IART", "reportedCurrency": "USD", "cik": "0000917520", "fillingDate": "2015-02-27", "acceptedDate": "2015-02-27 11:22:09", "calendarYear": "2014", "period": "FY", "revenue": 928305000, "costOfRevenue": 352801000, "grossProfit": 575504000, "grossProfitRatio": 0.6199514168, "researchAndDevelopmentExpenses": 51596000, "generalAndAdministrativeExpenses": 445967000, "sellingAndMarketingExpenses": 0, "sellingGeneralAndAdministrativeExpenses": 445967000, "otherExpenses": -763000, "operatingExpenses": 509963000, "costAndExpenses": 862764000, "interestIncome": 168000, "interestExpense": 21967000, "depreciationAndAmortization": 12400000, "ebitda": 77346000, "ebitdaratio": 0.0833195986, "operatingIncome": 65541000, "operatingIncomeRatio": 0.070602873, "totalOtherIncomeExpensesNet": -763000, "incomeBeforeTax": 42979000, "incomeBeforeTaxRatio": 0.046298361, "incomeTaxExpense": 8975000, "netIncome": 34004000, "netIncomeRatio": 0.0366302024, "eps": 0.52, "epsdiluted": 0.52, "weightedAverageShsOut": 65482000, "weightedAverageShsOutDil": 65920000, "link": "https://www.sec.gov/Archives/edgar/data/917520/000091752015000012/0000917520-15-000012-index.htm", "finalLink": "https://www.sec.gov/Archives/edgar/data/917520/000091752015000012/iart-20141231x10k.htm", "calculatedOtherExpenses": 12400000, "calculatedOperatingExpenses": 509963000, "calculatedNetInterest": -21799000, "calculatedOtherIncome": -763000, "calculatedIncomeNonControlling": 0, "calculatedEbitda": 77941000}, {"date": "2013-12-31", "symbol": "IART", "reportedCurrency": "USD", "cik": "0000917520", "fillingDate": "2014-02-27", "acceptedDate": "2014-02-26 21:55:52", "calendarYear": "2013", "period": "FY", "revenue": 836214000, "costOfRevenue": 334085000, "grossProfit": 502129000, "grossProfitRatio": 0.600479064, "researchAndDevelopmentExpenses": 52088000, "generalAndAdministrativeExpenses": 394250000, "sellingAndMarketingExpenses": 0, "sellingGeneralAndAdministrativeExpenses": 394250000, "otherExpenses": -1801000, "operatingExpenses": 459035000, "costAndExpenses": 793120000, "interestIncome": 443000, "interestExpense": 19788000, "depreciationAndAmortization": 47010000, "ebitda": 88746000, "ebitdaratio": 0.1061283356, "operatingIncome": -3644000, "operatingIncomeRatio": -0.0043577362, "totalOtherIncomeExpensesNet": -48539000, "incomeBeforeTax": -24790000, "incomeBeforeTaxRatio": -0.0296455214, "incomeTaxExpense": -7813000, "netIncome": -16977000, "netIncomeRatio": -0.0203022193, "eps": -0.3, "epsdiluted": -0.29, "weightedAverageShsOut": 56832000, "weightedAverageShsOutDil": 57604000, "link": "https://www.sec.gov/Archives/edgar/data/917520/000091752014000007/0000917520-14-000007-index.htm", "finalLink": "https://www.sec.gov/Archives/edgar/data/917520/000091752014000007/iart-20131231x10k.htm", "calculatedOtherExpenses": 59435000, "calculatedOperatingExpenses": 505773000, "calculatedNetInterest": -19345000, "calculatedOtherIncome": -1801000, "calculatedIncomeNonControlling": 0, "calculatedEbitda": 43366000}, {"date": "2012-12-31", "symbol": "IART", "reportedCurrency": "USD", "cik": "0000917520", "fillingDate": "2013-02-26", "acceptedDate": "2013-02-26 16:35:28", "calendarYear": "2012", "period": "FY", "revenue": 830871000, "costOfRevenue": 314427000, "grossProfit": 516444000, "grossProfitRatio": 0.6215694133, "researchAndDevelopmentExpenses": 51012000, "generalAndAdministrativeExpenses": 373114000, "sellingAndMarketingExpenses": 0, "sellingGeneralAndAdministrativeExpenses": 373114000, "otherExpenses": -721000, "operatingExpenses": 442662000, "costAndExpenses": 757089000, "interestIncome": 1205000, "interestExpense": 22237000, "depreciationAndAmortization": 18536000, "ebitda": 92802000, "ebitdaratio": 0.1116924288, "operatingIncome": 73782000, "operatingIncomeRatio": 0.0888007886, "totalOtherIncomeExpensesNet": -721000, "incomeBeforeTax": 52029000, "incomeBeforeTaxRatio": 0.0626198291, "incomeTaxExpense": 10825000, "netIncome": 41204000, "netIncomeRatio": 0.0495913325, "eps": 0.74, "epsdiluted": 0.72, "weightedAverageShsOut": 55898000, "weightedAverageShsOutDil": 57032000, "link": "https://www.sec.gov/Archives/edgar/data/917520/000091752013000023/0000917520-13-000023-index.htm", "finalLink": "https://www.sec.gov/Archives/edgar/data/917520/000091752013000023/iart-20121231x10k.htm", "calculatedOtherExpenses": 18536000, "calculatedOperatingExpenses": 442662000, "calculatedNetInterest": -21032000, "calculatedOtherIncome": -721000, "calculatedIncomeNonControlling": 0, "calculatedEbitda": 92318000}, {"date": "2011-12-31", "symbol": "IART", "reportedCurrency": "USD", "cik": "0000917520", "fillingDate": "2012-02-27", "acceptedDate": "2012-02-27 16:03:47", "calendarYear": "2011", "period": "FY", "revenue": 780078000, "costOfRevenue": 299150000, "grossProfit": 480928000, "grossProfitRatio": 0.6165127077, "researchAndDevelopmentExpenses": 51451000, "generalAndAdministrativeExpenses": 358132000, "sellingAndMarketingExpenses": 0, "sellingGeneralAndAdministrativeExpenses": 358132000, "otherExpenses": 16433000, "operatingExpenses": 426016000, "costAndExpenses": 725166000, "interestIncome": 465000, "interestExpense": 27640000, "depreciationAndAmortization": 16433000, "ebitda": 71810000, "ebitdaratio": 0.0920548971, "operatingIncome": 54912000, "operatingIncomeRatio": 0.0703929607, "totalOtherIncomeExpensesNet": 757000, "incomeBeforeTax": 28494000, "incomeBeforeTaxRatio": 0.0365271165, "incomeTaxExpense": 505000, "netIncome": 27989000, "netIncomeRatio": 0.0358797454, "eps": 0.52, "epsdiluted": 0.48, "weightedAverageShsOut": 53662000, "weightedAverageShsOutDil": 58990000, "link": "https://www.sec.gov/Archives/edgar/data/917520/000119312512081503/0001193125-12-081503-index.htm", "finalLink": "https://www.sec.gov/Archives/edgar/data/917520/000119312512081503/d261286d10k.htm", "calculatedOtherExpenses": 16433000, "calculatedOperatingExpenses": 426016000, "calculatedNetInterest": -27175000, "calculatedOtherIncome": 757000, "calculatedIncomeNonControlling": 0, "calculatedEbitda": 71345000}, {"date": "2010-12-31", "symbol": "IART", "reportedCurrency": "USD", "cik": "0000917520", "fillingDate": "2011-02-24", "acceptedDate": "2011-02-24 10:36:34", "calendarYear": "2010", "period": "FY", "revenue": 732068000, "costOfRevenue": 268188000, "grossProfit": 463880000, "grossProfitRatio": 0.6336569827, "researchAndDevelopmentExpenses": 48114000, "generalAndAdministrativeExpenses": 305055000, "sellingAndMarketingExpenses": 0, "sellingGeneralAndAdministrativeExpenses": 305055000, "otherExpenses": 12017000, "operatingExpenses": 365186000, "costAndExpenses": 633374000, "interestIncome": 225000, "interestExpense": 18356000, "depreciationAndAmortization": 39172000, "ebitda": 138091000, "ebitdaratio": 0.188631384, "operatingIncome": 98694000, "operatingIncomeRatio": 0.134815345, "totalOtherIncomeExpensesNet": 1551000, "incomeBeforeTax": 82114000, "incomeBeforeTaxRatio": 0.1121671757, "incomeTaxExpense": 16445000, "netIncome": 65669000, "netIncomeRatio": 0.0897034155, "eps": 1.11, "epsdiluted": 1.09, "weightedAverageShsOut": 59096000, "weightedAverageShsOutDil": 60298000, "link": "https://www.sec.gov/Archives/edgar/data/917520/000095012311017602/0000950123-11-017602-index.htm", "finalLink": "https://www.sec.gov/Archives/edgar/data/917520/000095012311017602/w80860e10vk.htm", "calculatedOtherExpenses": 12017000, "calculatedOperatingExpenses": 365186000, "calculatedNetInterest": -18131000, "calculatedOtherIncome": 1551000, "calculatedIncomeNonControlling": 0, "calculatedEbitda": 137866000}, {"date": "2009-12-31", "symbol": "IART", "reportedCurrency": "USD", "cik": "0000917520", "fillingDate": "2010-03-01", "acceptedDate": "2010-03-01 06:03:04", "calendarYear": "2009", "period": "FY", "revenue": 682487000, "costOfRevenue": 244918000, "grossProfit": 437569000, "grossProfitRatio": 0.6411389521, "researchAndDevelopmentExpenses": 44280000, "generalAndAdministrativeExpenses": 281102000, "sellingAndMarketingExpenses": 0, "sellingGeneralAndAdministrativeExpenses": 281102000, "otherExpenses": 14363000, "operatingExpenses": 339745000, "costAndExpenses": 584663000, "interestIncome": 631000, "interestExpense": 23227000, "depreciationAndAmortization": 39688000, "ebitda": 138143000, "ebitdaratio": 0.2024111815, "operatingIncome": 97824000, "operatingIncomeRatio": 0.1433345983, "totalOtherIncomeExpensesNet": -2076000, "incomeBeforeTax": 73152000, "incomeBeforeTaxRatio": 0.1071844592, "incomeTaxExpense": 22197000, "netIncome": 50955000, "netIncomeRatio": 0.0746607628, "eps": 0.88, "epsdiluted": 0.87, "weightedAverageShsOut": 58076000, "weightedAverageShsOutDil": 58584000, "link": "https://www.sec.gov/Archives/edgar/data/917520/000095012310018591/0000950123-10-018591-index.htm", "finalLink": "https://www.sec.gov/Archives/edgar/data/917520/000095012310018591/y82871e10vk.htm", "calculatedOtherExpenses": 14363000, "calculatedOperatingExpenses": 339745000, "calculatedNetInterest": -22596000, "calculatedOtherIncome": -2076000, "calculatedIncomeNonControlling": 0, "calculatedEbitda": 137512000}, {"date": "2008-12-31", "symbol": "IART", "reportedCurrency": "USD", "cik": "0000917520", "fillingDate": "2009-03-03", "acceptedDate": "2009-03-03 06:01:22", "calendarYear": "2008", "period": "FY", "revenue": 654604000, "costOfRevenue": 252826000, "grossProfit": 401778000, "grossProfitRatio": 0.6137726015, "researchAndDevelopmentExpenses": 60495000, "generalAndAdministrativeExpenses": 280997000, "sellingAndMarketingExpenses": 0, "sellingGeneralAndAdministrativeExpenses": 280997000, "otherExpenses": 12875000, "operatingExpenses": 354367000, "costAndExpenses": 607193000, "interestIncome": 2114000, "interestExpense": -17614000, "depreciationAndAmortization": 33148000, "ebitda": 81464000, "ebitdaratio": 0.1244477577, "operatingIncome": 47411000, "operatingIncomeRatio": 0.072426994, "totalOtherIncomeExpensesNet": -905000, "incomeBeforeTax": 31006000, "incomeBeforeTaxRatio": 0.0473660411, "incomeTaxExpense": -3927000, "netIncome": 34933000, "netIncomeRatio": 0.0533650879, "eps": 0.49, "epsdiluted": 0.48, "weightedAverageShsOut": 55562000, "weightedAverageShsOutDil": 56756000, "link": "https://www.sec.gov/Archives/edgar/data/917520/000136231009003062/0001362310-09-003062-index.htm", "finalLink": "https://www.sec.gov/Archives/edgar/data/917520/000136231009003062/c81796e10vk.htm", "calculatedOtherExpenses": 12875000, "calculatedOperatingExpenses": 354367000, "calculatedNetInterest": 19728000, "calculatedOtherIncome": -36133000, "calculatedIncomeNonControlling": 0, "calculatedEbitda": 80559000}, {"date": "2007-12-31", "symbol": "IART", "reportedCurrency": "USD", "cik": "0000917520", "fillingDate": "2008-05-16", "acceptedDate": "2008-05-16 16:47:00", "calendarYear": "2007", "period": "FY", "revenue": 550459000, "costOfRevenue": 214674000, "grossProfit": 335785000, "grossProfitRatio": 0.6100091015, "researchAndDevelopmentExpenses": 30658000, "generalAndAdministrativeExpenses": 225187000, "sellingAndMarketingExpenses": 0, "sellingGeneralAndAdministrativeExpenses": 225187000, "otherExpenses": 12652000, "operatingExpenses": 268497000, "costAndExpenses": 483171000, "interestIncome": 3552000, "interestExpense": -13749000, "depreciationAndAmortization": 27039000, "ebitda": 91356000, "ebitdaratio": 0.1659633143, "operatingIncome": 67288000, "operatingIncomeRatio": 0.1222398035, "totalOtherIncomeExpensesNet": 2971000, "incomeBeforeTax": 60062000, "incomeBeforeTaxRatio": 0.109112577, "incomeTaxExpense": 26591000, "netIncome": 33471000, "netIncomeRatio": 0.0608056186, "eps": 0.61, "epsdiluted": 0.56, "weightedAverageShsOut": 55424000, "weightedAverageShsOutDil": 59156000, "link": "https://www.sec.gov/Archives/edgar/data/917520/000095012308005803/0000950123-08-005803-index.htm", "finalLink": "https://www.sec.gov/Archives/edgar/data/917520/000095012308005803/y51439e10vk.htm", "calculatedOtherExpenses": 12652000, "calculatedOperatingExpenses": 268497000, "calculatedNetInterest": 17301000, "calculatedOtherIncome": -24527000, "calculatedIncomeNonControlling": 0, "calculatedEbitda": 94327000}, {"date": "2006-12-31", "symbol": "IART", "reportedCurrency": "USD", "cik": "0000917520", "fillingDate": "2007-03-02", "acceptedDate": "2007-03-02 08:16:21", "calendarYear": "2006", "period": "FY", "revenue": 419297000, "costOfRevenue": 168314000, "grossProfit": 250983000, "grossProfitRatio": 0.5985804811, "researchAndDevelopmentExpenses": 25732000, "generalAndAdministrativeExpenses": 157706000, "sellingAndMarketingExpenses": 0, "sellingGeneralAndAdministrativeExpenses": 157706000, "otherExpenses": 8801000, "operatingExpenses": 192239000, "costAndExpenses": 360553000, "interestIncome": 2194000, "interestExpense": -10620000, "depreciationAndAmortization": 21478000, "ebitda": 82232000, "ebitdaratio": 0.1961187416, "operatingIncome": 58744000, "operatingIncomeRatio": 0.1401011693, "totalOtherIncomeExpensesNet": -2010000, "incomeBeforeTax": 48308000, "incomeBeforeTaxRatio": 0.1152118904, "incomeTaxExpense": 18901000, "netIncome": 29407000, "netIncomeRatio": 0.0701340577, "eps": 0.5, "epsdiluted": 0.49, "weightedAverageShsOut": 58600000, "weightedAverageShsOutDil": 65494000, "link": "https://www.sec.gov/Archives/edgar/data/917520/000136231007000206/0001362310-07-000206-index.htm", "finalLink": "https://www.sec.gov/Archives/edgar/data/917520/000136231007000206/c70238e10vk.htm", "calculatedOtherExpenses": 8801000, "calculatedOperatingExpenses": 192239000, "calculatedNetInterest": 12814000, "calculatedOtherIncome": -23250000, "calculatedIncomeNonControlling": 0, "calculatedEbitda": 80222000}, {"date": "2005-12-31", "symbol": "IART", "reportedCurrency": "USD", "cik": "0000917520", "fillingDate": "2006-03-15", "acceptedDate": "2006-03-15 15:22:34", "calendarYear": "2005", "period": "FY", "revenue": 277935000, "costOfRevenue": 105536000, "grossProfit": 172399000, "grossProfitRatio": 0.6202853185, "researchAndDevelopmentExpenses": 11960000, "generalAndAdministrativeExpenses": 98273000, "sellingAndMarketingExpenses": 0, "sellingGeneralAndAdministrativeExpenses": 98273000, "otherExpenses": 6061000, "operatingExpenses": 116294000, "costAndExpenses": 221830000, "interestIncome": 0, "interestExpense": 0, "depreciationAndAmortization": 13221000, "ebitda": 70065000, "ebitdaratio": 0.2520913163, "operatingIncome": 56105000, "operatingIncomeRatio": 0.2018637451, "totalOtherIncomeExpensesNet": -739000, "incomeBeforeTax": 55101000, "incomeBeforeTaxRatio": 0.1982513897, "incomeTaxExpense": 17907000, "netIncome": 37194000, "netIncomeRatio": 0.1338226564, "eps": 0.62, "epsdiluted": 0.57, "weightedAverageShsOut": 60390000, "weightedAverageShsOutDil": 69130000, "link": "https://www.sec.gov/Archives/edgar/data/917520/000091752006000066/0000917520-06-000066-index.htm", "finalLink": "https://www.sec.gov/Archives/edgar/data/917520/000091752006000066/form10k031406.txt", "calculatedOtherExpenses": 6061000, "calculatedOperatingExpenses": 116294000, "calculatedNetInterest": 0, "calculatedOtherIncome": -1004000, "calculatedIncomeNonControlling": 0, "calculatedEbitda": 69326000}, {"date": "2004-12-31", "symbol": "IART", "reportedCurrency": "USD", "cik": "0000917520", "fillingDate": "2005-03-16", "acceptedDate": "2005-03-16 12:50:49", "calendarYear": "2004", "period": "FY", "revenue": 229825000, "costOfRevenue": 87299000, "grossProfit": 142526000, "grossProfitRatio": 0.6201501142, "researchAndDevelopmentExpenses": 14121000, "generalAndAdministrativeExpenses": 99360000, "sellingAndMarketingExpenses": 0, "sellingGeneralAndAdministrativeExpenses": 99360000, "otherExpenses": 4266000, "operatingExpenses": 117747000, "costAndExpenses": 205046000, "interestIncome": 0, "interestExpense": 0, "depreciationAndAmortization": 11592000, "ebitda": 32362000, "ebitdaratio": 0.140811487, "operatingIncome": 24779000, "operatingIncomeRatio": 0.1078168171, "totalOtherIncomeExpensesNet": 4009000, "incomeBeforeTax": 28008000, "incomeBeforeTaxRatio": 0.1218666377, "incomeTaxExpense": 10811000, "netIncome": 17197000, "netIncomeRatio": 0.0748264984, "eps": 0.28, "epsdiluted": 0.28, "weightedAverageShsOut": 60128000, "weightedAverageShsOutDil": 62204000, "link": "https://www.sec.gov/Archives/edgar/data/917520/000095012305003217/0000950123-05-003217-index.htm", "finalLink": "https://www.sec.gov/Archives/edgar/data/917520/000095012305003217/y06769e10vk.txt", "calculatedOtherExpenses": 4266000, "calculatedOperatingExpenses": 117747000, "calculatedNetInterest": 0, "calculatedOtherIncome": 3229000, "calculatedIncomeNonControlling": 0, "calculatedEbitda": 36371000}, {"date": "2003-12-31", "symbol": "IART", "reportedCurrency": "USD", "cik": "0000917520", "fillingDate": "2004-03-12", "acceptedDate": "2004-03-12 15:22:38", "calendarYear": "2003", "period": "FY", "revenue": 185599000, "costOfRevenue": 70597000, "grossProfit": 115002000, "grossProfitRatio": 0.6196261833, "researchAndDevelopmentExpenses": 12814000, "generalAndAdministrativeExpenses": 59461000, "sellingAndMarketingExpenses": 0, "sellingGeneralAndAdministrativeExpenses": 59461000, "otherExpenses": 3080000, "operatingExpenses": 75355000, "costAndExpenses": 145952000, "interestIncome": 0, "interestExpense": 0, "depreciationAndAmortization": 9043000, "ebitda": 26715000, "ebitdaratio": 0.1439393531, "operatingIncome": 39647000, "operatingIncomeRatio": 0.2136164527, "totalOtherIncomeExpensesNet": 21975000, "incomeBeforeTax": 43189000, "incomeBeforeTaxRatio": 0.2327006072, "incomeTaxExpense": 16328000, "netIncome": 26861000, "netIncomeRatio": 0.1447259953, "eps": 0.46, "epsdiluted": 0.43, "weightedAverageShsOut": 58142000, "weightedAverageShsOutDil": 66208000, "link": "https://www.sec.gov/Archives/edgar/data/917520/000091752004000014/0000917520-04-000014-index.htm", "finalLink": "https://www.sec.gov/Archives/edgar/data/917520/000091752004000014/form10k31104.txt", "calculatedOtherExpenses": 3080000, "calculatedOperatingExpenses": 75355000, "calculatedNetInterest": 0, "calculatedOtherIncome": 3542000, "calculatedIncomeNonControlling": 0, "calculatedEbitda": 48690000}, {"date": "2002-12-31", "symbol": "IART", "reportedCurrency": "USD", "cik": "0000917520", "fillingDate": "2003-03-21", "acceptedDate": "2003-03-21 17:14:12", "calendarYear": "2002", "period": "FY", "revenue": 112625000, "costOfRevenue": 45772000, "grossProfit": 66853000, "grossProfitRatio": 0.5935893452, "researchAndDevelopmentExpenses": 8304000, "generalAndAdministrativeExpenses": 40587000, "sellingAndMarketingExpenses": 0, "sellingGeneralAndAdministrativeExpenses": 40587000, "otherExpenses": -3553000, "operatingExpenses": 45338000, "costAndExpenses": 91110000, "interestIncome": 0, "interestExpense": 0, "depreciationAndAmortization": 7162000, "ebitda": 25805000, "ebitdaratio": 0.2291231964, "operatingIncome": 19187000, "operatingIncomeRatio": 0.1703618202, "totalOtherIncomeExpensesNet": 2872000, "incomeBeforeTax": 22725000, "incomeBeforeTaxRatio": 0.2017758047, "incomeTaxExpense": -12552000, "netIncome": 35277000, "netIncomeRatio": 0.3132253052, "eps": 0.61, "epsdiluted": 0.57, "weightedAverageShsOut": 58042000, "weightedAverageShsOutDil": 61790000, "link": "https://www.sec.gov/Archives/edgar/data/917520/000091752003000005/0000917520-03-000005-index.htm", "finalLink": "https://www.sec.gov/Archives/edgar/data/917520/000091752003000005/form10k032003.txt", "calculatedOtherExpenses": -1225000, "calculatedOperatingExpenses": 47666000, "calculatedNetInterest": 0, "calculatedOtherIncome": 3538000, "calculatedIncomeNonControlling": 0, "calculatedEbitda": 26349000}, {"date": "2001-12-31", "symbol": "IART", "reportedCurrency": "USD", "cik": "0000917520", "fillingDate": "2002-03-27", "acceptedDate": "2002-03-27 00:00:00", "calendarYear": "2001", "period": "FY", "revenue": 93442000, "costOfRevenue": 36014000, "grossProfit": 57428000, "grossProfitRatio": 0.6145844481, "researchAndDevelopmentExpenses": 7992000, "generalAndAdministrativeExpenses": 32366000, "sellingAndMarketingExpenses": 0, "sellingGeneralAndAdministrativeExpenses": 32366000, "otherExpenses": 2784000, "operatingExpenses": 43142000, "costAndExpenses": 79156000, "interestIncome": 0, "interestExpense": 0, "depreciationAndAmortization": 6257000, "ebitda": 14924000, "ebitdaratio": 0.1597140472, "operatingIncome": 14286000, "operatingIncomeRatio": 0.1528862824, "totalOtherIncomeExpensesNet": 5619000, "incomeBeforeTax": 15543000, "incomeBeforeTaxRatio": 0.1663384773, "incomeTaxExpense": -10863000, "netIncome": 26163000, "netIncomeRatio": 0.2799918666, "eps": 0.54, "epsdiluted": 0.47, "weightedAverageShsOut": 46706000, "weightedAverageShsOutDil": 55592000, "link": "https://www.sec.gov/Archives/edgar/data/917520/000093041302001058/0000930413-02-001058-index.htm", "finalLink": "https://www.sec.gov/Archives/edgar/data/917520/000093041302001058/c23804_10k-.txt", "calculatedOtherExpenses": 2784000, "calculatedOperatingExpenses": 43142000, "calculatedNetInterest": 0, "calculatedOtherIncome": 1257000, "calculatedIncomeNonControlling": 243000, "calculatedEbitda": 20543000}, {"date": "2000-12-31", "symbol": "IART", "reportedCurrency": "USD", "cik": "0000917520", "fillingDate": "2001-04-02", "acceptedDate": "2001-04-02 00:00:00", "calendarYear": "2000", "period": "FY", "revenue": 64987000, "costOfRevenue": 26816000, "grossProfit": 38171000, "grossProfitRatio": 0.5873636266, "researchAndDevelopmentExpenses": 7524000, "generalAndAdministrativeExpenses": 43854000, "sellingAndMarketingExpenses": 0, "sellingGeneralAndAdministrativeExpenses": 43854000, "otherExpenses": 5176000, "operatingExpenses": 56554000, "costAndExpenses": 83370000, "interestIncome": 0, "interestExpense": 0, "depreciationAndAmortization": 5176000, "ebitda": -21216000, "ebitdaratio": -0.3264652931, "operatingIncome": -18383000, "operatingIncomeRatio": -0.282871959, "totalOtherIncomeExpensesNet": 8009000, "incomeBeforeTax": -10847000, "incomeBeforeTaxRatio": -0.1669103051, "incomeTaxExpense": 108000, "netIncome": -11425000, "netIncomeRatio": -0.1758043916, "eps": -0.33, "epsdiluted": -0.33, "weightedAverageShsOut": 35106000, "weightedAverageShsOutDil": 35106000, "link": "https://www.sec.gov/Archives/edgar/data/917520/000093041301500169/0000930413-01-500169-index.htm", "finalLink": "https://www.sec.gov/Archives/edgar/data/917520/000093041301500169/c20426-10k.txt", "calculatedOtherExpenses": 5176000, "calculatedOperatingExpenses": 56554000, "calculatedNetInterest": 0, "calculatedOtherIncome": 7536000, "calculatedIncomeNonControlling": 470000, "calculatedEbitda": -13207000}, {"date": "1999-12-31", "symbol": "IART", "reportedCurrency": "USD", "cik": "0000917520", "fillingDate": "2000-03-30", "acceptedDate": "2000-03-30 00:00:00", "calendarYear": "1999", "period": "FY", "revenue": 42500000, "costOfRevenue": 21800000, "grossProfit": 20700000, "grossProfitRatio": 0.4870588235, "researchAndDevelopmentExpenses": 8700000, "generalAndAdministrativeExpenses": 22200000, "sellingAndMarketingExpenses": 0, "sellingGeneralAndAdministrativeExpenses": 22200000, "otherExpenses": 2200000, "operatingExpenses": 33100000, "costAndExpenses": 54900000, "interestIncome": 0, "interestExpense": 0, "depreciationAndAmortization": 2200000, "ebitda": -14500000, "ebitdaratio": -0.3411764706, "operatingIncome": -12400000, "operatingIncomeRatio": -0.2917647059, "totalOtherIncomeExpensesNet": 4300000, "incomeBeforeTax": -7800000, "incomeBeforeTaxRatio": -0.1835294118, "incomeTaxExpense": -1800000, "netIncome": -6000000, "netIncomeRatio": -0.1411764706, "eps": -0.18, "epsdiluted": -0.18, "weightedAverageShsOut": 33604000, "weightedAverageShsOutDil": 34117647, "link": "https://www.sec.gov/Archives/edgar/data/917520/000100547700002690/0001005477-00-002690-index.html", "finalLink": "https://www.sec.gov/Archives/edgar/data/917520/000100547700002690/", "calculatedOtherExpenses": 2200000, "calculatedOperatingExpenses": 33100000, "calculatedNetInterest": 0, "calculatedOtherIncome": 4600000, "calculatedIncomeNonControlling": 0, "calculatedEbitda": -10200000}, {"date": "1998-12-31", "symbol": "IART", "reportedCurrency": "USD", "cik": "0000917520", "fillingDate": "1999-03-31", "acceptedDate": "1999-03-31 00:00:00", "calendarYear": "1998", "period": "FY", "revenue": 17500000, "costOfRevenue": 6100000, "grossProfit": 11400000, "grossProfitRatio": 0.6514285714, "researchAndDevelopmentExpenses": 8400000, "generalAndAdministrativeExpenses": 15800000, "sellingAndMarketingExpenses": 0, "sellingGeneralAndAdministrativeExpenses": 15800000, "otherExpenses": 1300000, "operatingExpenses": 25500000, "costAndExpenses": 31600000, "interestIncome": 0, "interestExpense": 0, "depreciationAndAmortization": 1300000, "ebitda": -14600000, "ebitdaratio": -0.8342857143, "operatingIncome": -14100000, "operatingIncomeRatio": -0.8057142857, "totalOtherIncomeExpensesNet": 1800000, "incomeBeforeTax": -12300000, "incomeBeforeTaxRatio": -0.7028571429, "incomeTaxExpense": -1800000, "netIncome": -12300000, "netIncomeRatio": -0.7028571429, "eps": -0.38, "epsdiluted": -0.38, "weightedAverageShsOut": 32278000, "weightedAverageShsOutDil": 32278000, "link": "https://www.sec.gov/Archives/edgar/data/917520/000088981299001063/0000889812-99-001063-index.html", "finalLink": "https://www.sec.gov/Archives/edgar/data/917520/", "calculatedOtherExpenses": 1300000, "calculatedOperatingExpenses": 25500000, "calculatedNetInterest": 0, "calculatedOtherIncome": 1800000, "calculatedIncomeNonControlling": 1800000, "calculatedEbitda": -12800000}, {"date": "1997-12-31", "symbol": "IART", "reportedCurrency": "USD", "cik": "0000917520", "fillingDate": "1998-03-31", "acceptedDate": "1998-03-31 00:00:00", "calendarYear": "1997", "period": "FY", "revenue": 14700000, "costOfRevenue": 5200000, "grossProfit": 9500000, "grossProfitRatio": 0.6462585034, "researchAndDevelopmentExpenses": 6400000, "generalAndAdministrativeExpenses": 20300000, "sellingAndMarketingExpenses": 0, "sellingGeneralAndAdministrativeExpenses": 20300000, "otherExpenses": 1800000, "operatingExpenses": 28500000, "costAndExpenses": 33700000, "interestIncome": 0, "interestExpense": 0, "depreciationAndAmortization": 1800000, "ebitda": -19200000, "ebitdaratio": -1.306122449, "operatingIncome": -19000000, "operatingIncomeRatio": -1.2925170068, "totalOtherIncomeExpensesNet": 2000000, "incomeBeforeTax": -17000000, "incomeBeforeTaxRatio": -1.156462585, "incomeTaxExpense": -2000000, "netIncome": -17000000, "netIncomeRatio": -1.156462585, "eps": -0.58, "epsdiluted": -0.58, "weightedAverageShsOut": 29565217, "weightedAverageShsOutDil": 29565217, "link": "https://www.sec.gov/Archives/edgar/data/917520/000088981298000834/0000889812-98-000834-index.html", "finalLink": "https://www.sec.gov/Archives/edgar/data/917520/", "calculatedOtherExpenses": 1800000, "calculatedOperatingExpenses": 28500000, "calculatedNetInterest": 0, "calculatedOtherIncome": 2000000, "calculatedIncomeNonControlling": 2000000, "calculatedEbitda": -17200000}, {"date": "1996-12-31", "symbol": "IART", "reportedCurrency": "USD", "cik": "0000917520", "fillingDate": "1997-03-28", "acceptedDate": "1997-03-28 00:00:00", "calendarYear": "1996", "period": "FY", "revenue": 13100000, "costOfRevenue": 4700000, "grossProfit": 8400000, "grossProfitRatio": 0.641221374, "researchAndDevelopmentExpenses": 6300000, "generalAndAdministrativeExpenses": 9600000, "sellingAndMarketingExpenses": 0, "sellingGeneralAndAdministrativeExpenses": 9600000, "otherExpenses": 2000000, "operatingExpenses": 17900000, "costAndExpenses": 22600000, "interestIncome": 0, "interestExpense": 0, "depreciationAndAmortization": 2000000, "ebitda": -9400000, "ebitdaratio": -0.7175572519, "operatingIncome": -9500000, "operatingIncomeRatio": -0.7251908397, "totalOtherIncomeExpensesNet": 1900000, "incomeBeforeTax": -7600000, "incomeBeforeTaxRatio": -0.5801526718, "incomeTaxExpense": -2000000, "netIncome": -7500000, "netIncomeRatio": -0.572519084, "eps": -0.27, "epsdiluted": -0.27, "weightedAverageShsOut": 28113869, "weightedAverageShsOutDil": 28113869, "link": "https://www.sec.gov/Archives/edgar/data/917520/000088981297000821/0000889812-97-000821-index.html", "finalLink": "https://www.sec.gov/Archives/edgar/data/917520/", "calculatedOtherExpenses": 2000000, "calculatedOperatingExpenses": 17900000, "calculatedNetInterest": 0, "calculatedOtherIncome": 1900000, "calculatedIncomeNonControlling": 1900000, "calculatedEbitda": -7500000}, {"date": "1995-12-31", "symbol": "IART", "reportedCurrency": "USD", "cik": "0000917520", "fillingDate": "1995-12-31", "acceptedDate": "1995-12-30 19:00:00", "calendarYear": "1995", "period": "FY", "revenue": 10200000, "costOfRevenue": 3500000, "grossProfit": 6700000, "grossProfitRatio": 0.6568627451, "researchAndDevelopmentExpenses": 5200000, "generalAndAdministrativeExpenses": 0, "sellingAndMarketingExpenses": 0, "sellingGeneralAndAdministrativeExpenses": 6100000, "otherExpenses": 1400000, "operatingExpenses": 12700000, "costAndExpenses": 16200000, "interestIncome": 0, "interestExpense": 0, "depreciationAndAmortization": 1400000, "ebitda": 14700000, "ebitdaratio": 1.4411764706, "operatingIncome": -6000000, "operatingIncomeRatio": -0.5882352941, "totalOtherIncomeExpensesNet": -19300000, "incomeBeforeTax": -25300000, "incomeBeforeTaxRatio": -2.4803921569, "incomeTaxExpense": 19400000, "netIncome": -25400000, "netIncomeRatio": -2.4901960784, "eps": -1.21, "epsdiluted": -1.21, "weightedAverageShsOut": 20991736, "weightedAverageShsOutDil": 20991736, "link": "", "finalLink": "", "calculatedOtherExpenses": 1400000, "calculatedOperatingExpenses": 12700000, "calculatedNetInterest": 0, "calculatedOtherIncome": -19300000, "calculatedIncomeNonControlling": -19300000, "calculatedEbitda": -4600000}]}