{"originalCurrency": "USD", "convertedCurrency": "USD", "report": [{"date": "2023-12-31", "symbol": "IBKR", "reportedCurrency": "USD", "cik": "0001381197", "fillingDate": "2023-12-31", "acceptedDate": "2023-12-30 19:00:00", "calendarYear": "2023", "period": "FY", "revenue": 7856000000, "costOfRevenue": 480000000, "grossProfit": 7376000000, "grossProfitRatio": 0.9389002037, "researchAndDevelopmentExpenses": 0, "generalAndAdministrativeExpenses": 252000000, "sellingAndMarketingExpenses": 633000000, "sellingGeneralAndAdministrativeExpenses": 252000000, "otherExpenses": -791000000, "operatingExpenses": 791000000, "costAndExpenses": 1271000000, "interestIncome": 0, "interestExpense": 3436000000, "depreciationAndAmortization": 94000000, "ebitda": 6679000000, "ebitdaratio": 0.8501782077, "operatingIncome": 6585000000, "operatingIncomeRatio": 0.838212831, "totalOtherIncomeExpensesNet": -3516000000, "incomeBeforeTax": 3069000000, "incomeBeforeTaxRatio": 0.3906568228, "incomeTaxExpense": 257000000, "netIncome": 600000000, "netIncomeRatio": 0.0763747454, "eps": 5.72, "epsdiluted": 5.67, "weightedAverageShsOut": 104965050, "weightedAverageShsOutDil": 105846877, "link": null, "finalLink": null, "calculatedOtherExpenses": 539000000, "calculatedOperatingExpenses": 791000000, "calculatedNetInterest": -3436000000, "calculatedOtherIncome": -80000000, "calculatedIncomeNonControlling": 2212000000, "calculatedEbitda": 6679000000}, {"date": "2022-12-31", "symbol": "IBKR", "reportedCurrency": "USD", "cik": "0001381197", "fillingDate": "2022-12-31", "acceptedDate": "2022-12-30 19:00:00", "calendarYear": "2022", "period": "FY", "revenue": 4085000000, "costOfRevenue": 1796000000, "grossProfit": 2289000000, "grossProfitRatio": 0.5603427173, "researchAndDevelopmentExpenses": 0, "generalAndAdministrativeExpenses": 198000000, "sellingAndMarketingExpenses": 0, "sellingGeneralAndAdministrativeExpenses": 198000000, "otherExpenses": -107000000, "operatingExpenses": 288000000, "costAndExpenses": 2084000000, "interestIncome": 0, "interestExpense": 1018000000, "depreciationAndAmortization": 90000000, "ebitda": 2094000000, "ebitdaratio": 0.5126070991, "operatingIncome": 2098000000, "operatingIncomeRatio": 0.5135862913, "totalOtherIncomeExpensesNet": -3000000, "incomeBeforeTax": 1998000000, "incomeBeforeTaxRatio": 0.4891064871, "incomeTaxExpense": 156000000, "netIncome": 380000000, "netIncomeRatio": 0.0930232558, "eps": 3.78, "epsdiluted": 3.75, "weightedAverageShsOut": 100460016, "weightedAverageShsOutDil": 101299609, "link": null, "finalLink": null, "calculatedOtherExpenses": -7000000, "calculatedOperatingExpenses": 191000000, "calculatedNetInterest": -1018000000, "calculatedOtherIncome": 918000000, "calculatedIncomeNonControlling": 1462000000, "calculatedEbitda": 2188000000}, {"date": "2021-12-31", "symbol": "IBKR", "reportedCurrency": "USD", "cik": "0001381197", "fillingDate": "2022-02-25", "acceptedDate": "2022-02-25 17:24:08", "calendarYear": "2021", "period": "FY", "revenue": 2751000000, "costOfRevenue": 859000000, "grossProfit": 1892000000, "grossProfitRatio": 0.6877499091, "researchAndDevelopmentExpenses": 0, "generalAndAdministrativeExpenses": 176000000, "sellingAndMarketingExpenses": 482000000, "sellingGeneralAndAdministrativeExpenses": 658000000, "otherExpenses": -2000000, "operatingExpenses": 289000000, "costAndExpenses": 1148000000, "interestIncome": 0, "interestExpense": 224000000, "depreciationAndAmortization": 74000000, "ebitda": 1793000000, "ebitdaratio": 0.6517629953, "operatingIncome": 1719000000, "operatingIncomeRatio": 0.6248636859, "totalOtherIncomeExpensesNet": 68000000, "incomeBeforeTax": 1787000000, "incomeBeforeTaxRatio": 0.6495819702, "incomeTaxExpense": 151000000, "netIncome": 308000000, "netIncomeRatio": 0.1119592875, "eps": 3.27, "epsdiluted": 3.24, "weightedAverageShsOut": 94167572, "weightedAverageShsOutDil": 95009880, "link": "https://www.sec.gov/Archives/edgar/data/1381197/000138119722000010/0001381197-22-000010-index.htm", "finalLink": "https://www.sec.gov/Archives/edgar/data/1381197/000138119722000010/ibkr-20211231x10k.htm", "calculatedOtherExpenses": -485000000, "calculatedOperatingExpenses": 173000000, "calculatedNetInterest": -224000000, "calculatedOtherIncome": 292000000, "calculatedIncomeNonControlling": 1328000000, "calculatedEbitda": 1793000000}, {"date": "2020-12-31", "symbol": "IBKR", "reportedCurrency": "USD", "cik": "0001381197", "fillingDate": "2021-03-01", "acceptedDate": "2021-03-01 06:23:58", "calendarYear": "2020", "period": "FY", "revenue": 2237000000, "costOfRevenue": 879000000, "grossProfit": 1358000000, "grossProfitRatio": 0.6070630308, "researchAndDevelopmentExpenses": 0, "generalAndAdministrativeExpenses": 133000000, "sellingAndMarketingExpenses": 406000000, "sellingGeneralAndAdministrativeExpenses": 539000000, "otherExpenses": 59000000, "operatingExpenses": 331000000, "costAndExpenses": 1210000000, "interestIncome": 1133000000, "interestExpense": 261000000, "depreciationAndAmortization": 62000000, "ebitda": 1282000000, "ebitdaratio": 0.5730889584, "operatingIncome": 1220000000, "operatingIncomeRatio": 0.5453732678, "totalOtherIncomeExpensesNet": 36000000, "incomeBeforeTax": 1256000000, "incomeBeforeTaxRatio": 0.5614662494, "incomeTaxExpense": 77000000, "netIncome": 195000000, "netIncomeRatio": 0.0871703174, "eps": 2.44, "epsdiluted": 2.42, "weightedAverageShsOut": 79939289, "weightedAverageShsOutDil": 80638908, "link": "https://www.sec.gov/Archives/edgar/data/1381197/000138119721000008/0001381197-21-000008-index.htm", "finalLink": "https://www.sec.gov/Archives/edgar/data/1381197/000138119721000008/ibkr-20201231x10k.htm", "calculatedOtherExpenses": -401000000, "calculatedOperatingExpenses": 138000000, "calculatedNetInterest": 872000000, "calculatedOtherIncome": -836000000, "calculatedIncomeNonControlling": 984000000, "calculatedEbitda": 1282000000}, {"date": "2019-12-31", "symbol": "IBKR", "reportedCurrency": "USD", "cik": "0001381197", "fillingDate": "2020-02-28", "acceptedDate": "2020-02-28 16:15:11", "calendarYear": "2019", "period": "FY", "revenue": 1997000000, "costOfRevenue": 1182000000, "grossProfit": 815000000, "grossProfitRatio": 0.4081121683, "researchAndDevelopmentExpenses": 0, "generalAndAdministrativeExpenses": 112000000, "sellingAndMarketingExpenses": 392000000, "sellingGeneralAndAdministrativeExpenses": 504000000, "otherExpenses": 7000000, "operatingExpenses": 197000000, "costAndExpenses": 1379000000, "interestIncome": 1726000000, "interestExpense": 643000000, "depreciationAndAmortization": 52000000, "ebitda": 1245000000, "ebitdaratio": 0.6234351527, "operatingIncome": 1193000000, "operatingIncomeRatio": 0.5973960941, "totalOtherIncomeExpensesNet": -36000000, "incomeBeforeTax": 1157000000, "incomeBeforeTaxRatio": 0.5793690536, "incomeTaxExpense": 68000000, "netIncome": 161000000, "netIncomeRatio": 0.0806209314, "eps": 2.12, "epsdiluted": 2.1, "weightedAverageShsOut": 76121570, "weightedAverageShsOutDil": 76825863, "link": "https://www.sec.gov/Archives/edgar/data/1381197/000138119720000006/0001381197-20-000006-index.htm", "finalLink": "https://www.sec.gov/Archives/edgar/data/1381197/000138119720000006/ibkr-20191231x10k.htm", "calculatedOtherExpenses": -882000000, "calculatedOperatingExpenses": -378000000, "calculatedNetInterest": 1083000000, "calculatedOtherIncome": -1119000000, "calculatedIncomeNonControlling": 928000000, "calculatedEbitda": 1245000000}, {"date": "2018-12-31", "symbol": "IBKR", "reportedCurrency": "USD", "cik": "0001381197", "fillingDate": "2019-02-28", "acceptedDate": "2019-02-28 16:24:25", "calendarYear": "2018", "period": "FY", "revenue": 1922000000, "costOfRevenue": 295000000, "grossProfit": 1627000000, "grossProfitRatio": 0.8465140479, "researchAndDevelopmentExpenses": 0, "generalAndAdministrativeExpenses": 96000000, "sellingAndMarketingExpenses": 317000000, "sellingGeneralAndAdministrativeExpenses": 413000000, "otherExpenses": -412000000, "operatingExpenses": 170000000, "costAndExpenses": 1166000000, "interestIncome": 1392000000, "interestExpense": 463000000, "depreciationAndAmortization": 26000000, "ebitda": 1204000000, "ebitdaratio": 0.6264308012, "operatingIncome": 2124000000, "operatingIncomeRatio": 1.1050988554, "totalOtherIncomeExpensesNet": -4000000, "incomeBeforeTax": 1196000000, "incomeBeforeTaxRatio": 0.6222684703, "incomeTaxExpense": 71000000, "netIncome": 169000000, "netIncomeRatio": 0.0879292404, "eps": 2.3, "epsdiluted": 2.28, "weightedAverageShsOut": 73478261, "weightedAverageShsOutDil": 74266370, "link": "https://www.sec.gov/Archives/edgar/data/1381197/000114036119004097/0001140361-19-004097-index.htm", "finalLink": "https://www.sec.gov/Archives/edgar/data/1381197/000114036119004097/bp15115x1_10k.htm", "calculatedOtherExpenses": -910000000, "calculatedOperatingExpenses": -497000000, "calculatedNetInterest": 929000000, "calculatedOtherIncome": -1857000000, "calculatedIncomeNonControlling": 956000000, "calculatedEbitda": 2150000000}, {"date": "2017-12-31", "symbol": "IBKR", "reportedCurrency": "USD", "cik": "0001381197", "fillingDate": "2018-03-01", "acceptedDate": "2018-02-28 19:54:54", "calendarYear": "2017", "period": "FY", "revenue": 1581000000, "costOfRevenue": 266000000, "grossProfit": 1315000000, "grossProfitRatio": 0.8317520557, "researchAndDevelopmentExpenses": 0, "generalAndAdministrativeExpenses": 65000000, "sellingAndMarketingExpenses": 294000000, "sellingGeneralAndAdministrativeExpenses": 359000000, "otherExpenses": -365000000, "operatingExpenses": 161000000, "costAndExpenses": 876000000, "interestIncome": 908000000, "interestExpense": 225000000, "depreciationAndAmortization": 25000000, "ebitda": 1053000000, "ebitdaratio": 0.6660341556, "operatingIncome": 1623000000, "operatingIncomeRatio": 1.0265654649, "totalOtherIncomeExpensesNet": -2000000, "incomeBeforeTax": 1049000000, "incomeBeforeTaxRatio": 0.6635041113, "incomeTaxExpense": 256000000, "netIncome": 76000000, "netIncomeRatio": 0.0480708412, "eps": 1.09, "epsdiluted": 1.07, "weightedAverageShsOut": 70904921, "weightedAverageShsOutDil": 71028103, "link": "https://www.sec.gov/Archives/edgar/data/1381197/000104746918001166/0001047469-18-001166-index.htm", "finalLink": "https://www.sec.gov/Archives/edgar/data/1381197/000104746918001166/a2234631z10-k.htm", "calculatedOtherExpenses": -667000000, "calculatedOperatingExpenses": -308000000, "calculatedNetInterest": 683000000, "calculatedOtherIncome": -1257000000, "calculatedIncomeNonControlling": 717000000, "calculatedEbitda": 1648000000}, {"date": "2016-12-31", "symbol": "IBKR", "reportedCurrency": "USD", "cik": "0001381197", "fillingDate": "2017-02-28", "acceptedDate": "2017-02-28 17:15:47", "calendarYear": "2016", "period": "FY", "revenue": 1436000000, "costOfRevenue": 269000000, "grossProfit": 1167000000, "grossProfitRatio": 0.8126740947, "researchAndDevelopmentExpenses": 0, "generalAndAdministrativeExpenses": 62000000, "sellingAndMarketingExpenses": 299000000, "sellingGeneralAndAdministrativeExpenses": 361000000, "otherExpenses": -366000000, "operatingExpenses": 143000000, "costAndExpenses": 708000000, "interestIncome": 606000000, "interestExpense": 79000000, "depreciationAndAmortization": 25000000, "ebitda": 773000000, "ebitdaratio": 0.5383008357, "operatingIncome": 1299000000, "operatingIncomeRatio": 0.9045961003, "totalOtherIncomeExpensesNet": -6000000, "incomeBeforeTax": 761000000, "incomeBeforeTaxRatio": 0.5299442897, "incomeTaxExpense": 62000000, "netIncome": 84000000, "netIncomeRatio": 0.0584958217, "eps": 1.27, "epsdiluted": 1.25, "weightedAverageShsOut": 67200053, "weightedAverageShsOutDil": 67299413, "link": "https://www.sec.gov/Archives/edgar/data/1381197/000104746917001069/0001047469-17-001069-index.htm", "finalLink": "https://www.sec.gov/Archives/edgar/data/1381197/000104746917001069/a2231013z10-k.htm", "calculatedOtherExpenses": -493000000, "calculatedOperatingExpenses": -132000000, "calculatedNetInterest": 527000000, "calculatedOtherIncome": -1065000000, "calculatedIncomeNonControlling": 615000000, "calculatedEbitda": 1324000000}, {"date": "2015-12-31", "symbol": "IBKR", "reportedCurrency": "USD", "cik": "0001381197", "fillingDate": "2016-02-29", "acceptedDate": "2016-02-29 08:18:42", "calendarYear": "2015", "period": "FY", "revenue": 1395000000, "costOfRevenue": 525000000, "grossProfit": 870000000, "grossProfitRatio": 0.623655914, "researchAndDevelopmentExpenses": 0, "generalAndAdministrativeExpenses": 58000000, "sellingAndMarketingExpenses": 280000000, "sellingGeneralAndAdministrativeExpenses": 338000000, "otherExpenses": -122000000, "operatingExpenses": 127000000, "costAndExpenses": 652000000, "interestIncome": 492000000, "interestExpense": 67000000, "depreciationAndAmortization": 22000000, "ebitda": 750000000, "ebitdaratio": 0.5376344086, "operatingIncome": 828000000, "operatingIncomeRatio": 0.5935483871, "totalOtherIncomeExpensesNet": -146000000, "incomeBeforeTax": 458000000, "incomeBeforeTaxRatio": 0.3283154122, "incomeTaxExpense": 43000000, "netIncome": 49000000, "netIncomeRatio": 0.035125448, "eps": 0.8, "epsdiluted": 0.78, "weightedAverageShsOut": 62509796, "weightedAverageShsOutDil": 62820512, "link": "https://www.sec.gov/Archives/edgar/data/1381197/000104746916010549/0001047469-16-010549-index.htm", "finalLink": "https://www.sec.gov/Archives/edgar/data/1381197/000104746916010549/a2227422z10-k.htm", "calculatedOtherExpenses": -296000000, "calculatedOperatingExpenses": 42000000, "calculatedNetInterest": 425000000, "calculatedOtherIncome": -795000000, "calculatedIncomeNonControlling": 366000000, "calculatedEbitda": 850000000}, {"date": "2014-12-31", "symbol": "IBKR", "reportedCurrency": "USD", "cik": "0001381197", "fillingDate": "2015-03-02", "acceptedDate": "2015-03-02 17:26:45", "calendarYear": "2014", "period": "FY", "revenue": 1228000000, "costOfRevenue": 488500000, "grossProfit": 739500000, "grossProfitRatio": 0.6021986971, "researchAndDevelopmentExpenses": 0, "generalAndAdministrativeExpenses": 54000000, "sellingAndMarketingExpenses": 247000000, "sellingGeneralAndAdministrativeExpenses": 301000000, "otherExpenses": -121600000, "operatingExpenses": 120900000, "costAndExpenses": 609400000, "interestIncome": 426900000, "interestExpense": 72200000, "depreciationAndAmortization": 19679000, "ebitda": 506200000, "ebitdaratio": 0.4122149837, "operatingIncome": 696648000, "operatingIncomeRatio": 0.5673029316, "totalOtherIncomeExpensesNet": -121600000, "incomeBeforeTax": 506100000, "incomeBeforeTaxRatio": 0.4121335505, "incomeTaxExpense": 47300000, "netIncome": 44500000, "netIncomeRatio": 0.036237785, "eps": 0.8, "epsdiluted": 0.77, "weightedAverageShsOut": 57709668, "weightedAverageShsOutDil": 58441634, "link": "https://www.sec.gov/Archives/edgar/data/1381197/000104746915001520/0001047469-15-001520-index.htm", "finalLink": "https://www.sec.gov/Archives/edgar/data/1381197/000104746915001520/a2223202z10-k.htm", "calculatedOtherExpenses": -258148000, "calculatedOperatingExpenses": 42852000, "calculatedNetInterest": 354700000, "calculatedOtherIncome": -545248000, "calculatedIncomeNonControlling": 414300000, "calculatedEbitda": 716327000}, {"date": "2013-12-31", "symbol": "IBKR", "reportedCurrency": "USD", "cik": "0001381197", "fillingDate": "2014-03-03", "acceptedDate": "2014-03-03 17:06:51", "calendarYear": "2013", "period": "FY", "revenue": 1159000000, "costOfRevenue": 499500000, "grossProfit": 659500000, "grossProfitRatio": 0.5690250216, "researchAndDevelopmentExpenses": 0, "generalAndAdministrativeExpenses": 48000000, "sellingAndMarketingExpenses": 247000000, "sellingGeneralAndAdministrativeExpenses": 295000000, "otherExpenses": 80900000, "operatingExpenses": 177100000, "costAndExpenses": 676600000, "interestIncome": 299700000, "interestExpense": 51700000, "depreciationAndAmortization": 19244000, "ebitda": 451300000, "ebitdaratio": 0.3893874029, "operatingIncome": 454792000, "operatingIncomeRatio": 0.3924003451, "totalOtherIncomeExpensesNet": 80900000, "incomeBeforeTax": 451300000, "incomeBeforeTaxRatio": 0.3893874029, "incomeTaxExpense": 33700000, "netIncome": 37000000, "netIncomeRatio": 0.0319240725, "eps": 0.74, "epsdiluted": 0.73, "weightedAverageShsOut": 50685000, "weightedAverageShsOutDil": 50924736, "link": "https://www.sec.gov/Archives/edgar/data/1381197/000104746914001697/0001047469-14-001697-index.htm", "finalLink": "https://www.sec.gov/Archives/edgar/data/1381197/000104746914001697/a2218588z10-k.htm", "calculatedOtherExpenses": -90292000, "calculatedOperatingExpenses": 204708000, "calculatedNetInterest": 248000000, "calculatedOtherIncome": -251492000, "calculatedIncomeNonControlling": 380600000, "calculatedEbitda": 474036000}, {"date": "2012-12-31", "symbol": "IBKR", "reportedCurrency": "USD", "cik": "0001381197", "fillingDate": "2013-03-08", "acceptedDate": "2013-03-08 17:04:59", "calendarYear": "2012", "period": "FY", "revenue": 1150710000, "costOfRevenue": 557500000, "grossProfit": 593210000, "grossProfitRatio": 0.5155165072, "researchAndDevelopmentExpenses": 0, "generalAndAdministrativeExpenses": 45893000, "sellingAndMarketingExpenses": 283379000, "sellingGeneralAndAdministrativeExpenses": 329272000, "otherExpenses": 76400000, "operatingExpenses": 108000000, "costAndExpenses": 665500000, "interestIncome": 268400000, "interestExpense": 62000000, "depreciationAndAmortization": 19269000, "ebitda": 527000000, "ebitdaratio": 0.4579781179, "operatingIncome": 527458000, "operatingIncomeRatio": 0.458376133, "totalOtherIncomeExpensesNet": 76400000, "incomeBeforeTax": 527000000, "incomeBeforeTaxRatio": 0.4579781179, "incomeTaxExpense": 30000000, "netIncome": 40700000, "netIncomeRatio": 0.0353694675, "eps": 0.89, "epsdiluted": 0.89, "weightedAverageShsOut": 46939325, "weightedAverageShsOutDil": 47070522, "link": "https://www.sec.gov/Archives/edgar/data/1381197/000104746913002439/0001047469-13-002439-index.htm", "finalLink": "https://www.sec.gov/Archives/edgar/data/1381197/000104746913002439/a2213156z10-k.htm", "calculatedOtherExpenses": -263520000, "calculatedOperatingExpenses": 65752000, "calculatedNetInterest": 206400000, "calculatedOtherIncome": -206858000, "calculatedIncomeNonControlling": 456300000, "calculatedEbitda": 546727000}, {"date": "2011-12-31", "symbol": "IBKR", "reportedCurrency": "USD", "cik": "0001381197", "fillingDate": "2012-02-29", "acceptedDate": "2012-02-29 16:49:06", "calendarYear": "2011", "period": "FY", "revenue": 1358300000, "costOfRevenue": 216300, "grossProfit": 1358083700, "grossProfitRatio": 0.9998407568, "researchAndDevelopmentExpenses": 0, "generalAndAdministrativeExpenses": 576300000, "sellingAndMarketingExpenses": 0, "sellingGeneralAndAdministrativeExpenses": 576300000, "otherExpenses": 0, "operatingExpenses": 58900, "costAndExpenses": 275200, "interestIncome": 280200000, "interestExpense": 86300000, "depreciationAndAmortization": 37100000, "ebitda": 868300000, "ebitdaratio": 0.639254951, "operatingIncome": 1169400, "operatingIncomeRatio": 0.0008609291, "totalOtherIncomeExpensesNet": -428300, "incomeBeforeTax": 744900000, "incomeBeforeTaxRatio": 0.5484060959, "incomeTaxExpense": 54100000, "netIncome": 690800000, "netIncomeRatio": 0.5085768976, "eps": 1.39, "epsdiluted": 1.37, "weightedAverageShsOut": 43870504, "weightedAverageShsOutDil": 44510949, "link": "https://www.sec.gov/Archives/edgar/data/1381197/000104746912001916/0001047469-12-001916-index.htm", "finalLink": "https://www.sec.gov/Archives/edgar/data/1381197/000104746912001916/a2207515z10-k.htm", "calculatedOtherExpenses": 780614300, "calculatedOperatingExpenses": 1356914300, "calculatedNetInterest": 193900000, "calculatedOtherIncome": 549830600, "calculatedIncomeNonControlling": 0, "calculatedEbitda": 38269400}, {"date": "2010-12-31", "symbol": "IBKR", "reportedCurrency": "USD", "cik": "0001381197", "fillingDate": "2011-02-28", "acceptedDate": "2011-02-28 17:28:45", "calendarYear": "2010", "period": "FY", "revenue": 922100000, "costOfRevenue": 200200, "grossProfit": 921899800, "grossProfitRatio": 0.9997828869, "researchAndDevelopmentExpenses": 0, "generalAndAdministrativeExpenses": 544000000, "sellingAndMarketingExpenses": 0, "sellingGeneralAndAdministrativeExpenses": 544000000, "otherExpenses": 0, "operatingExpenses": 47700, "costAndExpenses": 247900, "interestIncome": 172500000, "interestExpense": 66200000, "depreciationAndAmortization": 37300000, "ebitda": 444300000, "ebitdaratio": 0.481834942, "operatingIncome": 740400, "operatingIncomeRatio": 0.0008029498, "totalOtherIncomeExpensesNet": -399600, "incomeBeforeTax": 340800000, "incomeBeforeTaxRatio": 0.3695911506, "incomeTaxExpense": 60400000, "netIncome": 280400000, "netIncomeRatio": 0.3040884937, "eps": -0.23, "epsdiluted": -0.23, "weightedAverageShsOut": 41791304, "weightedAverageShsOutDil": 41791304, "link": "https://www.sec.gov/Archives/edgar/data/1381197/000104746911001557/0001047469-11-001557-index.htm", "finalLink": "https://www.sec.gov/Archives/edgar/data/1381197/000104746911001557/a2202087z10-k.htm", "calculatedOtherExpenses": 377159400, "calculatedOperatingExpenses": 921159400, "calculatedNetInterest": 106300000, "calculatedOtherIncome": 233759600, "calculatedIncomeNonControlling": 0, "calculatedEbitda": 38040400}, {"date": "2009-12-31", "symbol": "IBKR", "reportedCurrency": "USD", "cik": "0001381197", "fillingDate": "2010-02-26", "acceptedDate": "2010-02-26 16:51:37", "calendarYear": "2009", "period": "FY", "revenue": 1100300000, "costOfRevenue": 118800, "grossProfit": 1100181200, "grossProfitRatio": 0.9998920294, "researchAndDevelopmentExpenses": 0, "generalAndAdministrativeExpenses": 515400000, "sellingAndMarketingExpenses": 0, "sellingGeneralAndAdministrativeExpenses": 515400000, "otherExpenses": 0, "operatingExpenses": 40700, "costAndExpenses": 159500, "interestIncome": 121600000, "interestExpense": 69500000, "depreciationAndAmortization": 40400000, "ebitda": 654400000, "ebitdaratio": 0.5947468872, "operatingIncome": 1864100, "operatingIncomeRatio": 0.0016941743, "totalOtherIncomeExpensesNet": -932300, "incomeBeforeTax": 544500000, "incomeBeforeTaxRatio": 0.4948650368, "incomeTaxExpense": 54400000, "netIncome": 490100000, "netIncomeRatio": 0.4454239753, "eps": 0.8, "epsdiluted": 0.79, "weightedAverageShsOut": 398814498, "weightedAverageShsOutDil": 612841772, "link": "https://www.sec.gov/Archives/edgar/data/1381197/000104746910001544/0001047469-10-001544-index.htm", "finalLink": "https://www.sec.gov/Archives/edgar/data/1381197/000104746910001544/a2196743z10-k.htm", "calculatedOtherExpenses": 582917100, "calculatedOperatingExpenses": 1098317100, "calculatedNetInterest": 52100000, "calculatedOtherIncome": 490535900, "calculatedIncomeNonControlling": 0, "calculatedEbitda": 42264100}, {"date": "2008-12-31", "symbol": "IBKR", "reportedCurrency": "USD", "cik": "0001381197", "fillingDate": "2009-03-02", "acceptedDate": "2009-03-02 08:10:07", "calendarYear": "2008", "period": "FY", "revenue": 1850100000, "costOfRevenue": 158018000000, "grossProfit": -156167900000, "grossProfitRatio": -84.4105183504, "researchAndDevelopmentExpenses": 0, "generalAndAdministrativeExpenses": 562700000, "sellingAndMarketingExpenses": 0, "sellingGeneralAndAdministrativeExpenses": 562700000, "otherExpenses": 0, "operatingExpenses": 63308000000, "costAndExpenses": 221326000000, "interestIncome": 437200000, "interestExpense": 332000000, "depreciationAndAmortization": 37700000, "ebitda": 1619400000, "ebitdaratio": 0.8753040376, "operatingIncome": 1960776000000, "operatingIncomeRatio": 1059.8216312632, "totalOtherIncomeExpensesNet": -1739358000000, "incomeBeforeTax": 1249700000, "incomeBeforeTaxRatio": 0.6754770012, "incomeTaxExpense": 128400000, "netIncome": 1121300000, "netIncomeRatio": 0.6060753473, "eps": 2.3, "epsdiluted": 2.24, "weightedAverageShsOut": 398136615, "weightedAverageShsOutDil": 500714732, "link": "https://www.sec.gov/Archives/edgar/data/1381197/000138119709000003/0001381197-09-000003-index.htm", "finalLink": "https://www.sec.gov/Archives/edgar/data/1381197/000138119709000003/ibkr-2008_10k.htm", "calculatedOtherExpenses": -2117506600000, "calculatedOperatingExpenses": -2116943900000, "calculatedNetInterest": 105200000, "calculatedOtherIncome": -1959631500000, "calculatedIncomeNonControlling": 0, "calculatedEbitda": 1960813700000}, {"date": "2007-12-31", "symbol": "IBKR", "reportedCurrency": "USD", "cik": "0001381197", "fillingDate": "2008-03-27", "acceptedDate": "2008-03-27 17:28:53", "calendarYear": "2007", "period": "FY", "revenue": 1468162000, "costOfRevenue": 118800000, "grossProfit": 1349362000, "grossProfitRatio": 0.9190824991, "researchAndDevelopmentExpenses": 0, "generalAndAdministrativeExpenses": 510111000, "sellingAndMarketingExpenses": 0, "sellingGeneralAndAdministrativeExpenses": 510111000, "otherExpenses": 0, "operatingExpenses": 40700000, "costAndExpenses": 159500000, "interestIncome": 782197000, "interestExpense": 555213000, "depreciationAndAmortization": 12068000, "ebitda": 1513264000, "ebitdaratio": 1.0307200432, "operatingIncome": 1863900000, "operatingIncomeRatio": 1.2695465487, "totalOtherIncomeExpensesNet": -1726700000, "incomeBeforeTax": 931569000, "incomeBeforeTaxRatio": 0.6345137662, "incomeTaxExpense": 63037000, "netIncome": 868532000, "netIncomeRatio": 0.5915777687, "eps": 1.2, "epsdiluted": 1.16, "weightedAverageShsOut": 400143760, "weightedAverageShsOutDil": 400143760, "link": "https://www.sec.gov/Archives/edgar/data/1381197/000110465908020387/0001104659-08-020387-index.htm", "finalLink": "https://www.sec.gov/Archives/edgar/data/1381197/000110465908020387/a08-8831_110k.htm", "calculatedOtherExpenses": -1024649000, "calculatedOperatingExpenses": -514538000, "calculatedNetInterest": 226984000, "calculatedOtherIncome": -1159315000, "calculatedIncomeNonControlling": 0, "calculatedEbitda": 1875968000}, {"date": "2006-12-31", "symbol": "IBKR", "reportedCurrency": "USD", "cik": "0001381197", "fillingDate": "2006-12-31", "acceptedDate": "2006-12-30 19:00:00", "calendarYear": "2006", "period": "FY", "revenue": 1252409000, "costOfRevenue": 0, "grossProfit": 1252409000, "grossProfitRatio": 1, "researchAndDevelopmentExpenses": 0, "generalAndAdministrativeExpenses": 468151000, "sellingAndMarketingExpenses": 0, "sellingGeneralAndAdministrativeExpenses": 468151000, "otherExpenses": -463499000, "operatingExpenses": 4652000, "costAndExpenses": 4652000, "interestIncome": 672057000, "interestExpense": 484433000, "depreciationAndAmortization": 11630000, "ebitda": 1268691000, "ebitdaratio": 1.0130005453, "operatingIncome": 1257061000, "operatingIncomeRatio": 1.0037144415, "totalOtherIncomeExpensesNet": -495500000, "incomeBeforeTax": 761561000, "incomeBeforeTaxRatio": 0.6080769142, "incomeTaxExpense": 27392000, "netIncome": 734169000, "netIncomeRatio": 0.5862054648, "eps": 1.83, "epsdiluted": 1.83, "weightedAverageShsOut": 400187953, "weightedAverageShsOutDil": 400187953, "link": "", "finalLink": "", "calculatedOtherExpenses": -472803000, "calculatedOperatingExpenses": -4652000, "calculatedNetInterest": 187624000, "calculatedOtherIncome": -683124000, "calculatedIncomeNonControlling": 0, "calculatedEbitda": 1268691000}, {"date": "2005-12-31", "symbol": "IBKR", "reportedCurrency": "USD", "cik": "0001381197", "fillingDate": "2005-12-31", "acceptedDate": "2005-12-30 19:00:00", "calendarYear": "2005", "period": "FY", "revenue": 929108000, "costOfRevenue": 0, "grossProfit": 929108000, "grossProfitRatio": 1, "researchAndDevelopmentExpenses": 0, "generalAndAdministrativeExpenses": 339393000, "sellingAndMarketingExpenses": 0, "sellingGeneralAndAdministrativeExpenses": 339393000, "otherExpenses": -519654000, "operatingExpenses": -180261000, "costAndExpenses": -180261000, "interestIncome": 273222000, "interestExpense": 170045000, "depreciationAndAmortization": 10913000, "ebitda": 759760000, "ebitdaratio": 0.8177305545, "operatingIncome": 748847000, "operatingIncomeRatio": 0.8059848801, "totalOtherIncomeExpensesNet": -179549000, "incomeBeforeTax": 569298000, "incomeBeforeTaxRatio": 0.6127360867, "incomeTaxExpense": 33778000, "netIncome": 535520000, "netIncomeRatio": 0.5763807867, "eps": 1.34, "epsdiluted": 1.34, "weightedAverageShsOut": 400187953, "weightedAverageShsOutDil": 400187953, "link": "", "finalLink": "", "calculatedOtherExpenses": -159132000, "calculatedOperatingExpenses": 180261000, "calculatedNetInterest": 103177000, "calculatedOtherIncome": -282726000, "calculatedIncomeNonControlling": 0, "calculatedEbitda": 759760000}, {"date": "2004-12-31", "symbol": "IBKR", "reportedCurrency": "USD", "cik": "0001381197", "fillingDate": "2004-12-31", "acceptedDate": "2004-12-30 19:00:00", "calendarYear": "2004", "period": "FY", "revenue": 563976000, "costOfRevenue": 0, "grossProfit": 563976000, "grossProfitRatio": 1, "researchAndDevelopmentExpenses": 0, "generalAndAdministrativeExpenses": 257618000, "sellingAndMarketingExpenses": 0, "sellingGeneralAndAdministrativeExpenses": 257618000, "otherExpenses": -466597000, "operatingExpenses": -208979000, "costAndExpenses": -208979000, "interestIncome": 79518000, "interestExpense": 57688000, "depreciationAndAmortization": 9049000, "ebitda": 364046000, "ebitdaratio": 0.6454990993, "operatingIncome": 354997000, "operatingIncomeRatio": 0.6294540902, "totalOtherIncomeExpensesNet": -64999000, "incomeBeforeTax": 289998000, "incomeBeforeTaxRatio": 0.514202732, "incomeTaxExpense": 19555000, "netIncome": 270443000, "netIncomeRatio": 0.4795292707, "eps": 0.68, "epsdiluted": 0.68, "weightedAverageShsOut": 400187953, "weightedAverageShsOutDil": 400187953, "link": "", "finalLink": "", "calculatedOtherExpenses": -48639000, "calculatedOperatingExpenses": 208979000, "calculatedNetInterest": 21830000, "calculatedOtherIncome": -86829000, "calculatedIncomeNonControlling": 0, "calculatedEbitda": 364046000}]}