{"originalCurrency": "USD", "convertedCurrency": "USD", "report": [{"date": "2023-12-31", "symbol": "IBM", "reportedCurrency": "USD", "cik": "0000051143", "fillingDate": "2024-02-26", "acceptedDate": "2024-02-26 06:41:57", "calendarYear": "2023", "period": "FY", "revenue": 61860000000, "costOfRevenue": 27560000000, "grossProfit": 34300000000, "grossProfitRatio": 0.5544778532, "researchAndDevelopmentExpenses": 6775000000, "generalAndAdministrativeExpenses": 16760000000, "sellingAndMarketingExpenses": 1237000000, "sellingGeneralAndAdministrativeExpenses": 17997000000, "otherExpenses": 305000000, "operatingExpenses": 24926000000, "costAndExpenses": 52486000000, "interestIncome": 670000000, "interestExpense": 1607000000, "depreciationAndAmortization": 4396000000, "ebitda": 14745000000, "ebitdaratio": 0.2383608147, "operatingIncome": 10503000000, "operatingIncomeRatio": 0.1697866149, "totalOtherIncomeExpensesNet": 253000000, "incomeBeforeTax": 8690000000, "incomeBeforeTaxRatio": 0.1404784998, "incomeTaxExpense": 1176000000, "netIncome": 7502000000, "netIncomeRatio": 0.1212738442, "eps": 8.23, "epsdiluted": 8.14, "weightedAverageShsOut": 911210319, "weightedAverageShsOutDil": 922073828, "link": "https://www.sec.gov/Archives/edgar/data/51143/000005114324000012/0000051143-24-000012-index.htm", "finalLink": "https://www.sec.gov/Archives/edgar/data/51143/000005114324000012/ibm-20231231.htm", "calculatedOtherExpenses": -975000000, "calculatedOperatingExpenses": 23797000000, "calculatedNetInterest": -937000000, "calculatedOtherIncome": -876000000, "calculatedIncomeNonControlling": 12000000, "calculatedEbitda": 14899000000}, {"date": "2022-12-31", "symbol": "IBM", "reportedCurrency": "USD", "cik": "0000051143", "fillingDate": "2023-02-28", "acceptedDate": "2023-02-28 16:26:11", "calendarYear": "2022", "period": "FY", "revenue": 60530000000, "costOfRevenue": 27843000000, "grossProfit": 32687000000, "grossProfitRatio": 0.5400132166, "researchAndDevelopmentExpenses": 6567000000, "generalAndAdministrativeExpenses": 16153000000, "sellingAndMarketingExpenses": 1330000000, "sellingGeneralAndAdministrativeExpenses": 18609000000, "otherExpenses": -663000000, "operatingExpenses": 24513000000, "costAndExpenses": 52356000000, "interestIncome": 162000000, "interestExpense": 1216000000, "depreciationAndAmortization": 4802000000, "ebitda": 7174000000, "ebitdaratio": 0.1185197423, "operatingIncome": 2372000000, "operatingIncomeRatio": 0.0391871799, "totalOtherIncomeExpensesNet": -1216000000, "incomeBeforeTax": 1156000000, "incomeBeforeTaxRatio": 0.0190979679, "incomeTaxExpense": -626000000, "netIncome": 1640000000, "netIncomeRatio": 0.027094003, "eps": 1.82, "epsdiluted": 1.8, "weightedAverageShsOut": 902664190, "weightedAverageShsOutDil": 912269062, "link": "https://www.sec.gov/Archives/edgar/data/51143/000155837023002376/0001558370-23-002376-index.htm", "finalLink": "https://www.sec.gov/Archives/edgar/data/51143/000155837023002376/ibm-20221231x10k.htm", "calculatedOtherExpenses": 5139000000, "calculatedOperatingExpenses": 30315000000, "calculatedNetInterest": -1054000000, "calculatedOtherIncome": -162000000, "calculatedIncomeNonControlling": 142000000, "calculatedEbitda": 7174000000}, {"date": "2021-12-31", "symbol": "IBM", "reportedCurrency": "USD", "cik": "0000051143", "fillingDate": "2022-02-22", "acceptedDate": "2022-02-22 16:07:29", "calendarYear": "2021", "period": "FY", "revenue": 57351000000, "costOfRevenue": 25864000000, "grossProfit": 31487000000, "grossProfitRatio": 0.5490226849, "researchAndDevelopmentExpenses": 6488000000, "generalAndAdministrativeExpenses": 16286000000, "sellingAndMarketingExpenses": 1413000000, "sellingGeneralAndAdministrativeExpenses": 18745000000, "otherExpenses": -612000000, "operatingExpenses": 24621000000, "costAndExpenses": 50485000000, "interestIncome": 52000000, "interestExpense": 1155000000, "depreciationAndAmortization": 6416000000, "ebitda": 12408000000, "ebitdaratio": 0.2163519381, "operatingIncome": 5992000000, "operatingIncomeRatio": 0.1044794337, "totalOtherIncomeExpensesNet": -1155000000, "incomeBeforeTax": 4837000000, "incomeBeforeTaxRatio": 0.0843402905, "incomeTaxExpense": 124000000, "netIncome": 5742000000, "netIncomeRatio": 0.1001203118, "eps": 6.41, "epsdiluted": 6.35, "weightedAverageShsOut": 895990771, "weightedAverageShsOutDil": 904641001, "link": "https://www.sec.gov/Archives/edgar/data/51143/000155837022001584/0001558370-22-001584-index.htm", "finalLink": "https://www.sec.gov/Archives/edgar/data/51143/000155837022001584/ibm-20211231x10k.htm", "calculatedOtherExpenses": 262000000, "calculatedOperatingExpenses": 25495000000, "calculatedNetInterest": -1103000000, "calculatedOtherIncome": -52000000, "calculatedIncomeNonControlling": -1029000000, "calculatedEbitda": 12408000000}, {"date": "2020-12-31", "symbol": "IBM", "reportedCurrency": "USD", "cik": "0000051143", "fillingDate": "2021-02-23", "acceptedDate": "2021-02-23 17:08:23", "calendarYear": "2020", "period": "FY", "revenue": 73620000000, "costOfRevenue": 38045000000, "grossProfit": 35575000000, "grossProfitRatio": 0.4832246672, "researchAndDevelopmentExpenses": 6333000000, "generalAndAdministrativeExpenses": 20308000000, "sellingAndMarketingExpenses": 1542000000, "sellingGeneralAndAdministrativeExpenses": 23082000000, "otherExpenses": -626000000, "operatingExpenses": 28789000000, "costAndExpenses": 66834000000, "interestIncome": 105000000, "interestExpense": 1288000000, "depreciationAndAmortization": 6695000000, "ebitda": 12620000000, "ebitdaratio": 0.1714208096, "operatingIncome": 5925000000, "operatingIncomeRatio": 0.0804808476, "totalOtherIncomeExpensesNet": -1288000000, "incomeBeforeTax": 4637000000, "incomeBeforeTaxRatio": 0.0629856017, "incomeTaxExpense": -864000000, "netIncome": 5590000000, "netIncomeRatio": 0.0759304537, "eps": 6.28, "epsdiluted": 6.23, "weightedAverageShsOut": 890348679, "weightedAverageShsOutDil": 896563971, "link": "https://www.sec.gov/Archives/edgar/data/51143/000155837021001489/0001558370-21-001489-index.htm", "finalLink": "https://www.sec.gov/Archives/edgar/data/51143/000155837021001489/ibm-20201231x10k.htm", "calculatedOtherExpenses": 235000000, "calculatedOperatingExpenses": 29650000000, "calculatedNetInterest": -1183000000, "calculatedOtherIncome": -105000000, "calculatedIncomeNonControlling": -89000000, "calculatedEbitda": 12620000000}, {"date": "2019-12-31", "symbol": "IBM", "reportedCurrency": "USD", "cik": "0000051143", "fillingDate": "2020-02-25", "acceptedDate": "2020-02-25 16:54:20", "calendarYear": "2019", "period": "FY", "revenue": 77147000000, "costOfRevenue": 40659000000, "grossProfit": 36488000000, "grossProfitRatio": 0.4729671925, "researchAndDevelopmentExpenses": 5989000000, "generalAndAdministrativeExpenses": 18107000000, "sellingAndMarketingExpenses": 1647000000, "sellingGeneralAndAdministrativeExpenses": 20604000000, "otherExpenses": -648000000, "operatingExpenses": 25945000000, "costAndExpenses": 66604000000, "interestIncome": 349000000, "interestExpense": 1344000000, "depreciationAndAmortization": 6059000000, "ebitda": 17569000000, "ebitdaratio": 0.2277340661, "operatingIncome": 11510000000, "operatingIncomeRatio": 0.1491956913, "totalOtherIncomeExpensesNet": -1344000000, "incomeBeforeTax": 10166000000, "incomeBeforeTaxRatio": 0.1317744047, "incomeTaxExpense": 731000000, "netIncome": 9431000000, "netIncomeRatio": 0.1222471386, "eps": 10.63, "epsdiluted": 10.56, "weightedAverageShsOut": 887235105, "weightedAverageShsOutDil": 892813376, "link": "https://www.sec.gov/Archives/edgar/data/51143/000155837020001334/0001558370-20-001334-index.htm", "finalLink": "https://www.sec.gov/Archives/edgar/data/51143/000155837020001334/ibm-20191231x10k2af531.htm", "calculatedOtherExpenses": -1615000000, "calculatedOperatingExpenses": 24978000000, "calculatedNetInterest": -995000000, "calculatedOtherIncome": -349000000, "calculatedIncomeNonControlling": 4000000, "calculatedEbitda": 17569000000}, {"date": "2018-12-31", "symbol": "IBM", "reportedCurrency": "USD", "cik": "0000051143", "fillingDate": "2019-02-26", "acceptedDate": "2019-02-26 16:27:59", "calendarYear": "2018", "period": "FY", "revenue": 79590000000, "costOfRevenue": 42655000000, "grossProfit": 36935000000, "grossProfitRatio": 0.4640658374, "researchAndDevelopmentExpenses": 5379000000, "generalAndAdministrativeExpenses": 17397000000, "sellingAndMarketingExpenses": 1466000000, "sellingGeneralAndAdministrativeExpenses": 18863000000, "otherExpenses": -591000000, "operatingExpenses": 23651000000, "costAndExpenses": 66306000000, "interestIncome": 264000000, "interestExpense": 723000000, "depreciationAndAmortization": 4480000000, "ebitda": 16544000000, "ebitdaratio": 0.2078653097, "operatingIncome": 13285000000, "operatingIncomeRatio": 0.1669179545, "totalOtherIncomeExpensesNet": -1152000000, "incomeBeforeTax": 11342000000, "incomeBeforeTaxRatio": 0.1425053399, "incomeTaxExpense": 2619000000, "netIncome": 8728000000, "netIncomeRatio": 0.1096620178, "eps": 9.57, "epsdiluted": 9.53, "weightedAverageShsOut": 912000000, "weightedAverageShsOutDil": 916300000, "link": "https://www.sec.gov/Archives/edgar/data/51143/000104746919000712/0001047469-19-000712-index.htm", "finalLink": "https://www.sec.gov/Archives/edgar/data/51143/000104746919000712/a2237254z10-k.htm", "calculatedOtherExpenses": -592000000, "calculatedOperatingExpenses": 23650000000, "calculatedNetInterest": -459000000, "calculatedOtherIncome": -1484000000, "calculatedIncomeNonControlling": -5000000, "calculatedEbitda": 17765000000}, {"date": "2017-12-31", "symbol": "IBM", "reportedCurrency": "USD", "cik": "0000051143", "fillingDate": "2018-02-27", "acceptedDate": "2018-02-27 17:13:57", "calendarYear": "2017", "period": "FY", "revenue": 79139000000, "costOfRevenue": 42913000000, "grossProfit": 36226000000, "grossProfitRatio": 0.4577515511, "researchAndDevelopmentExpenses": 5787000000, "generalAndAdministrativeExpenses": 18110000000, "sellingAndMarketingExpenses": 1445000000, "sellingGeneralAndAdministrativeExpenses": 19555000000, "otherExpenses": -970000000, "operatingExpenses": 24372000000, "costAndExpenses": 67285000000, "interestIncome": 144000000, "interestExpense": 615000000, "depreciationAndAmortization": 4541000000, "ebitda": 16556000000, "ebitdaratio": 0.2092015315, "operatingIncome": 11855000000, "operatingIncomeRatio": 0.1497997195, "totalOtherIncomeExpensesNet": 216000000, "incomeBeforeTax": 11400000000, "incomeBeforeTaxRatio": 0.1440503418, "incomeTaxExpense": 5642000000, "netIncome": 5753000000, "netIncomeRatio": 0.0726948786, "eps": 6.17, "epsdiluted": 6.14, "weightedAverageShsOut": 932800000, "weightedAverageShsOutDil": 937400000, "link": "https://www.sec.gov/Archives/edgar/data/51143/000104746918001117/0001047469-18-001117-index.htm", "finalLink": "https://www.sec.gov/Archives/edgar/data/51143/000104746918001117/a2233835z10-k.htm", "calculatedOtherExpenses": -971000000, "calculatedOperatingExpenses": 24371000000, "calculatedNetInterest": -471000000, "calculatedOtherIncome": 16000000, "calculatedIncomeNonControlling": 5000000, "calculatedEbitda": 16396000000}, {"date": "2016-12-31", "symbol": "IBM", "reportedCurrency": "USD", "cik": "0000051143", "fillingDate": "2017-02-28", "acceptedDate": "2017-02-28 16:23:36", "calendarYear": "2016", "period": "FY", "revenue": 79920000000, "costOfRevenue": 41625000000, "grossProfit": 38295000000, "grossProfitRatio": 0.4791666667, "researchAndDevelopmentExpenses": 5751000000, "generalAndAdministrativeExpenses": 19152000000, "sellingAndMarketingExpenses": 1327000000, "sellingGeneralAndAdministrativeExpenses": 20479000000, "otherExpenses": -1128000000, "operatingExpenses": 25102000000, "costAndExpenses": 66727000000, "interestIncome": 108000000, "interestExpense": 630000000, "depreciationAndAmortization": 4381000000, "ebitda": 17341000000, "ebitdaratio": 0.2169794795, "operatingIncome": 13192000000, "operatingIncomeRatio": 0.1650650651, "totalOtherIncomeExpensesNet": -145000000, "incomeBeforeTax": 12330000000, "incomeBeforeTaxRatio": 0.1542792793, "incomeTaxExpense": 449000000, "netIncome": 11872000000, "netIncomeRatio": 0.1485485485, "eps": 12.43, "epsdiluted": 12.38, "weightedAverageShsOut": 955400000, "weightedAverageShsOutDil": 958700000, "link": "https://www.sec.gov/Archives/edgar/data/51143/000104746917001061/0001047469-17-001061-index.htm", "finalLink": "https://www.sec.gov/Archives/edgar/data/51143/000104746917001061/a2230222z10-k.htm", "calculatedOtherExpenses": -1127000000, "calculatedOperatingExpenses": 25103000000, "calculatedNetInterest": -522000000, "calculatedOtherIncome": -340000000, "calculatedIncomeNonControlling": 9000000, "calculatedEbitda": 17573000000}, {"date": "2015-12-31", "symbol": "IBM", "reportedCurrency": "USD", "cik": "0000051143", "fillingDate": "2016-02-23", "acceptedDate": "2016-02-23 16:19:19", "calendarYear": "2015", "period": "FY", "revenue": 81742000000, "costOfRevenue": 41057000000, "grossProfit": 40685000000, "grossProfitRatio": 0.497724548, "researchAndDevelopmentExpenses": 5247000000, "generalAndAdministrativeExpenses": 18604000000, "sellingAndMarketingExpenses": 1290000000, "sellingGeneralAndAdministrativeExpenses": 19894000000, "otherExpenses": -378000000, "operatingExpenses": 24763000000, "costAndExpenses": 65820000000, "interestIncome": 72000000, "interestExpense": 468000000, "depreciationAndAmortization": 3855000000, "ebitda": 20313000000, "ebitdaratio": 0.2485013824, "operatingIncome": 15921000000, "operatingIncomeRatio": 0.1947713538, "totalOtherIncomeExpensesNet": 724000000, "incomeBeforeTax": 15945000000, "incomeBeforeTaxRatio": 0.1950649605, "incomeTaxExpense": 2581000000, "netIncome": 13190000000, "netIncomeRatio": 0.1613613565, "eps": 13.48, "epsdiluted": 13.42, "weightedAverageShsOut": 978700000, "weightedAverageShsOutDil": 982700000, "link": "https://www.sec.gov/Archives/edgar/data/51143/000104746916010329/0001047469-16-010329-index.htm", "finalLink": "https://www.sec.gov/Archives/edgar/data/51143/000104746916010329/a2226548z10-k.htm", "calculatedOtherExpenses": -377000000, "calculatedOperatingExpenses": 24764000000, "calculatedNetInterest": -396000000, "calculatedOtherIncome": 420000000, "calculatedIncomeNonControlling": 174000000, "calculatedEbitda": 19776000000}, {"date": "2014-12-31", "symbol": "IBM", "reportedCurrency": "USD", "cik": "0000051143", "fillingDate": "2015-02-24", "acceptedDate": "2015-02-24 14:08:09", "calendarYear": "2014", "period": "FY", "revenue": 92793000000, "costOfRevenue": 46386000000, "grossProfit": 46407000000, "grossProfitRatio": 0.5001131551, "researchAndDevelopmentExpenses": 5437000000, "generalAndAdministrativeExpenses": 21165000000, "sellingAndMarketingExpenses": 1307000000, "sellingGeneralAndAdministrativeExpenses": 22472000000, "otherExpenses": -368000000, "operatingExpenses": 27541000000, "costAndExpenses": 73927000000, "interestIncome": 90000000, "interestExpense": 484000000, "depreciationAndAmortization": 4492000000, "ebitda": 24970000000, "ebitdaratio": 0.2690935739, "operatingIncome": 18866000000, "operatingIncomeRatio": 0.2033127499, "totalOtherIncomeExpensesNet": 1938000000, "incomeBeforeTax": 19986000000, "incomeBeforeTaxRatio": 0.2153826258, "incomeTaxExpense": 4234000000, "netIncome": 12022000000, "netIncomeRatio": 0.1295571864, "eps": 11.97, "epsdiluted": 11.9, "weightedAverageShsOut": 1004300000, "weightedAverageShsOutDil": 1010000000, "link": "https://www.sec.gov/Archives/edgar/data/51143/000104746915001106/0001047469-15-001106-index.htm", "finalLink": "https://www.sec.gov/Archives/edgar/data/51143/000104746915001106/a2222209z10-k.htm", "calculatedOtherExpenses": -368000000, "calculatedOperatingExpenses": 27541000000, "calculatedNetInterest": -394000000, "calculatedOtherIncome": 1514000000, "calculatedIncomeNonControlling": 3730000000, "calculatedEbitda": 23358000000}, {"date": "2013-12-31", "symbol": "IBM", "reportedCurrency": "USD", "cik": "0000051143", "fillingDate": "2014-02-25", "acceptedDate": "2014-02-25 14:13:24", "calendarYear": "2013", "period": "FY", "revenue": 99751000000, "costOfRevenue": 51246000000, "grossProfit": 48505000000, "grossProfitRatio": 0.4862607894, "researchAndDevelopmentExpenses": 6226000000, "generalAndAdministrativeExpenses": 21681000000, "sellingAndMarketingExpenses": 1294000000, "sellingGeneralAndAdministrativeExpenses": 22975000000, "otherExpenses": -452000000, "operatingExpenses": 28749000000, "costAndExpenses": 79995000000, "interestIncome": 74000000, "interestExpense": 402000000, "depreciationAndAmortization": 4678000000, "ebitda": 24626000000, "ebitdaratio": 0.246874718, "operatingIncome": 19756000000, "operatingIncomeRatio": 0.1980531523, "totalOtherIncomeExpensesNet": 327000000, "incomeBeforeTax": 19524000000, "incomeBeforeTaxRatio": 0.1957273611, "incomeTaxExpense": 3041000000, "netIncome": 16483000000, "netIncomeRatio": 0.1652414512, "eps": 15.06, "epsdiluted": 14.94, "weightedAverageShsOut": 1094500000, "weightedAverageShsOutDil": 1103000000, "link": "https://www.sec.gov/Archives/edgar/data/51143/000104746914001302/0001047469-14-001302-index.htm", "finalLink": "https://www.sec.gov/Archives/edgar/data/51143/000104746914001302/a2217495z10-k.htm", "calculatedOtherExpenses": -452000000, "calculatedOperatingExpenses": 28749000000, "calculatedNetInterest": -328000000, "calculatedOtherIncome": 96000000, "calculatedIncomeNonControlling": 0, "calculatedEbitda": 24434000000}, {"date": "2012-12-31", "symbol": "IBM", "reportedCurrency": "USD", "cik": "0000051143", "fillingDate": "2013-02-26", "acceptedDate": "2013-02-26 15:35:35", "calendarYear": "2012", "period": "FY", "revenue": 104507000000, "costOfRevenue": 54209000000, "grossProfit": 50298000000, "grossProfitRatio": 0.4812883348, "researchAndDevelopmentExpenses": 6302000000, "generalAndAdministrativeExpenses": 21835000000, "sellingAndMarketingExpenses": 1339000000, "sellingGeneralAndAdministrativeExpenses": 23174000000, "otherExpenses": -746000000, "operatingExpenses": 28730000000, "costAndExpenses": 82939000000, "interestIncome": 109000000, "interestExpense": 459000000, "depreciationAndAmortization": 4676000000, "ebitda": 22361000000, "ebitdaratio": 0.2139665286, "operatingIncome": 21568000000, "operatingIncomeRatio": 0.2063785201, "totalOtherIncomeExpensesNet": 843000000, "incomeBeforeTax": 21902000000, "incomeBeforeTaxRatio": 0.2095744783, "incomeTaxExpense": 5298000000, "netIncome": 16604000000, "netIncomeRatio": 0.1588793095, "eps": 14.53, "epsdiluted": 14.37, "weightedAverageShsOut": 1142500000, "weightedAverageShsOutDil": 1155400000, "link": "https://www.sec.gov/Archives/edgar/data/51143/000104746913001698/0001047469-13-001698-index.htm", "finalLink": "https://www.sec.gov/Archives/edgar/data/51143/000104746913001698/a2212340z10-k.htm", "calculatedOtherExpenses": -746000000, "calculatedOperatingExpenses": 28730000000, "calculatedNetInterest": -350000000, "calculatedOtherIncome": 684000000, "calculatedIncomeNonControlling": 0, "calculatedEbitda": 26244000000}, {"date": "2011-12-31", "symbol": "IBM", "reportedCurrency": "USD", "cik": "0000051143", "fillingDate": "2012-02-28", "acceptedDate": "2012-02-28 14:52:20", "calendarYear": "2011", "period": "FY", "revenue": 106916000000, "costOfRevenue": 56778000000, "grossProfit": 50138000000, "grossProfitRatio": 0.468947585, "researchAndDevelopmentExpenses": 6258000000, "generalAndAdministrativeExpenses": 21844000000, "sellingAndMarketingExpenses": 1373000000, "sellingGeneralAndAdministrativeExpenses": 23217000000, "otherExpenses": 377000000, "operatingExpenses": 29852000000, "costAndExpenses": 86630000000, "interestIncome": 136000000, "interestExpense": 411000000, "depreciationAndAmortization": 4815000000, "ebitda": 21414000000, "ebitdaratio": 0.2002880766, "operatingIncome": 20286000000, "operatingIncomeRatio": 0.189737738, "totalOtherIncomeExpensesNet": 20000000, "incomeBeforeTax": 21003000000, "incomeBeforeTaxRatio": 0.1964439373, "incomeTaxExpense": 5148000000, "netIncome": 15855000000, "netIncomeRatio": 0.1482939878, "eps": 13.25, "epsdiluted": 13.06, "weightedAverageShsOut": 1197000000, "weightedAverageShsOutDil": 1213800000, "link": "https://www.sec.gov/Archives/edgar/data/51143/000104746912001742/0001047469-12-001742-index.htm", "finalLink": "https://www.sec.gov/Archives/edgar/data/51143/000104746912001742/a2206744z10-k.htm", "calculatedOtherExpenses": 377000000, "calculatedOperatingExpenses": 29852000000, "calculatedNetInterest": -275000000, "calculatedOtherIncome": 992000000, "calculatedIncomeNonControlling": 0, "calculatedEbitda": 25101000000}, {"date": "2010-12-31", "symbol": "IBM", "reportedCurrency": "USD", "cik": "0000051143", "fillingDate": "2011-02-22", "acceptedDate": "2011-02-22 13:08:33", "calendarYear": "2010", "period": "FY", "revenue": 99870000000, "costOfRevenue": 53857000000, "grossProfit": 46013000000, "grossProfitRatio": 0.4607289476, "researchAndDevelopmentExpenses": 6026000000, "generalAndAdministrativeExpenses": 20208000000, "sellingAndMarketingExpenses": 1337000000, "sellingGeneralAndAdministrativeExpenses": 21545000000, "otherExpenses": 293000000, "operatingExpenses": 27864000000, "costAndExpenses": 81721000000, "interestIncome": 92000000, "interestExpense": 368000000, "depreciationAndAmortization": 4831000000, "ebitda": 20091000000, "ebitdaratio": 0.201171523, "operatingIncome": 18149000000, "operatingIncomeRatio": 0.1817262441, "totalOtherIncomeExpensesNet": 787000000, "incomeBeforeTax": 19723000000, "incomeBeforeTaxRatio": 0.1974867328, "incomeTaxExpense": 4890000000, "netIncome": 14833000000, "netIncomeRatio": 0.14852308, "eps": 11.69, "epsdiluted": 11.52, "weightedAverageShsOut": 1268800000, "weightedAverageShsOutDil": 1287400000, "link": "https://www.sec.gov/Archives/edgar/data/51143/000104746911001117/0001047469-11-001117-index.htm", "finalLink": "https://www.sec.gov/Archives/edgar/data/51143/000104746911001117/a2201254z10-k.htm", "calculatedOtherExpenses": 293000000, "calculatedOperatingExpenses": 27864000000, "calculatedNetInterest": -276000000, "calculatedOtherIncome": 1850000000, "calculatedIncomeNonControlling": 0, "calculatedEbitda": 22980000000}, {"date": "2009-12-31", "symbol": "IBM", "reportedCurrency": "USD", "cik": "0000051143", "fillingDate": "2010-02-23", "acceptedDate": "2010-02-23 13:31:57", "calendarYear": "2009", "period": "FY", "revenue": 95758000000, "costOfRevenue": 51973000000, "grossProfit": 43785000000, "grossProfitRatio": 0.4572463919, "researchAndDevelopmentExpenses": 5820000000, "generalAndAdministrativeExpenses": 19269000000, "sellingAndMarketingExpenses": 1252000000, "sellingGeneralAndAdministrativeExpenses": 20521000000, "otherExpenses": 432000000, "operatingExpenses": 26773000000, "costAndExpenses": 78746000000, "interestIncome": 94000000, "interestExpense": 402000000, "depreciationAndAmortization": 4994000000, "ebitda": 17013000000, "ebitdaratio": 0.1776666179, "operatingIncome": 17012000000, "operatingIncomeRatio": 0.1776561749, "totalOtherIncomeExpensesNet": 1527000000, "incomeBeforeTax": 18138000000, "incomeBeforeTaxRatio": 0.1894149836, "incomeTaxExpense": 4713000000, "netIncome": 13425000000, "netIncomeRatio": 0.1401971637, "eps": 10.12, "epsdiluted": 10.01, "weightedAverageShsOut": 1327200000, "weightedAverageShsOutDil": 1341400000, "link": "https://www.sec.gov/Archives/edgar/data/51143/000104746910001151/0001047469-10-001151-index.htm", "finalLink": "https://www.sec.gov/Archives/edgar/data/51143/000104746910001151/a2195966z10-k.htm", "calculatedOtherExpenses": 432000000, "calculatedOperatingExpenses": 26773000000, "calculatedNetInterest": -308000000, "calculatedOtherIncome": 1434000000, "calculatedIncomeNonControlling": 0, "calculatedEbitda": 22006000000}, {"date": "2008-12-31", "symbol": "IBM", "reportedCurrency": "USD", "cik": "0000051143", "fillingDate": "2009-02-24", "acceptedDate": "2009-02-24 14:26:00", "calendarYear": "2008", "period": "FY", "revenue": 103630000000, "costOfRevenue": 57969000000, "grossProfit": 45661000000, "grossProfitRatio": 0.4406156518, "researchAndDevelopmentExpenses": 6337000000, "generalAndAdministrativeExpenses": 23386000000, "sellingAndMarketingExpenses": 0, "sellingGeneralAndAdministrativeExpenses": 23386000000, "otherExpenses": 0, "operatingExpenses": 29723000000, "costAndExpenses": 87692000000, "interestIncome": 0, "interestExpense": 673000000, "depreciationAndAmortization": 5450000000, "ebitda": 21388000000, "ebitdaratio": 0.2063881116, "operatingIncome": 15938000000, "operatingIncomeRatio": 0.153797163, "totalOtherIncomeExpensesNet": 1450000000, "incomeBeforeTax": 16715000000, "incomeBeforeTaxRatio": 0.1612949918, "incomeTaxExpense": 4381000000, "netIncome": 12334000000, "netIncomeRatio": 0.1190195889, "eps": 9.07, "epsdiluted": 8.93, "weightedAverageShsOut": 1359769923, "weightedAverageShsOutDil": 1381773136, "link": "https://www.sec.gov/Archives/edgar/data/51143/000104746909001737/0001047469-09-001737-index.htm", "finalLink": "https://www.sec.gov/Archives/edgar/data/51143/000104746909001737/a2189817z10-k.htm", "calculatedOtherExpenses": 0, "calculatedOperatingExpenses": 29723000000, "calculatedNetInterest": -673000000, "calculatedOtherIncome": 1450000000, "calculatedIncomeNonControlling": 0, "calculatedEbitda": 21388000000}, {"date": "2007-12-31", "symbol": "IBM", "reportedCurrency": "USD", "cik": "0000051143", "fillingDate": "2008-02-26", "acceptedDate": "2008-02-26 14:06:45", "calendarYear": "2007", "period": "FY", "revenue": 98786000000, "costOfRevenue": 57057000000, "grossProfit": 41729000000, "grossProfitRatio": 0.4224181564, "researchAndDevelopmentExpenses": 6153000000, "generalAndAdministrativeExpenses": 22060000000, "sellingAndMarketingExpenses": 0, "sellingGeneralAndAdministrativeExpenses": 22060000000, "otherExpenses": 0, "operatingExpenses": 28213000000, "costAndExpenses": 85270000000, "interestIncome": 0, "interestExpense": 611000000, "depreciationAndAmortization": 5201000000, "ebitda": 18717000000, "ebitdaratio": 0.1894701678, "operatingIncome": 13516000000, "operatingIncomeRatio": 0.136821007, "totalOtherIncomeExpensesNet": 1584000000, "incomeBeforeTax": 14489000000, "incomeBeforeTaxRatio": 0.1466705809, "incomeTaxExpense": 4071000000, "netIncome": 10418000000, "netIncomeRatio": 0.1054602879, "eps": 7.32, "epsdiluted": 7.18, "weightedAverageShsOut": 1423039793, "weightedAverageShsOutDil": 1450570579, "link": "https://www.sec.gov/Archives/edgar/data/51143/000104746908001731/0001047469-08-001731-index.htm", "finalLink": "https://www.sec.gov/Archives/edgar/data/51143/000104746908001731/a2181836z10-k.htm", "calculatedOtherExpenses": 0, "calculatedOperatingExpenses": 28213000000, "calculatedNetInterest": -611000000, "calculatedOtherIncome": 1584000000, "calculatedIncomeNonControlling": 0, "calculatedEbitda": 18717000000}, {"date": "2006-12-31", "symbol": "IBM", "reportedCurrency": "USD", "cik": "0000051143", "fillingDate": "2007-02-27", "acceptedDate": "2007-02-27 15:08:14", "calendarYear": "2006", "period": "FY", "revenue": 91424000000, "costOfRevenue": 53129000000, "grossProfit": 38295000000, "grossProfitRatio": 0.4188725061, "researchAndDevelopmentExpenses": 6107000000, "generalAndAdministrativeExpenses": 20259000000, "sellingAndMarketingExpenses": 0, "sellingGeneralAndAdministrativeExpenses": 20259000000, "otherExpenses": 0, "operatingExpenses": 26366000000, "costAndExpenses": 79495000000, "interestIncome": 0, "interestExpense": 278000000, "depreciationAndAmortization": 4983000000, "ebitda": 16912000000, "ebitdaratio": 0.1849842492, "operatingIncome": 11929000000, "operatingIncomeRatio": 0.1304799615, "totalOtherIncomeExpensesNet": 1666000000, "incomeBeforeTax": 13317000000, "incomeBeforeTaxRatio": 0.1456619706, "incomeTaxExpense": 3901000000, "netIncome": 9492000000, "netIncomeRatio": 0.1038239412, "eps": 6.2, "epsdiluted": 6.11, "weightedAverageShsOut": 1530806987, "weightedAverageShsOutDil": 1553535384, "link": "https://www.sec.gov/Archives/edgar/data/51143/000104746907001434/0001047469-07-001434-index.htm", "finalLink": "https://www.sec.gov/Archives/edgar/data/51143/000104746907001434/a2175501z10-k.htm", "calculatedOtherExpenses": 0, "calculatedOperatingExpenses": 26366000000, "calculatedNetInterest": -278000000, "calculatedOtherIncome": 1666000000, "calculatedIncomeNonControlling": -76000000, "calculatedEbitda": 16912000000}, {"date": "2005-12-31", "symbol": "IBM", "reportedCurrency": "USD", "cik": "0000051143", "fillingDate": "2006-02-28", "acceptedDate": "2006-02-28 16:50:07", "calendarYear": "2005", "period": "FY", "revenue": 91134000000, "costOfRevenue": 54602000000, "grossProfit": 36532000000, "grossProfitRatio": 0.4008602717, "researchAndDevelopmentExpenses": 5842000000, "generalAndAdministrativeExpenses": 21314000000, "sellingAndMarketingExpenses": 0, "sellingGeneralAndAdministrativeExpenses": 21314000000, "otherExpenses": 0, "operatingExpenses": 27156000000, "costAndExpenses": 81758000000, "interestIncome": 0, "interestExpense": 220000000, "depreciationAndAmortization": 5188000000, "ebitda": 14564000000, "ebitdaratio": 0.1598086334, "operatingIncome": 9376000000, "operatingIncomeRatio": 0.1028814712, "totalOtherIncomeExpensesNet": 3070000000, "incomeBeforeTax": 12226000000, "incomeBeforeTaxRatio": 0.1341541027, "incomeTaxExpense": 4232000000, "netIncome": 7934000000, "netIncomeRatio": 0.087058617, "eps": 4.96, "epsdiluted": 4.87, "weightedAverageShsOut": 1600591264, "weightedAverageShsOutDil": 1627632662, "link": "https://www.sec.gov/Archives/edgar/data/51143/000104746906002608/0001047469-06-002608-index.htm", "finalLink": "https://www.sec.gov/Archives/edgar/data/51143/000104746906002608/a2166922z10-k.htm", "calculatedOtherExpenses": 0, "calculatedOperatingExpenses": 27156000000, "calculatedNetInterest": -220000000, "calculatedOtherIncome": 3070000000, "calculatedIncomeNonControlling": 60000000, "calculatedEbitda": 14564000000}, {"date": "2004-12-31", "symbol": "IBM", "reportedCurrency": "USD", "cik": "0000051143", "fillingDate": "2005-02-24", "acceptedDate": "2005-02-24 15:39:30", "calendarYear": "2004", "period": "FY", "revenue": 96293000000, "costOfRevenue": 60261000000, "grossProfit": 36032000000, "grossProfitRatio": 0.3741912704, "researchAndDevelopmentExpenses": 5673000000, "generalAndAdministrativeExpenses": 19384000000, "sellingAndMarketingExpenses": 0, "sellingGeneralAndAdministrativeExpenses": 19384000000, "otherExpenses": 0, "operatingExpenses": 25057000000, "costAndExpenses": 85318000000, "interestIncome": 0, "interestExpense": 139000000, "depreciationAndAmortization": 4915000000, "ebitda": 15890000000, "ebitdaratio": 0.1650171871, "operatingIncome": 10975000000, "operatingIncomeRatio": 0.1139750553, "totalOtherIncomeExpensesNet": 1192000000, "incomeBeforeTax": 12028000000, "incomeBeforeTaxRatio": 0.1249104296, "incomeTaxExpense": 3580000000, "netIncome": 8430000000, "netIncomeRatio": 0.0875453044, "eps": 5.03, "epsdiluted": 4.93, "weightedAverageShsOut": 1674959086, "weightedAverageShsOutDil": 1708872279, "link": "https://www.sec.gov/Archives/edgar/data/51143/000104746905004595/0001047469-05-004595-index.htm", "finalLink": "https://www.sec.gov/Archives/edgar/data/51143/000104746905004595/a2152314z10-k.htm", "calculatedOtherExpenses": 0, "calculatedOperatingExpenses": 25057000000, "calculatedNetInterest": -139000000, "calculatedOtherIncome": 1192000000, "calculatedIncomeNonControlling": 18000000, "calculatedEbitda": 15890000000}, {"date": "2003-12-31", "symbol": "IBM", "reportedCurrency": "USD", "cik": "0000051143", "fillingDate": "2004-03-08", "acceptedDate": "2004-03-08 15:28:07", "calendarYear": "2003", "period": "FY", "revenue": 89131000000, "costOfRevenue": 56113000000, "grossProfit": 33018000000, "grossProfitRatio": 0.3704435045, "researchAndDevelopmentExpenses": 5077000000, "generalAndAdministrativeExpenses": 17852000000, "sellingAndMarketingExpenses": 0, "sellingGeneralAndAdministrativeExpenses": 17852000000, "otherExpenses": 0, "operatingExpenses": 22929000000, "costAndExpenses": 79042000000, "interestIncome": 0, "interestExpense": 0, "depreciationAndAmortization": 4701000000, "ebitda": 13860000000, "ebitdaratio": 0.1555014529, "operatingIncome": 10089000000, "operatingIncomeRatio": 0.1131929407, "totalOtherIncomeExpensesNet": 930000000, "incomeBeforeTax": 10874000000, "incomeBeforeTaxRatio": 0.1220002019, "incomeTaxExpense": 3261000000, "netIncome": 7583000000, "netIncomeRatio": 0.0850770215, "eps": 4.4, "epsdiluted": 4.32, "weightedAverageShsOut": 1721588628, "weightedAverageShsOutDil": 1756090689, "link": "https://www.sec.gov/Archives/edgar/data/51143/000104746904006934/0001047469-04-006934-index.htm", "finalLink": "https://www.sec.gov/Archives/edgar/data/51143/000104746904006934/a2129092z10-k.htm", "calculatedOtherExpenses": 0, "calculatedOperatingExpenses": 22929000000, "calculatedNetInterest": 0, "calculatedOtherIncome": 785000000, "calculatedIncomeNonControlling": 30000000, "calculatedEbitda": 14790000000}, {"date": "2002-12-31", "symbol": "IBM", "reportedCurrency": "USD", "cik": "0000051143", "fillingDate": "2003-03-10", "acceptedDate": "2003-03-10 14:58:15", "calendarYear": "2002", "period": "FY", "revenue": 81186000000, "costOfRevenue": 50902000000, "grossProfit": 30284000000, "grossProfitRatio": 0.3730199788, "researchAndDevelopmentExpenses": 4750000000, "generalAndAdministrativeExpenses": 18738000000, "sellingAndMarketingExpenses": 0, "sellingGeneralAndAdministrativeExpenses": 18738000000, "otherExpenses": 0, "operatingExpenses": 23488000000, "costAndExpenses": 74390000000, "interestIncome": 0, "interestExpense": 0, "depreciationAndAmortization": 4379000000, "ebitda": 10302000000, "ebitdaratio": 0.1268937994, "operatingIncome": 6796000000, "operatingIncomeRatio": 0.0837090139, "totalOtherIncomeExpensesNet": 873000000, "incomeBeforeTax": 7524000000, "incomeBeforeTaxRatio": 0.0926760772, "incomeTaxExpense": 2190000000, "netIncome": 3579000000, "netIncomeRatio": 0.0440839554, "eps": 2.1, "epsdiluted": 2.06, "weightedAverageShsOut": 1703244345, "weightedAverageShsOutDil": 1730941054, "link": "https://www.sec.gov/Archives/edgar/data/51143/000104746903008194/0001047469-03-008194-index.htm", "finalLink": "https://www.sec.gov/Archives/edgar/data/51143/000104746903008194/a2102367z10-k.htm", "calculatedOtherExpenses": 0, "calculatedOperatingExpenses": 23488000000, "calculatedNetInterest": 0, "calculatedOtherIncome": 728000000, "calculatedIncomeNonControlling": 1755000000, "calculatedEbitda": 11175000000}, {"date": "2001-12-31", "symbol": "IBM", "reportedCurrency": "USD", "cik": "0000051143", "fillingDate": "2002-03-11", "acceptedDate": "2002-03-11 00:00:00", "calendarYear": "2001", "period": "FY", "revenue": 85866000000, "costOfRevenue": 54084000000, "grossProfit": 31782000000, "grossProfitRatio": 0.3701348613, "researchAndDevelopmentExpenses": 5290000000, "generalAndAdministrativeExpenses": 17197000000, "sellingAndMarketingExpenses": 0, "sellingGeneralAndAdministrativeExpenses": 17197000000, "otherExpenses": 0, "operatingExpenses": 22487000000, "costAndExpenses": 76571000000, "interestIncome": 0, "interestExpense": 0, "depreciationAndAmortization": 4820000000, "ebitda": 12219000000, "ebitdaratio": 0.1423031235, "operatingIncome": 9295000000, "operatingIncomeRatio": 0.1082500641, "totalOtherIncomeExpensesNet": 1896000000, "incomeBeforeTax": 10953000000, "incomeBeforeTaxRatio": 0.1275592202, "incomeTaxExpense": 3230000000, "netIncome": 7723000000, "netIncomeRatio": 0.0899424685, "eps": 4.45, "epsdiluted": 4.35, "weightedAverageShsOut": 1733258427, "weightedAverageShsOutDil": 1773103448, "link": "https://www.sec.gov/Archives/edgar/data/51143/000091205702009402/0000912057-02-009402-index.htm", "finalLink": "https://www.sec.gov/Archives/edgar/data/51143/000091205702009402/a2071411z10-k405.txt", "calculatedOtherExpenses": 0, "calculatedOperatingExpenses": 22487000000, "calculatedNetInterest": 0, "calculatedOtherIncome": 1658000000, "calculatedIncomeNonControlling": 0, "calculatedEbitda": 14115000000}, {"date": "2000-12-31", "symbol": "IBM", "reportedCurrency": "USD", "cik": "0000051143", "fillingDate": "2001-03-13", "acceptedDate": "2001-03-13 00:00:00", "calendarYear": "2000", "period": "FY", "revenue": 88396000000, "costOfRevenue": 55972000000, "grossProfit": 32424000000, "grossProfitRatio": 0.3668039278, "researchAndDevelopmentExpenses": 5151000000, "generalAndAdministrativeExpenses": 15639000000, "sellingAndMarketingExpenses": 0, "sellingGeneralAndAdministrativeExpenses": 15639000000, "otherExpenses": 0, "operatingExpenses": 20790000000, "costAndExpenses": 76762000000, "interestIncome": 0, "interestExpense": 717000000, "depreciationAndAmortization": 4995000000, "ebitda": 16629000000, "ebitdaratio": 0.1881193719, "operatingIncome": 11634000000, "operatingIncomeRatio": 0.1316122901, "totalOtherIncomeExpensesNet": 617000000, "incomeBeforeTax": 11534000000, "incomeBeforeTaxRatio": 0.1304810172, "incomeTaxExpense": 3441000000, "netIncome": 8093000000, "netIncomeRatio": 0.0915539165, "eps": 4.58, "epsdiluted": 4.44, "weightedAverageShsOut": 1763037049, "weightedAverageShsOutDil": 1812118422, "link": "https://www.sec.gov/Archives/edgar/data/51143/000091205701007563/0000912057-01-007563-index.htm", "finalLink": "https://www.sec.gov/Archives/edgar/data/51143/000091205701007563/a2039641z10-k.txt", "calculatedOtherExpenses": 0, "calculatedOperatingExpenses": 20790000000, "calculatedNetInterest": -717000000, "calculatedOtherIncome": 617000000, "calculatedIncomeNonControlling": 0, "calculatedEbitda": 16629000000}, {"date": "1999-12-31", "symbol": "IBM", "reportedCurrency": "USD", "cik": "0000051143", "fillingDate": "2000-03-13", "acceptedDate": "2000-03-13 00:00:00", "calendarYear": "1999", "period": "FY", "revenue": 87548000000, "costOfRevenue": 55619000000, "grossProfit": 31929000000, "grossProfitRatio": 0.3647027916, "researchAndDevelopmentExpenses": 5273000000, "generalAndAdministrativeExpenses": 14729000000, "sellingAndMarketingExpenses": 0, "sellingGeneralAndAdministrativeExpenses": 14729000000, "otherExpenses": 0, "operatingExpenses": 20002000000, "costAndExpenses": 75621000000, "interestIncome": 0, "interestExpense": 727000000, "depreciationAndAmortization": 6585000000, "ebitda": 18512000000, "ebitdaratio": 0.211449719, "operatingIncome": 11927000000, "operatingIncomeRatio": 0.1362338374, "totalOtherIncomeExpensesNet": 557000000, "incomeBeforeTax": 11757000000, "incomeBeforeTaxRatio": 0.1342920455, "incomeTaxExpense": 4045000000, "netIncome": 7712000000, "netIncomeRatio": 0.0880888198, "eps": 4.25, "epsdiluted": 4.12, "weightedAverageShsOut": 1808538346, "weightedAverageShsOutDil": 1871073912, "link": "https://www.sec.gov/Archives/edgar/data/51143/000091205700011206/0000912057-00-011206-index.html", "finalLink": "https://www.sec.gov/Archives/edgar/data/51143/000091205700011206/", "calculatedOtherExpenses": 0, "calculatedOperatingExpenses": 20002000000, "calculatedNetInterest": -727000000, "calculatedOtherIncome": 557000000, "calculatedIncomeNonControlling": 0, "calculatedEbitda": 18512000000}, {"date": "1998-12-31", "symbol": "IBM", "reportedCurrency": "USD", "cik": "0000051143", "fillingDate": "1999-03-29", "acceptedDate": "1999-03-29 00:00:00", "calendarYear": "1998", "period": "FY", "revenue": 79075000000, "costOfRevenue": 50795000000, "grossProfit": 28280000000, "grossProfitRatio": 0.3576351565, "researchAndDevelopmentExpenses": 5046000000, "generalAndAdministrativeExpenses": 16662000000, "sellingAndMarketingExpenses": 0, "sellingGeneralAndAdministrativeExpenses": 16662000000, "otherExpenses": 0, "operatingExpenses": 21708000000, "costAndExpenses": 72503000000, "interestIncome": 589000000, "interestExpense": 713000000, "depreciationAndAmortization": 4992000000, "ebitda": 12153000000, "ebitdaratio": 0.1536895353, "operatingIncome": 6572000000, "operatingIncomeRatio": 0.0831109706, "totalOtherIncomeExpensesNet": 2592000000, "incomeBeforeTax": 9040000000, "incomeBeforeTaxRatio": 0.1143218463, "incomeTaxExpense": 2712000000, "netIncome": 6328000000, "netIncomeRatio": 0.0800252924, "eps": 3.38, "epsdiluted": 3.29, "weightedAverageShsOut": 1869005570, "weightedAverageShsOutDil": 1920130470, "link": "https://www.sec.gov/Archives/edgar/data/51143/000104746999011848/0001047469-99-011848-index.html", "finalLink": "https://www.sec.gov/Archives/edgar/data/51143/", "calculatedOtherExpenses": 0, "calculatedOperatingExpenses": 21708000000, "calculatedNetInterest": -124000000, "calculatedOtherIncome": 2592000000, "calculatedIncomeNonControlling": 0, "calculatedEbitda": 11564000000}, {"date": "1997-12-31", "symbol": "IBM", "reportedCurrency": "USD", "cik": "0000051143", "fillingDate": "1998-03-30", "acceptedDate": "1998-03-30 00:00:00", "calendarYear": "1997", "period": "FY", "revenue": 78508000000, "costOfRevenue": 47899000000, "grossProfit": 30609000000, "grossProfitRatio": 0.3898838335, "researchAndDevelopmentExpenses": 4877000000, "generalAndAdministrativeExpenses": 16634000000, "sellingAndMarketingExpenses": 0, "sellingGeneralAndAdministrativeExpenses": 16634000000, "otherExpenses": 0, "operatingExpenses": 21511000000, "costAndExpenses": 69410000000, "interestIncome": 657000000, "interestExpense": 728000000, "depreciationAndAmortization": 5001000000, "ebitda": 14756000000, "ebitdaratio": 0.1879553676, "operatingIncome": 9098000000, "operatingIncomeRatio": 0.1158862791, "totalOtherIncomeExpensesNet": -71000000, "incomeBeforeTax": 9027000000, "incomeBeforeTaxRatio": 0.1149819127, "incomeTaxExpense": 2934000000, "netIncome": 6093000000, "netIncomeRatio": 0.0776099251, "eps": 3.09, "epsdiluted": 3.01, "weightedAverageShsOut": 1966572722, "weightedAverageShsOutDil": 2021869884, "link": "https://www.sec.gov/Archives/edgar/data/51143/000104746998012291/0001047469-98-012291-index.html", "finalLink": "https://www.sec.gov/Archives/edgar/data/51143/", "calculatedOtherExpenses": 0, "calculatedOperatingExpenses": 21511000000, "calculatedNetInterest": -71000000, "calculatedOtherIncome": 0, "calculatedIncomeNonControlling": 0, "calculatedEbitda": 14099000000}, {"date": "1996-12-31", "symbol": "IBM", "reportedCurrency": "USD", "cik": "0000051143", "fillingDate": "1997-03-27", "acceptedDate": "1997-03-27 00:00:00", "calendarYear": "1996", "period": "FY", "revenue": 74323000000, "costOfRevenue": 43784000000, "grossProfit": 30539000000, "grossProfitRatio": 0.4108956851, "researchAndDevelopmentExpenses": 5089000000, "generalAndAdministrativeExpenses": 16854000000, "sellingAndMarketingExpenses": 0, "sellingGeneralAndAdministrativeExpenses": 16854000000, "otherExpenses": 0, "operatingExpenses": 21943000000, "costAndExpenses": 65727000000, "interestIncome": 707000000, "interestExpense": 716000000, "depreciationAndAmortization": 5012000000, "ebitda": 14315000000, "ebitdaratio": 0.1926052501, "operatingIncome": 8596000000, "operatingIncomeRatio": 0.1156573335, "totalOtherIncomeExpensesNet": -9000000, "incomeBeforeTax": 8587000000, "incomeBeforeTaxRatio": 0.1155362405, "incomeTaxExpense": 3158000000, "netIncome": 5429000000, "netIncomeRatio": 0.0730460288, "eps": 2.56, "epsdiluted": 2.56, "weightedAverageShsOut": 2113408376, "weightedAverageShsOutDil": 2133200000, "link": "https://www.sec.gov/Archives/edgar/data/51143/000091205797010483/0000912057-97-010483-index.html", "finalLink": "https://www.sec.gov/Archives/edgar/data/51143/", "calculatedOtherExpenses": 0, "calculatedOperatingExpenses": 21943000000, "calculatedNetInterest": -9000000, "calculatedOtherIncome": 0, "calculatedIncomeNonControlling": 0, "calculatedEbitda": 13608000000}, {"date": "1995-12-31", "symbol": "IBM", "reportedCurrency": "USD", "cik": "0000051143", "fillingDate": "1996-03-26", "acceptedDate": "1996-03-26 00:00:00", "calendarYear": "1995", "period": "FY", "revenue": 71940000000, "costOfRevenue": 41573000000, "grossProfit": 30367000000, "grossProfitRatio": 0.4221156519, "researchAndDevelopmentExpenses": 6010000000, "generalAndAdministrativeExpenses": 16766000000, "sellingAndMarketingExpenses": 0, "sellingGeneralAndAdministrativeExpenses": 16766000000, "otherExpenses": 0, "operatingExpenses": 22776000000, "costAndExpenses": 64349000000, "interestIncome": 947000000, "interestExpense": 725000000, "depreciationAndAmortization": 5602000000, "ebitda": 14140000000, "ebitdaratio": 0.1965526828, "operatingIncome": 7591000000, "operatingIncomeRatio": 0.1055184876, "totalOtherIncomeExpensesNet": 222000000, "incomeBeforeTax": 7813000000, "incomeBeforeTaxRatio": 0.1086043925, "incomeTaxExpense": 3635000000, "netIncome": 4178000000, "netIncomeRatio": 0.0580761746, "eps": 1.81, "epsdiluted": 1.81, "weightedAverageShsOut": 2277536116, "weightedAverageShsOutDil": 2277536116, "link": "https://www.sec.gov/Archives/edgar/data/51143/000095011296000889/0000950112-96-000889-index.html", "finalLink": "https://www.sec.gov/Archives/edgar/data/51143/", "calculatedOtherExpenses": 0, "calculatedOperatingExpenses": 22776000000, "calculatedNetInterest": 222000000, "calculatedOtherIncome": 0, "calculatedIncomeNonControlling": 0, "calculatedEbitda": 13193000000}, {"date": "1994-12-31", "symbol": "IBM", "reportedCurrency": "USD", "cik": "0000051143", "fillingDate": "1995-03-28", "acceptedDate": "1995-03-28 00:00:00", "calendarYear": "1994", "period": "FY", "revenue": 64052000000, "costOfRevenue": 38768000000, "grossProfit": 25284000000, "grossProfitRatio": 0.3947417723, "researchAndDevelopmentExpenses": 4363000000, "generalAndAdministrativeExpenses": 15916000000, "sellingAndMarketingExpenses": 0, "sellingGeneralAndAdministrativeExpenses": 15916000000, "otherExpenses": 0, "operatingExpenses": 20279000000, "costAndExpenses": 59047000000, "interestIncome": 1377000000, "interestExpense": 1227000000, "depreciationAndAmortization": 6295000000, "ebitda": 12677000000, "ebitdaratio": 0.1979173172, "operatingIncome": 5005000000, "operatingIncomeRatio": 0.0781396365, "totalOtherIncomeExpensesNet": 150000000, "incomeBeforeTax": 5155000000, "incomeBeforeTaxRatio": 0.0804814838, "incomeTaxExpense": 2134000000, "netIncome": 3021000000, "netIncomeRatio": 0.0471648036, "eps": 1.25, "epsdiluted": 1.25, "weightedAverageShsOut": 2339834796, "weightedAverageShsOutDil": 2339834796, "link": "https://www.sec.gov/Archives/edgar/data/51143/000095011295000774/0000950112-95-000774-index.html", "finalLink": "https://www.sec.gov/Archives/edgar/data/51143/", "calculatedOtherExpenses": 0, "calculatedOperatingExpenses": 20279000000, "calculatedNetInterest": 150000000, "calculatedOtherIncome": 0, "calculatedIncomeNonControlling": 0, "calculatedEbitda": 11300000000}, {"date": "1993-12-31", "symbol": "IBM", "reportedCurrency": "USD", "cik": "0000051143", "fillingDate": "1994-03-28", "acceptedDate": "1994-03-28 00:00:00", "calendarYear": "1993", "period": "FY", "revenue": 62716000000, "costOfRevenue": 33858000000, "grossProfit": 28858000000, "grossProfitRatio": 0.4601377639, "researchAndDevelopmentExpenses": 0, "generalAndAdministrativeExpenses": 0, "sellingAndMarketingExpenses": 0, "sellingGeneralAndAdministrativeExpenses": 32785000000, "otherExpenses": 4710000000, "operatingExpenses": 37495000000, "costAndExpenses": 71353000000, "interestIncome": 0, "interestExpense": 0, "depreciationAndAmortization": 4710000000, "ebitda": -5040000000, "ebitdaratio": -0.080362268, "operatingIncome": -8637000000, "operatingIncomeRatio": -0.1377160533, "totalOtherIncomeExpensesNet": 1113000000, "incomeBeforeTax": -8797000000, "incomeBeforeTaxRatio": -0.1402672364, "incomeTaxExpense": -810000000, "netIncome": -8101000000, "netIncomeRatio": -0.1291695899, "eps": -3.54, "epsdiluted": -3.54, "weightedAverageShsOut": 2288764045, "weightedAverageShsOutDil": 2288764045, "link": "https://www.sec.gov/Archives/edgar/data/51143/000095011294000794/0000950112-94-000794-index.html", "finalLink": "https://www.sec.gov/Archives/edgar/data/51143/", "calculatedOtherExpenses": 4710000000, "calculatedOperatingExpenses": 37495000000, "calculatedNetInterest": 0, "calculatedOtherIncome": -160000000, "calculatedIncomeNonControlling": 114000000, "calculatedEbitda": -3927000000}, {"date": "1992-12-31", "symbol": "IBM", "reportedCurrency": "USD", "cik": "0000051143", "fillingDate": "1992-12-31", "acceptedDate": "1992-12-30 19:00:00", "calendarYear": "1992", "period": "FY", "revenue": 64523000000, "costOfRevenue": 28810000000, "grossProfit": 35713000000, "grossProfitRatio": 0.553492553, "researchAndDevelopmentExpenses": 0, "generalAndAdministrativeExpenses": 0, "sellingAndMarketingExpenses": 0, "sellingGeneralAndAdministrativeExpenses": 26048000000, "otherExpenses": 6259000000, "operatingExpenses": 32307000000, "costAndExpenses": 61117000000, "interestIncome": 0, "interestExpense": 0, "depreciationAndAmortization": 6259000000, "ebitda": 20737000000, "ebitdaratio": 0.321389272, "operatingIncome": 3406000000, "operatingIncomeRatio": 0.0527873781, "totalOtherIncomeExpensesNet": -11072000000, "incomeBeforeTax": -9026000000, "incomeBeforeTaxRatio": -0.1398881019, "incomeTaxExpense": -2161000000, "netIncome": -4965000000, "netIncomeRatio": -0.0769493049, "eps": -2.17, "epsdiluted": -2.17, "weightedAverageShsOut": 2283585956, "weightedAverageShsOutDil": 2288018433, "link": "", "finalLink": "", "calculatedOtherExpenses": 6259000000, "calculatedOperatingExpenses": 32307000000, "calculatedNetInterest": 0, "calculatedOtherIncome": -12432000000, "calculatedIncomeNonControlling": -1900000000, "calculatedEbitda": 9665000000}, {"date": "1991-12-31", "symbol": "IBM", "reportedCurrency": "USD", "cik": "0000051143", "fillingDate": "1991-12-31", "acceptedDate": "1991-12-30 19:00:00", "calendarYear": "1991", "period": "FY", "revenue": 64792000000, "costOfRevenue": 27324000000, "grossProfit": 37468000000, "grossProfitRatio": 0.5782812693, "researchAndDevelopmentExpenses": 0, "generalAndAdministrativeExpenses": 0, "sellingAndMarketingExpenses": 0, "sellingGeneralAndAdministrativeExpenses": 31376000000, "otherExpenses": 5150000000, "operatingExpenses": 36526000000, "costAndExpenses": 63850000000, "interestIncome": 0, "interestExpense": 0, "depreciationAndAmortization": 5150000000, "ebitda": 5490000000, "ebitdaratio": 0.084732683, "operatingIncome": 942000000, "operatingIncomeRatio": 0.014538832, "totalOtherIncomeExpensesNet": 602000000, "incomeBeforeTax": 121000000, "incomeBeforeTaxRatio": 0.0018675145, "incomeTaxExpense": 685000000, "netIncome": -564000000, "netIncomeRatio": -0.0087047784, "eps": -0.25, "epsdiluted": -0.25, "weightedAverageShsOut": 2256000000, "weightedAverageShsOutDil": 2256000000, "link": "", "finalLink": "", "calculatedOtherExpenses": 5150000000, "calculatedOperatingExpenses": 36526000000, "calculatedNetInterest": 0, "calculatedOtherIncome": -821000000, "calculatedIncomeNonControlling": 0, "calculatedEbitda": 6092000000}, {"date": "1990-12-31", "symbol": "IBM", "reportedCurrency": "USD", "cik": "0000051143", "fillingDate": "1990-12-31", "acceptedDate": "1990-12-30 19:00:00", "calendarYear": "1990", "period": "FY", "revenue": 69018000000, "costOfRevenue": 26506000000, "grossProfit": 42512000000, "grossProfitRatio": 0.615955258, "researchAndDevelopmentExpenses": 0, "generalAndAdministrativeExpenses": 0, "sellingAndMarketingExpenses": 0, "sellingGeneralAndAdministrativeExpenses": 27263000000, "otherExpenses": 4217000000, "operatingExpenses": 31480000000, "costAndExpenses": 57986000000, "interestIncome": 0, "interestExpense": 0, "depreciationAndAmortization": 4217000000, "ebitda": 14754000000, "ebitdaratio": 0.2137703208, "operatingIncome": 11032000000, "operatingIncomeRatio": 0.15984236, "totalOtherIncomeExpensesNet": 495000000, "incomeBeforeTax": 10203000000, "incomeBeforeTaxRatio": 0.1478310006, "incomeTaxExpense": 4183000000, "netIncome": 6020000000, "netIncomeRatio": 0.0872236228, "eps": 2.63, "epsdiluted": 2.63, "weightedAverageShsOut": 2288973384, "weightedAverageShsOutDil": 2288973384, "link": "", "finalLink": "", "calculatedOtherExpenses": 4217000000, "calculatedOperatingExpenses": 31480000000, "calculatedNetInterest": 0, "calculatedOtherIncome": -829000000, "calculatedIncomeNonControlling": 0, "calculatedEbitda": 15249000000}, {"date": "1989-12-31", "symbol": "IBM", "reportedCurrency": "USD", "cik": "0000051143", "fillingDate": "1989-12-31", "acceptedDate": "1989-12-30 19:00:00", "calendarYear": "1989", "period": "FY", "revenue": 62710000000, "costOfRevenue": 23461000000, "grossProfit": 39249000000, "grossProfitRatio": 0.6258810397, "researchAndDevelopmentExpenses": 0, "generalAndAdministrativeExpenses": 0, "sellingAndMarketingExpenses": 0, "sellingGeneralAndAdministrativeExpenses": 28116000000, "otherExpenses": 4240000000, "operatingExpenses": 32356000000, "costAndExpenses": 55817000000, "interestIncome": 0, "interestExpense": 0, "depreciationAndAmortization": 4240000000, "ebitda": 10405000000, "ebitdaratio": 0.1659225004, "operatingIncome": 6893000000, "operatingIncomeRatio": 0.1099186733, "totalOtherIncomeExpensesNet": 728000000, "incomeBeforeTax": 6645000000, "incomeBeforeTaxRatio": 0.1059639611, "incomeTaxExpense": 2887000000, "netIncome": 3758000000, "netIncomeRatio": 0.0599266465, "eps": 1.62, "epsdiluted": 1.62, "weightedAverageShsOut": 2319753086, "weightedAverageShsOutDil": 2319753086, "link": "", "finalLink": "", "calculatedOtherExpenses": 4240000000, "calculatedOperatingExpenses": 32356000000, "calculatedNetInterest": 0, "calculatedOtherIncome": -248000000, "calculatedIncomeNonControlling": 0, "calculatedEbitda": 11133000000}, {"date": "1988-12-31", "symbol": "IBM", "reportedCurrency": "USD", "cik": "0000051143", "fillingDate": "1988-12-31", "acceptedDate": "1988-12-30 19:00:00", "calendarYear": "1988", "period": "FY", "revenue": 59681000000, "costOfRevenue": 21777000000, "grossProfit": 37904000000, "grossProfitRatio": 0.6351100015, "researchAndDevelopmentExpenses": 0, "generalAndAdministrativeExpenses": 0, "sellingAndMarketingExpenses": 0, "sellingGeneralAndAdministrativeExpenses": 25287000000, "otherExpenses": 3871000000, "operatingExpenses": 29158000000, "costAndExpenses": 50935000000, "interestIncome": 0, "interestExpense": 0, "depreciationAndAmortization": 3871000000, "ebitda": 11621000000, "ebitdaratio": 0.1947185872, "operatingIncome": 8746000000, "operatingIncomeRatio": 0.1465458018, "totalOtherIncomeExpensesNet": 996000000, "incomeBeforeTax": 9033000000, "incomeBeforeTaxRatio": 0.1513547025, "incomeTaxExpense": 3542000000, "netIncome": 5491000000, "netIncomeRatio": 0.092005831, "eps": 2.32, "epsdiluted": 2.32, "weightedAverageShsOut": 2366810345, "weightedAverageShsOutDil": 2366810345, "link": "", "finalLink": "", "calculatedOtherExpenses": 3871000000, "calculatedOperatingExpenses": 29158000000, "calculatedNetInterest": 0, "calculatedOtherIncome": 287000000, "calculatedIncomeNonControlling": 0, "calculatedEbitda": 12617000000}, {"date": "1987-12-31", "symbol": "IBM", "reportedCurrency": "USD", "cik": "0000051143", "fillingDate": "1987-12-31", "acceptedDate": "1987-12-30 19:00:00", "calendarYear": "1987", "period": "FY", "revenue": 54217000000, "costOfRevenue": 21083000000, "grossProfit": 33134000000, "grossProfitRatio": 0.6111367283, "researchAndDevelopmentExpenses": 0, "generalAndAdministrativeExpenses": 0, "sellingAndMarketingExpenses": 0, "sellingGeneralAndAdministrativeExpenses": 21865000000, "otherExpenses": 3527000000, "operatingExpenses": 25392000000, "costAndExpenses": 46475000000, "interestIncome": 0, "interestExpense": 0, "depreciationAndAmortization": 3527000000, "ebitda": 9917000000, "ebitdaratio": 0.1829131084, "operatingIncome": 7742000000, "operatingIncomeRatio": 0.1427965398, "totalOtherIncomeExpensesNet": 1352000000, "incomeBeforeTax": 8609000000, "incomeBeforeTaxRatio": 0.1587878341, "incomeTaxExpense": 3351000000, "netIncome": 5258000000, "netIncomeRatio": 0.0969806518, "eps": 2.18, "epsdiluted": 2.18, "weightedAverageShsOut": 2411926606, "weightedAverageShsOutDil": 2411926606, "link": "", "finalLink": "", "calculatedOtherExpenses": 3527000000, "calculatedOperatingExpenses": 25392000000, "calculatedNetInterest": 0, "calculatedOtherIncome": 867000000, "calculatedIncomeNonControlling": 0, "calculatedEbitda": 11269000000}, {"date": "1986-12-31", "symbol": "IBM", "reportedCurrency": "USD", "cik": "0000051143", "fillingDate": "1986-12-31", "acceptedDate": "1986-12-30 19:00:00", "calendarYear": "1986", "period": "FY", "revenue": 51250000000, "costOfRevenue": 19390000000, "grossProfit": 31860000000, "grossProfitRatio": 0.6216585366, "researchAndDevelopmentExpenses": 0, "generalAndAdministrativeExpenses": 0, "sellingAndMarketingExpenses": 0, "sellingGeneralAndAdministrativeExpenses": 20685000000, "otherExpenses": 3316000000, "operatingExpenses": 24001000000, "costAndExpenses": 43391000000, "interestIncome": 0, "interestExpense": 0, "depreciationAndAmortization": 3316000000, "ebitda": 10170000000, "ebitdaratio": 0.1984390244, "operatingIncome": 7859000000, "operatingIncomeRatio": 0.1533463415, "totalOtherIncomeExpensesNet": 1005000000, "incomeBeforeTax": 8389000000, "incomeBeforeTaxRatio": 0.1636878049, "incomeTaxExpense": 3600000000, "netIncome": 4789000000, "netIncomeRatio": 0.0934439024, "eps": 1.96, "epsdiluted": 1.96, "weightedAverageShsOut": 2443367347, "weightedAverageShsOutDil": 2443367347, "link": "", "finalLink": "", "calculatedOtherExpenses": 3316000000, "calculatedOperatingExpenses": 24001000000, "calculatedNetInterest": 0, "calculatedOtherIncome": 530000000, "calculatedIncomeNonControlling": 0, "calculatedEbitda": 11175000000}, {"date": "1985-12-31", "symbol": "IBM", "reportedCurrency": "USD", "cik": "0000051143", "fillingDate": "1985-12-31", "acceptedDate": "1985-12-30 19:00:00", "calendarYear": "1985", "period": "FY", "revenue": 50056000000, "costOfRevenue": 18209000000, "grossProfit": 31847000000, "grossProfitRatio": 0.6362274253, "researchAndDevelopmentExpenses": 0, "generalAndAdministrativeExpenses": 0, "sellingAndMarketingExpenses": 0, "sellingGeneralAndAdministrativeExpenses": 17723000000, "otherExpenses": 2894000000, "operatingExpenses": 20617000000, "costAndExpenses": 38826000000, "interestIncome": 0, "interestExpense": 0, "depreciationAndAmortization": 2894000000, "ebitda": 13292000000, "ebitdaratio": 0.2655425923, "operatingIncome": 11230000000, "operatingIncomeRatio": 0.2243487294, "totalOtherIncomeExpensesNet": 832000000, "incomeBeforeTax": 11619000000, "incomeBeforeTaxRatio": 0.2321200256, "incomeTaxExpense": 5064000000, "netIncome": 6555000000, "netIncomeRatio": 0.1309533323, "eps": 2.67, "epsdiluted": 2.67, "weightedAverageShsOut": 2455056180, "weightedAverageShsOutDil": 2455056180, "link": "", "finalLink": "", "calculatedOtherExpenses": 2894000000, "calculatedOperatingExpenses": 20617000000, "calculatedNetInterest": 0, "calculatedOtherIncome": 389000000, "calculatedIncomeNonControlling": 0, "calculatedEbitda": 14124000000}]}