{"originalCurrency": "USD", "convertedCurrency": "USD", "report": [{"date": "2023-12-31", "symbol": "IBOC", "reportedCurrency": "USD", "cik": "0000315709", "fillingDate": "2024-02-26", "acceptedDate": "2024-02-26 15:51:37", "calendarYear": "2023", "period": "FY", "revenue": 974086000, "costOfRevenue": 0, "grossProfit": 974086000, "grossProfitRatio": 1, "researchAndDevelopmentExpenses": 0, "generalAndAdministrativeExpenses": 140726000, "sellingAndMarketingExpenses": 5010000, "sellingGeneralAndAdministrativeExpenses": 145736000, "otherExpenses": -97120000, "operatingExpenses": 97120000, "costAndExpenses": 450574000, "interestIncome": 800162000, "interestExpense": 8406000, "depreciationAndAmortization": 21944000, "ebitda": 21944001, "ebitdaratio": 0.022527786, "operatingIncome": 1, "operatingIncomeRatio": 1e-09, "totalOtherIncomeExpensesNet": 523511999, "incomeBeforeTax": 523511999, "incomeBeforeTaxRatio": 0.5374391984, "incomeTaxExpense": 111744000, "netIncome": 411768000, "netIncomeRatio": 0.422722429, "eps": 6.63, "epsdiluted": 6.62, "weightedAverageShsOut": 62082827, "weightedAverageShsOutDil": 62221601, "link": "https://www.sec.gov/Archives/edgar/data/315709/000155837024001698/0001558370-24-001698-index.htm", "finalLink": "https://www.sec.gov/Archives/edgar/data/315709/000155837024001698/iboc-20231231x10k.htm", "calculatedOtherExpenses": 828349999, "calculatedOperatingExpenses": 974085999, "calculatedNetInterest": 791756000, "calculatedOtherIncome": -268244002, "calculatedIncomeNonControlling": -1, "calculatedEbitda": 21944001}, {"date": "2022-12-31", "symbol": "IBOC", "reportedCurrency": "USD", "cik": "0000315709", "fillingDate": "2023-02-23", "acceptedDate": "2023-02-23 15:57:34", "calendarYear": "2022", "period": "FY", "revenue": 674759000, "costOfRevenue": 0, "grossProfit": 674759000, "grossProfitRatio": 1, "researchAndDevelopmentExpenses": 0, "generalAndAdministrativeExpenses": 134709000, "sellingAndMarketingExpenses": 4588000, "sellingGeneralAndAdministrativeExpenses": 139297000, "otherExpenses": -393261000, "operatingExpenses": -253964000, "costAndExpenses": -253964000, "interestIncome": 525781000, "interestExpense": 38156000, "depreciationAndAmortization": 21821000, "ebitda": 442616000, "ebitdaratio": 0.65596161, "operatingIncome": 420795000, "operatingIncomeRatio": 0.6236226564, "totalOtherIncomeExpensesNet": -38156000, "incomeBeforeTax": 382639000, "incomeBeforeTaxRatio": 0.5670750594, "incomeTaxExpense": 82407000, "netIncome": 300232000, "netIncomeRatio": 0.4449470107, "eps": 4.79, "epsdiluted": 4.78, "weightedAverageShsOut": 62658414, "weightedAverageShsOutDil": 62810234, "link": "https://www.sec.gov/Archives/edgar/data/315709/000155837023001892/0001558370-23-001892-index.htm", "finalLink": "https://www.sec.gov/Archives/edgar/data/315709/000155837023001892/iboc-20221231x10k.htm", "calculatedOtherExpenses": 114667000, "calculatedOperatingExpenses": 253964000, "calculatedNetInterest": 487625000, "calculatedOtherIncome": -525781000, "calculatedIncomeNonControlling": 0, "calculatedEbitda": 442616000}, {"date": "2021-12-31", "symbol": "IBOC", "reportedCurrency": "USD", "cik": "0000315709", "fillingDate": "2022-02-24", "acceptedDate": "2022-02-24 16:06:11", "calendarYear": "2021", "period": "FY", "revenue": 593598000, "costOfRevenue": 0, "grossProfit": 593598000, "grossProfitRatio": 1, "researchAndDevelopmentExpenses": 0, "generalAndAdministrativeExpenses": 127869000, "sellingAndMarketingExpenses": 4037000, "sellingGeneralAndAdministrativeExpenses": 131906000, "otherExpenses": -403177000, "operatingExpenses": -271271000, "costAndExpenses": -271271000, "interestIncome": 398103000, "interestExpense": 26831000, "depreciationAndAmortization": 25028000, "ebitda": 347355000, "ebitdaratio": 0.5851687506, "operatingIncome": 322327000, "operatingIncomeRatio": 0.5430055357, "totalOtherIncomeExpensesNet": 322327000, "incomeBeforeTax": 322327000, "incomeBeforeTaxRatio": 0.5430055357, "incomeTaxExpense": 68405000, "netIncome": 253922000, "netIncomeRatio": 0.4277676138, "eps": 4.01, "epsdiluted": 4, "weightedAverageShsOut": 63352737, "weightedAverageShsOutDil": 63486366, "link": "https://www.sec.gov/Archives/edgar/data/315709/000155837022001922/0001558370-22-001922-index.htm", "finalLink": "https://www.sec.gov/Archives/edgar/data/315709/000155837022001922/iboc-20211231x10k.htm", "calculatedOtherExpenses": 139365000, "calculatedOperatingExpenses": 271271000, "calculatedNetInterest": 371272000, "calculatedOtherIncome": -371272000, "calculatedIncomeNonControlling": 0, "calculatedEbitda": 347355000}, {"date": "2020-12-31", "symbol": "IBOC", "reportedCurrency": "USD", "cik": "0000315709", "fillingDate": "2021-02-25", "acceptedDate": "2021-02-25 14:35:56", "calendarYear": "2020", "period": "FY", "revenue": 538468000, "costOfRevenue": 0, "grossProfit": 538468000, "grossProfitRatio": 1, "researchAndDevelopmentExpenses": 0, "generalAndAdministrativeExpenses": 131909000, "sellingAndMarketingExpenses": 4284000, "sellingGeneralAndAdministrativeExpenses": 136193000, "otherExpenses": -462903000, "operatingExpenses": -326710000, "costAndExpenses": -326710000, "interestIncome": 427008000, "interestExpense": 39119000, "depreciationAndAmortization": 28318000, "ebitda": 240076000, "ebitdaratio": 0.4458500784, "operatingIncome": 211758000, "operatingIncomeRatio": 0.393260138, "totalOtherIncomeExpensesNet": 211758000, "incomeBeforeTax": 211758000, "incomeBeforeTaxRatio": 0.393260138, "incomeTaxExpense": 44439000, "netIncome": 167319000, "netIncomeRatio": 0.3107315569, "eps": 2.63, "epsdiluted": 2.62, "weightedAverageShsOut": 63725819, "weightedAverageShsOutDil": 63853135, "link": "https://www.sec.gov/Archives/edgar/data/315709/000155837021001782/0001558370-21-001782-index.htm", "finalLink": "https://www.sec.gov/Archives/edgar/data/315709/000155837021001782/iboc-20201231x10k.htm", "calculatedOtherExpenses": 190517000, "calculatedOperatingExpenses": 326710000, "calculatedNetInterest": 387889000, "calculatedOtherIncome": -387889000, "calculatedIncomeNonControlling": 0, "calculatedEbitda": 240076000}, {"date": "2019-12-31", "symbol": "IBOC", "reportedCurrency": "USD", "cik": "0000315709", "fillingDate": "2020-02-27", "acceptedDate": "2020-02-27 15:10:10", "calendarYear": "2019", "period": "FY", "revenue": 588598000, "costOfRevenue": 0, "grossProfit": 588598000, "grossProfitRatio": 1, "researchAndDevelopmentExpenses": 0, "generalAndAdministrativeExpenses": 147345000, "sellingAndMarketingExpenses": 7748000, "sellingGeneralAndAdministrativeExpenses": 155093000, "otherExpenses": -483737000, "operatingExpenses": -328644000, "costAndExpenses": -328644000, "interestIncome": 492401000, "interestExpense": 58629000, "depreciationAndAmortization": 28270000, "ebitda": 288224000, "ebitdaratio": 0.489678864, "operatingIncome": 259954000, "operatingIncomeRatio": 0.4416494789, "totalOtherIncomeExpensesNet": 259954000, "incomeBeforeTax": 259954000, "incomeBeforeTaxRatio": 0.4416494789, "incomeTaxExpense": 54850000, "netIncome": 205104000, "netIncomeRatio": 0.3484619384, "eps": 3.13, "epsdiluted": 3.12, "weightedAverageShsOut": 65476606, "weightedAverageShsOutDil": 65685683, "link": "https://www.sec.gov/Archives/edgar/data/315709/000155837020001608/0001558370-20-001608-index.htm", "finalLink": "https://www.sec.gov/Archives/edgar/data/315709/000155837020001608/iboc-20191231x10k97a722.htm", "calculatedOtherExpenses": 173551000, "calculatedOperatingExpenses": 328644000, "calculatedNetInterest": 433772000, "calculatedOtherIncome": -433772000, "calculatedIncomeNonControlling": 0, "calculatedEbitda": 288224000}, {"date": "2018-12-31", "symbol": "IBOC", "reportedCurrency": "USD", "cik": "0000315709", "fillingDate": "2019-02-27", "acceptedDate": "2019-02-27 14:56:56", "calendarYear": "2018", "period": "FY", "revenue": 578196000, "costOfRevenue": 0, "grossProfit": 578196000, "grossProfitRatio": 1, "researchAndDevelopmentExpenses": 0, "generalAndAdministrativeExpenses": 142274000, "sellingAndMarketingExpenses": 7695000, "sellingGeneralAndAdministrativeExpenses": 149969000, "otherExpenses": -420430000, "operatingExpenses": -252945000, "costAndExpenses": -252945000, "interestIncome": 465822000, "interestExpense": 52668000, "depreciationAndAmortization": 25873000, "ebitda": 351124000, "ebitdaratio": 0.6072750417, "operatingIncome": 325251000, "operatingIncomeRatio": 0.5625272399, "totalOtherIncomeExpensesNet": -52668000, "incomeBeforeTax": 272583000, "incomeBeforeTaxRatio": 0.4714370214, "incomeTaxExpense": 56652000, "netIncome": 215931000, "netIncomeRatio": 0.3734564058, "eps": 3.27, "epsdiluted": 3.24, "weightedAverageShsOut": 66106580, "weightedAverageShsOutDil": 66633820, "link": "https://www.sec.gov/Archives/edgar/data/315709/000155837019001172/0001558370-19-001172-index.htm", "finalLink": "https://www.sec.gov/Archives/edgar/data/315709/000155837019001172/iboc-20181231x10k.htm", "calculatedOtherExpenses": 102976000, "calculatedOperatingExpenses": 252945000, "calculatedNetInterest": 413154000, "calculatedOtherIncome": -465822000, "calculatedIncomeNonControlling": 0, "calculatedEbitda": 351124000}, {"date": "2017-12-31", "symbol": "IBOC", "reportedCurrency": "USD", "cik": "0000315709", "fillingDate": "2018-02-28", "acceptedDate": "2018-02-28 16:24:56", "calendarYear": "2017", "period": "FY", "revenue": 526611000, "costOfRevenue": 0, "grossProfit": 526611000, "grossProfitRatio": 1, "researchAndDevelopmentExpenses": 0, "generalAndAdministrativeExpenses": 136044000, "sellingAndMarketingExpenses": 7854000, "sellingGeneralAndAdministrativeExpenses": 143898000, "otherExpenses": -409936000, "operatingExpenses": -266038000, "costAndExpenses": -266038000, "interestIncome": 415136000, "interestExpense": 38931000, "depreciationAndAmortization": 25306000, "ebitda": 285879000, "ebitdaratio": 0.5428656067, "operatingIncome": 260573000, "operatingIncomeRatio": 0.4948111604, "totalOtherIncomeExpensesNet": -38931000, "incomeBeforeTax": 221642000, "incomeBeforeTaxRatio": 0.4208837263, "incomeTaxExpense": 64206000, "netIncome": 157436000, "netIncomeRatio": 0.2989607129, "eps": 2.38, "epsdiluted": 2.36, "weightedAverageShsOut": 66046155, "weightedAverageShsOutDil": 66778436, "link": "https://www.sec.gov/Archives/edgar/data/315709/000155837018001274/0001558370-18-001274-index.htm", "finalLink": "https://www.sec.gov/Archives/edgar/data/315709/000155837018001274/iboc-20171231x10k.htm", "calculatedOtherExpenses": 122140000, "calculatedOperatingExpenses": 266038000, "calculatedNetInterest": 376205000, "calculatedOtherIncome": -415136000, "calculatedIncomeNonControlling": 0, "calculatedEbitda": 285879000}, {"date": "2016-12-31", "symbol": "IBOC", "reportedCurrency": "USD", "cik": "0000315709", "fillingDate": "2017-02-27", "acceptedDate": "2017-02-27 15:18:18", "calendarYear": "2016", "period": "FY", "revenue": 506487000, "costOfRevenue": 0, "grossProfit": 506487000, "grossProfitRatio": 1, "researchAndDevelopmentExpenses": 0, "generalAndAdministrativeExpenses": 134438000, "sellingAndMarketingExpenses": 7814000, "sellingGeneralAndAdministrativeExpenses": 142252000, "otherExpenses": -408607000, "operatingExpenses": -266355000, "costAndExpenses": -266355000, "interestIncome": 387914000, "interestExpense": 43129000, "depreciationAndAmortization": 24866000, "ebitda": 264998000, "ebitdaratio": 0.5232079007, "operatingIncome": 240132000, "operatingIncomeRatio": 0.4741128598, "totalOtherIncomeExpensesNet": -43129000, "incomeBeforeTax": 197003000, "incomeBeforeTaxRatio": 0.3889596377, "incomeTaxExpense": 63071000, "netIncome": 133932000, "netIncomeRatio": 0.2644332431, "eps": 2.03, "epsdiluted": 2.02, "weightedAverageShsOut": 65967989, "weightedAverageShsOutDil": 66313490, "link": "https://www.sec.gov/Archives/edgar/data/315709/000155837017001061/0001558370-17-001061-index.htm", "finalLink": "https://www.sec.gov/Archives/edgar/data/315709/000155837017001061/iboc-20161231x10k.htm", "calculatedOtherExpenses": 124103000, "calculatedOperatingExpenses": 266355000, "calculatedNetInterest": 344785000, "calculatedOtherIncome": -387914000, "calculatedIncomeNonControlling": 0, "calculatedEbitda": 264998000}, {"date": "2015-12-31", "symbol": "IBOC", "reportedCurrency": "USD", "cik": "0000315709", "fillingDate": "2016-02-26", "acceptedDate": "2016-02-26 14:00:09", "calendarYear": "2015", "period": "FY", "revenue": 508171000, "costOfRevenue": 0, "grossProfit": 508171000, "grossProfitRatio": 1, "researchAndDevelopmentExpenses": 0, "generalAndAdministrativeExpenses": 131073000, "sellingAndMarketingExpenses": 7585000, "sellingGeneralAndAdministrativeExpenses": 138658000, "otherExpenses": -395670000, "operatingExpenses": -257012000, "costAndExpenses": -257012000, "interestIncome": 396754000, "interestExpense": 44317000, "depreciationAndAmortization": 25653000, "ebitda": 276812000, "ebitdaratio": 0.5447221506, "operatingIncome": 251159000, "operatingIncomeRatio": 0.4942411118, "totalOtherIncomeExpensesNet": -44317000, "incomeBeforeTax": 206842000, "incomeBeforeTaxRatio": 0.4070322785, "incomeTaxExpense": 70116000, "netIncome": 136726000, "netIncomeRatio": 0.2690551015, "eps": 2.06, "epsdiluted": 2.05, "weightedAverageShsOut": 66411193, "weightedAverageShsOutDil": 66636353, "link": "https://www.sec.gov/Archives/edgar/data/315709/000155837016003607/0001558370-16-003607-index.htm", "finalLink": "https://www.sec.gov/Archives/edgar/data/315709/000155837016003607/iboc-20151231x10k.htm", "calculatedOtherExpenses": 118354000, "calculatedOperatingExpenses": 257012000, "calculatedNetInterest": 352437000, "calculatedOtherIncome": -396754000, "calculatedIncomeNonControlling": 0, "calculatedEbitda": 276812000}, {"date": "2014-12-31", "symbol": "IBOC", "reportedCurrency": "USD", "cik": "0000315709", "fillingDate": "2015-02-27", "acceptedDate": "2015-02-27 15:40:40", "calendarYear": "2014", "period": "FY", "revenue": 525404000, "costOfRevenue": 0, "grossProfit": 525404000, "grossProfitRatio": 1, "researchAndDevelopmentExpenses": 0, "generalAndAdministrativeExpenses": 127593000, "sellingAndMarketingExpenses": 7742000, "sellingGeneralAndAdministrativeExpenses": 135335000, "otherExpenses": -384258000, "operatingExpenses": -248923000, "costAndExpenses": -248923000, "interestIncome": 393599000, "interestExpense": 46543000, "depreciationAndAmortization": 26402000, "ebitda": 302883000, "ebitdaratio": 0.5764763877, "operatingIncome": 276481000, "operatingIncomeRatio": 0.5262255331, "totalOtherIncomeExpensesNet": -46543000, "incomeBeforeTax": 229938000, "incomeBeforeTaxRatio": 0.4376403682, "incomeTaxExpense": 76787000, "netIncome": 153151000, "netIncomeRatio": 0.2914918805, "eps": 2.29, "epsdiluted": 2.28, "weightedAverageShsOut": 66872500, "weightedAverageShsOutDil": 67056456, "link": "https://www.sec.gov/Archives/edgar/data/315709/000104746915001404/0001047469-15-001404-index.htm", "finalLink": "https://www.sec.gov/Archives/edgar/data/315709/000104746915001404/a2223136z10-k.htm", "calculatedOtherExpenses": 113588000, "calculatedOperatingExpenses": 248923000, "calculatedNetInterest": 347056000, "calculatedOtherIncome": -393599000, "calculatedIncomeNonControlling": 0, "calculatedEbitda": 302883000}, {"date": "2013-12-31", "symbol": "IBOC", "reportedCurrency": "USD", "cik": "0000315709", "fillingDate": "2014-02-24", "acceptedDate": "2014-02-24 14:15:55", "calendarYear": "2013", "period": "FY", "revenue": 498190000, "costOfRevenue": 0, "grossProfit": 498190000, "grossProfitRatio": 1, "researchAndDevelopmentExpenses": 0, "generalAndAdministrativeExpenses": 126582000, "sellingAndMarketingExpenses": 7034000, "sellingGeneralAndAdministrativeExpenses": 133616000, "otherExpenses": -394584000, "operatingExpenses": -260968000, "costAndExpenses": -260968000, "interestIncome": 363217000, "interestExpense": 54632000, "depreciationAndAmortization": 30650000, "ebitda": 267872000, "ebitdaratio": 0.5376904394, "operatingIncome": 237222000, "operatingIncomeRatio": 0.4761677272, "totalOtherIncomeExpensesNet": -54632000, "incomeBeforeTax": 182590000, "incomeBeforeTaxRatio": 0.3665067545, "incomeTaxExpense": 56239000, "netIncome": 126351000, "netIncomeRatio": 0.2536201048, "eps": 1.88, "epsdiluted": 1.88, "weightedAverageShsOut": 67195180, "weightedAverageShsOutDil": 67314859, "link": "https://www.sec.gov/Archives/edgar/data/315709/000104746914001224/0001047469-14-001224-index.htm", "finalLink": "https://www.sec.gov/Archives/edgar/data/315709/000104746914001224/a2218392z10-k.htm", "calculatedOtherExpenses": 127352000, "calculatedOperatingExpenses": 260968000, "calculatedNetInterest": 308585000, "calculatedOtherIncome": -363217000, "calculatedIncomeNonControlling": 0, "calculatedEbitda": 267872000}, {"date": "2012-12-31", "symbol": "IBOC", "reportedCurrency": "USD", "cik": "0000315709", "fillingDate": "2013-02-25", "acceptedDate": "2013-02-25 15:13:27", "calendarYear": "2012", "period": "FY", "revenue": 501731000, "costOfRevenue": 0, "grossProfit": 501731000, "grossProfitRatio": 1, "researchAndDevelopmentExpenses": 0, "generalAndAdministrativeExpenses": 125750000, "sellingAndMarketingExpenses": 7017000, "sellingGeneralAndAdministrativeExpenses": 132767000, "otherExpenses": -401599000, "operatingExpenses": -268832000, "costAndExpenses": -268832000, "interestIncome": 375639000, "interestExpense": 74499000, "depreciationAndAmortization": 31407000, "ebitda": 264306000, "ebitdaratio": 0.526788259, "operatingIncome": 232899000, "operatingIncomeRatio": 0.4641909709, "totalOtherIncomeExpensesNet": -74499000, "incomeBeforeTax": 158400000, "incomeBeforeTaxRatio": 0.3157070223, "incomeTaxExpense": 50565000, "netIncome": 107835000, "netIncomeRatio": 0.2149259264, "eps": 1.39, "epsdiluted": 1.39, "weightedAverageShsOut": 67236681, "weightedAverageShsOutDil": 67313963, "link": "https://www.sec.gov/Archives/edgar/data/315709/000104746913001618/0001047469-13-001618-index.htm", "finalLink": "https://www.sec.gov/Archives/edgar/data/315709/000104746913001618/a2212878z10-k.htm", "calculatedOtherExpenses": 136065000, "calculatedOperatingExpenses": 268832000, "calculatedNetInterest": 301140000, "calculatedOtherIncome": -375639000, "calculatedIncomeNonControlling": 0, "calculatedEbitda": 264306000}, {"date": "2011-12-31", "symbol": "IBOC", "reportedCurrency": "USD", "cik": "0000315709", "fillingDate": "2012-02-27", "acceptedDate": "2012-02-27 13:35:34", "calendarYear": "2011", "period": "FY", "revenue": 525319000, "costOfRevenue": 0, "grossProfit": 525319000, "grossProfitRatio": 1, "researchAndDevelopmentExpenses": 0, "generalAndAdministrativeExpenses": 135051000, "sellingAndMarketingExpenses": 5807000, "sellingGeneralAndAdministrativeExpenses": 140858000, "otherExpenses": -380652000, "operatingExpenses": -239794000, "costAndExpenses": -239794000, "interestIncome": 418124000, "interestExpense": 94298000, "depreciationAndAmortization": 40228000, "ebitda": 325753000, "ebitdaratio": 0.6201051171, "operatingIncome": 285525000, "operatingIncomeRatio": 0.5435268856, "totalOtherIncomeExpensesNet": -94298000, "incomeBeforeTax": 191227000, "incomeBeforeTaxRatio": 0.3640207188, "incomeTaxExpense": 64078000, "netIncome": 127149000, "netIncomeRatio": 0.2420415024, "eps": 1.69, "epsdiluted": 1.69, "weightedAverageShsOut": 67506554, "weightedAverageShsOutDil": 67569468, "link": "https://www.sec.gov/Archives/edgar/data/315709/000104746912001577/0001047469-12-001577-index.htm", "finalLink": "https://www.sec.gov/Archives/edgar/data/315709/000104746912001577/a2207252z10-k.htm", "calculatedOtherExpenses": 98936000, "calculatedOperatingExpenses": 239794000, "calculatedNetInterest": 323826000, "calculatedOtherIncome": -418124000, "calculatedIncomeNonControlling": 0, "calculatedEbitda": 325753000}, {"date": "2010-12-31", "symbol": "IBOC", "reportedCurrency": "USD", "cik": "0000315709", "fillingDate": "2011-02-28", "acceptedDate": "2011-02-28 15:06:38", "calendarYear": "2010", "period": "FY", "revenue": 563517000, "costOfRevenue": 0, "grossProfit": 563517000, "grossProfitRatio": 1, "researchAndDevelopmentExpenses": 0, "generalAndAdministrativeExpenses": 159559000, "sellingAndMarketingExpenses": 7716000, "sellingGeneralAndAdministrativeExpenses": 167275000, "otherExpenses": -415776000, "operatingExpenses": -248501000, "costAndExpenses": -248501000, "interestIncome": 458769000, "interestExpense": 114036000, "depreciationAndAmortization": 40679000, "ebitda": 355695000, "ebitdaratio": 0.6312054472, "operatingIncome": 315016000, "operatingIncomeRatio": 0.5590177404, "totalOtherIncomeExpensesNet": -114036000, "incomeBeforeTax": 200980000, "incomeBeforeTaxRatio": 0.3566529492, "incomeTaxExpense": 70957000, "netIncome": 130023000, "netIncomeRatio": 0.2307348314, "eps": 1.72, "epsdiluted": 1.72, "weightedAverageShsOut": 67921353, "weightedAverageShsOutDil": 68004441, "link": "https://www.sec.gov/Archives/edgar/data/315709/000104746911001527/0001047469-11-001527-index.htm", "finalLink": "https://www.sec.gov/Archives/edgar/data/315709/000104746911001527/a2202096z10-k.htm", "calculatedOtherExpenses": 81226000, "calculatedOperatingExpenses": 248501000, "calculatedNetInterest": 344733000, "calculatedOtherIncome": -458769000, "calculatedIncomeNonControlling": 0, "calculatedEbitda": 355695000}, {"date": "2009-12-31", "symbol": "IBOC", "reportedCurrency": "USD", "cik": "0000315709", "fillingDate": "2010-03-01", "acceptedDate": "2010-03-01 12:37:27", "calendarYear": "2009", "period": "FY", "revenue": 588594000, "costOfRevenue": 0, "grossProfit": 588594000, "grossProfitRatio": 1, "researchAndDevelopmentExpenses": 0, "generalAndAdministrativeExpenses": 141098000, "sellingAndMarketingExpenses": 9149000, "sellingGeneralAndAdministrativeExpenses": 150247000, "otherExpenses": -378315000, "operatingExpenses": -228068000, "costAndExpenses": -228068000, "interestIncome": 527377000, "interestExpense": 139796000, "depreciationAndAmortization": 41465000, "ebitda": 401991000, "ebitdaratio": 0.682968226, "operatingIncome": 360526000, "operatingIncomeRatio": 0.6125206849, "totalOtherIncomeExpensesNet": -139796000, "incomeBeforeTax": 220730000, "incomeBeforeTaxRatio": 0.3750123175, "incomeTaxExpense": 77988000, "netIncome": 142742000, "netIncomeRatio": 0.2425135153, "eps": 1.9, "epsdiluted": 1.9, "weightedAverageShsOut": 68373732, "weightedAverageShsOutDil": 68394624, "link": "https://www.sec.gov/Archives/edgar/data/315709/000104746910001619/0001047469-10-001619-index.htm", "finalLink": "https://www.sec.gov/Archives/edgar/data/315709/000104746910001619/a2196658z10-k.htm", "calculatedOtherExpenses": 77821000, "calculatedOperatingExpenses": 228068000, "calculatedNetInterest": 387581000, "calculatedOtherIncome": -527377000, "calculatedIncomeNonControlling": 0, "calculatedEbitda": 401991000}, {"date": "2008-12-31", "symbol": "IBOC", "reportedCurrency": "USD", "cik": "0000315709", "fillingDate": "2009-02-25", "acceptedDate": "2009-02-25 15:46:52", "calendarYear": "2008", "period": "FY", "revenue": 522681000, "costOfRevenue": 0, "grossProfit": 522681000, "grossProfitRatio": 1, "researchAndDevelopmentExpenses": 0, "generalAndAdministrativeExpenses": 129084000, "sellingAndMarketingExpenses": 13189000, "sellingGeneralAndAdministrativeExpenses": 142273000, "otherExpenses": -231581000, "operatingExpenses": -89308000, "costAndExpenses": -89308000, "interestIncome": 564603000, "interestExpense": 231731000, "depreciationAndAmortization": 42775000, "ebitda": 476148000, "ebitdaratio": 0.910972467, "operatingIncome": 433373000, "operatingIncomeRatio": 0.8291347878, "totalOtherIncomeExpensesNet": -231316000, "incomeBeforeTax": 202057000, "incomeBeforeTaxRatio": 0.3865780466, "incomeTaxExpense": 69530000, "netIncome": 132112000, "netIncomeRatio": 0.2527583746, "eps": 1.93, "epsdiluted": 1.92, "weightedAverageShsOut": 68576654, "weightedAverageShsOutDil": 68714390, "link": "https://www.sec.gov/Archives/edgar/data/315709/000104746909001797/0001047469-09-001797-index.htm", "finalLink": "https://www.sec.gov/Archives/edgar/data/315709/000104746909001797/a2190708z10-k.htm", "calculatedOtherExpenses": -52965000, "calculatedOperatingExpenses": 89308000, "calculatedNetInterest": 332872000, "calculatedOtherIncome": -564188000, "calculatedIncomeNonControlling": 415000, "calculatedEbitda": 476148000}, {"date": "2007-12-31", "symbol": "IBOC", "reportedCurrency": "USD", "cik": "0000315709", "fillingDate": "2008-02-29", "acceptedDate": "2008-02-29 16:37:12", "calendarYear": "2007", "period": "FY", "revenue": 475596000, "costOfRevenue": 0, "grossProfit": 475596000, "grossProfitRatio": 1, "researchAndDevelopmentExpenses": 0, "generalAndAdministrativeExpenses": 130385000, "sellingAndMarketingExpenses": 11973000, "sellingGeneralAndAdministrativeExpenses": 142358000, "otherExpenses": -107538000, "operatingExpenses": 34820000, "costAndExpenses": 34820000, "interestIncome": 643573000, "interestExpense": 333340000, "depreciationAndAmortization": 44143000, "ebitda": 554559000, "ebitdaratio": 1.1660295713, "operatingIncome": 510416000, "operatingIncomeRatio": 1.0732133996, "totalOtherIncomeExpensesNet": -333340000, "incomeBeforeTax": 177076000, "incomeBeforeTaxRatio": 0.3723244098, "incomeTaxExpense": 55764000, "netIncome": 121312000, "netIncomeRatio": 0.2550736339, "eps": 1.76, "epsdiluted": 1.75, "weightedAverageShsOut": 69036274, "weightedAverageShsOutDil": 69370111, "link": "https://www.sec.gov/Archives/edgar/data/315709/000104746908002085/0001047469-08-002085-index.htm", "finalLink": "https://www.sec.gov/Archives/edgar/data/315709/000104746908002085/a2182954z10-k.htm", "calculatedOtherExpenses": -177178000, "calculatedOperatingExpenses": -34820000, "calculatedNetInterest": 310233000, "calculatedOtherIncome": -643573000, "calculatedIncomeNonControlling": 0, "calculatedEbitda": 554559000}, {"date": "2006-12-31", "symbol": "IBOC", "reportedCurrency": "USD", "cik": "0000315709", "fillingDate": "2007-03-01", "acceptedDate": "2007-03-01 16:21:20", "calendarYear": "2006", "period": "FY", "revenue": 466456000, "costOfRevenue": 0, "grossProfit": 466456000, "grossProfitRatio": 1, "researchAndDevelopmentExpenses": 0, "generalAndAdministrativeExpenses": 124359000, "sellingAndMarketingExpenses": 12052000, "sellingGeneralAndAdministrativeExpenses": 136411000, "otherExpenses": -109389000, "operatingExpenses": 27022000, "costAndExpenses": 27022000, "interestIncome": 609073000, "interestExpense": 319588000, "depreciationAndAmortization": 40573000, "ebitda": 534051000, "ebitdaratio": 1.1449118459, "operatingIncome": 493478000, "operatingIncomeRatio": 1.0579304372, "totalOtherIncomeExpensesNet": -319588000, "incomeBeforeTax": 173890000, "incomeBeforeTaxRatio": 0.3727897165, "incomeTaxExpense": 56889000, "netIncome": 117001000, "netIncomeRatio": 0.2508296602, "eps": 1.68, "epsdiluted": 1.67, "weightedAverageShsOut": 69446874, "weightedAverageShsOutDil": 70154577, "link": "https://www.sec.gov/Archives/edgar/data/315709/000110465907015546/0001104659-07-015546-index.htm", "finalLink": "https://www.sec.gov/Archives/edgar/data/315709/000110465907015546/a07-4996_110k.htm", "calculatedOtherExpenses": -163433000, "calculatedOperatingExpenses": -27022000, "calculatedNetInterest": 289485000, "calculatedOtherIncome": -609073000, "calculatedIncomeNonControlling": 0, "calculatedEbitda": 534051000}, {"date": "2005-12-31", "symbol": "IBOC", "reportedCurrency": "USD", "cik": "0000315709", "fillingDate": "2006-03-15", "acceptedDate": "2006-03-15 16:01:44", "calendarYear": "2005", "period": "FY", "revenue": 469097000, "costOfRevenue": 0, "grossProfit": 469097000, "grossProfitRatio": 1, "researchAndDevelopmentExpenses": 0, "generalAndAdministrativeExpenses": 113620000, "sellingAndMarketingExpenses": 10596000, "sellingGeneralAndAdministrativeExpenses": 124216000, "otherExpenses": -174334000, "operatingExpenses": -50118000, "costAndExpenses": -50118000, "interestIncome": 508705000, "interestExpense": 206830000, "depreciationAndAmortization": 59536000, "ebitda": 478515000, "ebitdaratio": 1.0200768711, "operatingIncome": 418979000, "operatingIncomeRatio": 0.8931606896, "totalOtherIncomeExpensesNet": -206830000, "incomeBeforeTax": 212149000, "incomeBeforeTaxRatio": 0.4522497479, "incomeTaxExpense": 71370000, "netIncome": 140779000, "netIncomeRatio": 0.3001063746, "eps": 2.01, "epsdiluted": 1.98, "weightedAverageShsOut": 70039303, "weightedAverageShsOutDil": 71100505, "link": "https://www.sec.gov/Archives/edgar/data/315709/000104746906003471/0001047469-06-003471-index.htm", "finalLink": "https://www.sec.gov/Archives/edgar/data/315709/000104746906003471/a2168241z10-k.htm", "calculatedOtherExpenses": -74098000, "calculatedOperatingExpenses": 50118000, "calculatedNetInterest": 301875000, "calculatedOtherIncome": -508705000, "calculatedIncomeNonControlling": 0, "calculatedEbitda": 478515000}, {"date": "2004-12-31", "symbol": "IBOC", "reportedCurrency": "USD", "cik": "0000315709", "fillingDate": "2005-03-15", "acceptedDate": "2005-03-15 17:02:44", "calendarYear": "2004", "period": "FY", "revenue": 378592000, "costOfRevenue": 0, "grossProfit": 378592000, "grossProfitRatio": 1, "researchAndDevelopmentExpenses": 0, "generalAndAdministrativeExpenses": 83631000, "sellingAndMarketingExpenses": 10082000, "sellingGeneralAndAdministrativeExpenses": 93713000, "otherExpenses": -186791000, "operatingExpenses": -93078000, "costAndExpenses": -93078000, "interestIncome": 352378000, "interestExpense": 108602000, "depreciationAndAmortization": 53558000, "ebitda": 339072000, "ebitdaratio": 0.8956132195, "operatingIncome": 285514000, "operatingIncomeRatio": 0.7541469445, "totalOtherIncomeExpensesNet": -108602000, "incomeBeforeTax": 176912000, "incomeBeforeTaxRatio": 0.4672893247, "incomeTaxExpense": 57880000, "netIncome": 119032000, "netIncomeRatio": 0.3144070662, "eps": 1.75, "epsdiluted": 1.71, "weightedAverageShsOut": 68347563, "weightedAverageShsOutDil": 69718611, "link": "https://www.sec.gov/Archives/edgar/data/315709/000104746905006555/0001047469-05-006555-index.htm", "finalLink": "https://www.sec.gov/Archives/edgar/data/315709/000104746905006555/a2153126z10-k.htm", "calculatedOtherExpenses": -635000, "calculatedOperatingExpenses": 93078000, "calculatedNetInterest": 243776000, "calculatedOtherIncome": -352378000, "calculatedIncomeNonControlling": 0, "calculatedEbitda": 339072000}, {"date": "2003-12-31", "symbol": "IBOC", "reportedCurrency": "USD", "cik": "0000315709", "fillingDate": "2004-03-12", "acceptedDate": "2004-03-12 16:52:05", "calendarYear": "2003", "period": "FY", "revenue": 350599000, "costOfRevenue": 0, "grossProfit": 350599000, "grossProfitRatio": 1, "researchAndDevelopmentExpenses": 0, "generalAndAdministrativeExpenses": 72860000, "sellingAndMarketingExpenses": 7011000, "sellingGeneralAndAdministrativeExpenses": 79871000, "otherExpenses": -153191000, "operatingExpenses": -73320000, "costAndExpenses": -73320000, "interestIncome": 318051000, "interestExpense": 94725000, "depreciationAndAmortization": 53574000, "ebitda": 330853000, "ebitdaratio": 0.9436792461, "operatingIncome": 277279000, "operatingIncomeRatio": 0.790872193, "totalOtherIncomeExpensesNet": -94725000, "incomeBeforeTax": 182554000, "incomeBeforeTaxRatio": 0.5206917304, "incomeTaxExpense": 60426000, "netIncome": 122128000, "netIncomeRatio": 0.3483409821, "eps": 1.84, "epsdiluted": 1.8, "weightedAverageShsOut": 66498367, "weightedAverageShsOutDil": 67837837, "link": "https://www.sec.gov/Archives/edgar/data/315709/000104746904007714/0001047469-04-007714-index.htm", "finalLink": "https://www.sec.gov/Archives/edgar/data/315709/000104746904007714/a2130179z10-k.htm", "calculatedOtherExpenses": -6551000, "calculatedOperatingExpenses": 73320000, "calculatedNetInterest": 223326000, "calculatedOtherIncome": -318051000, "calculatedIncomeNonControlling": 0, "calculatedEbitda": 330853000}, {"date": "2002-12-31", "symbol": "IBOC", "reportedCurrency": "USD", "cik": "0000315709", "fillingDate": "2003-03-31", "acceptedDate": "2003-03-31 15:04:38", "calendarYear": "2002", "period": "FY", "revenue": 323158000, "costOfRevenue": 0, "grossProfit": 323158000, "grossProfitRatio": 1, "researchAndDevelopmentExpenses": 0, "generalAndAdministrativeExpenses": 65907000, "sellingAndMarketingExpenses": 6010000, "sellingGeneralAndAdministrativeExpenses": 71917000, "otherExpenses": -124016000, "operatingExpenses": -52099000, "costAndExpenses": -52099000, "interestIncome": 353928000, "interestExpense": 116415000, "depreciationAndAmortization": 37568000, "ebitda": 308627000, "ebitdaratio": 0.9550343795, "operatingIncome": 271059000, "operatingIncomeRatio": 0.8387816486, "totalOtherIncomeExpensesNet": -111285000, "incomeBeforeTax": 159774000, "incomeBeforeTaxRatio": 0.4944144969, "incomeTaxExpense": 54013000, "netIncome": 100631000, "netIncomeRatio": 0.3113987585, "eps": 1.47, "epsdiluted": 1.43, "weightedAverageShsOut": 68673654, "weightedAverageShsOutDil": 70243760, "link": "https://www.sec.gov/Archives/edgar/data/315709/000104746903011213/0001047469-03-011213-index.htm", "finalLink": "https://www.sec.gov/Archives/edgar/data/315709/000104746903011213/a2106638z10-k.htm", "calculatedOtherExpenses": -19818000, "calculatedOperatingExpenses": 52099000, "calculatedNetInterest": 237513000, "calculatedOtherIncome": -348798000, "calculatedIncomeNonControlling": 5130000, "calculatedEbitda": 308627000}, {"date": "2001-12-31", "symbol": "IBOC", "reportedCurrency": "USD", "cik": "0000315709", "fillingDate": "2002-04-01", "acceptedDate": "2002-04-01 00:00:00", "calendarYear": "2001", "period": "FY", "revenue": 269135000, "costOfRevenue": 0, "grossProfit": 269135000, "grossProfitRatio": 1, "researchAndDevelopmentExpenses": 0, "generalAndAdministrativeExpenses": 58962000, "sellingAndMarketingExpenses": 0, "sellingGeneralAndAdministrativeExpenses": 58962000, "otherExpenses": -2226000, "operatingExpenses": 56736000, "costAndExpenses": 56736000, "interestIncome": 394419000, "interestExpense": 200808000, "depreciationAndAmortization": 31446000, "ebitda": 357317000, "ebitdaratio": 1.3276496925, "operatingIncome": 325871000, "operatingIncomeRatio": 1.210808702, "totalOtherIncomeExpensesNet": -200808000, "incomeBeforeTax": 125063000, "incomeBeforeTaxRatio": 0.4646850094, "incomeTaxExpense": 41721000, "netIncome": 83342000, "netIncomeRatio": 0.3096661527, "eps": 1.17, "epsdiluted": 1.15, "weightedAverageShsOut": 71061839, "weightedAverageShsOutDil": 72364449, "link": "https://www.sec.gov/Archives/edgar/data/315709/000091205702013096/0000912057-02-013096-index.htm", "finalLink": "https://www.sec.gov/Archives/edgar/data/315709/000091205702013096/a2075300z10-k.htm", "calculatedOtherExpenses": -115698000, "calculatedOperatingExpenses": -56736000, "calculatedNetInterest": 193611000, "calculatedOtherIncome": -394419000, "calculatedIncomeNonControlling": 0, "calculatedEbitda": 357317000}, {"date": "2000-12-31", "symbol": "IBOC", "reportedCurrency": "USD", "cik": "0000315709", "fillingDate": "2001-03-28", "acceptedDate": "2001-03-28 00:00:00", "calendarYear": "2000", "period": "FY", "revenue": 227372000, "costOfRevenue": 0, "grossProfit": 227372000, "grossProfitRatio": 1, "researchAndDevelopmentExpenses": 0, "generalAndAdministrativeExpenses": 47900000, "sellingAndMarketingExpenses": 0, "sellingGeneralAndAdministrativeExpenses": 47900000, "otherExpenses": 85075000, "operatingExpenses": 132975000, "costAndExpenses": 132975000, "interestIncome": 421627000, "interestExpense": 251756000, "depreciationAndAmortization": 24280000, "ebitda": 384627000, "ebitdaratio": 1.6916199004, "operatingIncome": 360347000, "operatingIncomeRatio": 1.5848345443, "totalOtherIncomeExpensesNet": -251756000, "incomeBeforeTax": 108591000, "incomeBeforeTaxRatio": 0.4775917879, "incomeTaxExpense": 33417000, "netIncome": 75174000, "netIncomeRatio": 0.3306211847, "eps": 1.05, "epsdiluted": 1.03, "weightedAverageShsOut": 71934937, "weightedAverageShsOutDil": 72843945, "link": "https://www.sec.gov/Archives/edgar/data/315709/000091205701008582/0000912057-01-008582-index.htm", "finalLink": "https://www.sec.gov/Archives/edgar/data/315709/000091205701008582/a2042604z10-k.txt", "calculatedOtherExpenses": -180875000, "calculatedOperatingExpenses": -132975000, "calculatedNetInterest": 169871000, "calculatedOtherIncome": -421627000, "calculatedIncomeNonControlling": 0, "calculatedEbitda": 384627000}, {"date": "1999-12-31", "symbol": "IBOC", "reportedCurrency": "USD", "cik": "0000315709", "fillingDate": "2000-03-30", "acceptedDate": "2000-03-30 00:00:00", "calendarYear": "1999", "period": "FY", "revenue": 216500000, "costOfRevenue": 0, "grossProfit": 216500000, "grossProfitRatio": 1, "researchAndDevelopmentExpenses": 0, "generalAndAdministrativeExpenses": 42900000, "sellingAndMarketingExpenses": 0, "sellingGeneralAndAdministrativeExpenses": 42900000, "otherExpenses": 28900000, "operatingExpenses": 71800000, "costAndExpenses": 71800000, "interestIncome": 340700000, "interestExpense": 185200000, "depreciationAndAmortization": 26100000, "ebitda": 314400000, "ebitdaratio": 1.4521939954, "operatingIncome": 288300000, "operatingIncomeRatio": 1.3316397229, "totalOtherIncomeExpensesNet": -185200000, "incomeBeforeTax": 103100000, "incomeBeforeTaxRatio": 0.4762124711, "incomeTaxExpense": 36900000, "netIncome": 66200000, "netIncomeRatio": 0.3057736721, "eps": 0.9, "epsdiluted": 0.89, "weightedAverageShsOut": 73276811, "weightedAverageShsOutDil": 74552919, "link": "https://www.sec.gov/Archives/edgar/data/315709/000089056600000425/0000890566-00-000425-index.htm", "finalLink": "https://www.sec.gov/Archives/edgar/data/315709/000089056600000425/0000890566-00-000425.txt", "calculatedOtherExpenses": -114700000, "calculatedOperatingExpenses": -71800000, "calculatedNetInterest": 155500000, "calculatedOtherIncome": -340700000, "calculatedIncomeNonControlling": 0, "calculatedEbitda": 314400000}, {"date": "1998-12-13", "symbol": "IBOC", "reportedCurrency": "USD", "cik": "0000315709", "fillingDate": "1999-03-31", "acceptedDate": "1999-03-31 00:00:00", "calendarYear": "1998", "period": "FY", "revenue": 186000000, "costOfRevenue": 0, "grossProfit": 186000000, "grossProfitRatio": 1, "researchAndDevelopmentExpenses": 0, "generalAndAdministrativeExpenses": 39700000, "sellingAndMarketingExpenses": 0, "sellingGeneralAndAdministrativeExpenses": 39700000, "otherExpenses": 34500000, "operatingExpenses": 74200000, "costAndExpenses": 74200000, "interestIncome": 326200000, "interestExpense": 181900000, "depreciationAndAmortization": 24600000, "ebitda": 284800000, "ebitdaratio": 1.5311827957, "operatingIncome": 260200000, "operatingIncomeRatio": 1.3989247312, "totalOtherIncomeExpensesNet": -181900000, "incomeBeforeTax": 78300000, "incomeBeforeTaxRatio": 0.4209677419, "incomeTaxExpense": 24600000, "netIncome": 53700000, "netIncomeRatio": 0.2887096774, "eps": 0.79, "epsdiluted": 0.77, "weightedAverageShsOut": 68339452, "weightedAverageShsOutDil": 70103358, "link": "https://www.sec.gov/Archives/edgar/data/315709/000089056699000392/0000890566-99-000392-index.htm", "finalLink": "https://www.sec.gov/Archives/edgar/data/315709/0000890566-99-000392.txt", "calculatedOtherExpenses": -113900000, "calculatedOperatingExpenses": -74200000, "calculatedNetInterest": 144300000, "calculatedOtherIncome": -326200000, "calculatedIncomeNonControlling": 0, "calculatedEbitda": 284800000}, {"date": "1997-12-31", "symbol": "IBOC", "reportedCurrency": "USD", "cik": "0000315709", "fillingDate": "1998-03-31", "acceptedDate": "1998-03-31 00:00:00", "calendarYear": "1997", "period": "FY", "revenue": 167200000, "costOfRevenue": 0, "grossProfit": 167200000, "grossProfitRatio": 1, "researchAndDevelopmentExpenses": 0, "generalAndAdministrativeExpenses": 33400000, "sellingAndMarketingExpenses": 0, "sellingGeneralAndAdministrativeExpenses": 33400000, "otherExpenses": 18500000, "operatingExpenses": 51900000, "costAndExpenses": 51900000, "interestIncome": 275800000, "interestExpense": 145400000, "depreciationAndAmortization": 16900000, "ebitda": 236000000, "ebitdaratio": 1.4114832536, "operatingIncome": 219100000, "operatingIncomeRatio": 1.3104066986, "totalOtherIncomeExpensesNet": -145400000, "incomeBeforeTax": 73700000, "incomeBeforeTaxRatio": 0.4407894737, "incomeTaxExpense": 24800000, "netIncome": 48900000, "netIncomeRatio": 0.2924641148, "eps": 0.73, "epsdiluted": 0.7, "weightedAverageShsOut": 66843038, "weightedAverageShsOutDil": 69302254, "link": "https://www.sec.gov/Archives/edgar/data/315709/000089056698000502/0000890566-98-000502-index.htm", "finalLink": "https://www.sec.gov/Archives/edgar/data/315709/0000890566-98-000502.txt", "calculatedOtherExpenses": -85300000, "calculatedOperatingExpenses": -51900000, "calculatedNetInterest": 130400000, "calculatedOtherIncome": -275800000, "calculatedIncomeNonControlling": 0, "calculatedEbitda": 236000000}, {"date": "1996-12-31", "symbol": "IBOC", "reportedCurrency": "USD", "cik": "0000315709", "fillingDate": "1997-03-31", "acceptedDate": "1997-03-31 00:00:00", "calendarYear": "1996", "period": "FY", "revenue": 36824000, "costOfRevenue": 0, "grossProfit": 36824000, "grossProfitRatio": 1, "researchAndDevelopmentExpenses": 0, "generalAndAdministrativeExpenses": 28882000, "sellingAndMarketingExpenses": 0, "sellingGeneralAndAdministrativeExpenses": 28882000, "otherExpenses": 106180000, "operatingExpenses": 135062000, "costAndExpenses": 135062000, "interestIncome": 221779000, "interestExpense": 107372000, "depreciationAndAmortization": 7024000, "ebitda": 178910000, "ebitdaratio": 4.8585161851, "operatingIncome": 171886000, "operatingIncomeRatio": 4.6677710189, "totalOtherIncomeExpensesNet": -107372000, "incomeBeforeTax": 64514000, "incomeBeforeTaxRatio": 1.7519552466, "incomeTaxExpense": 20164000, "netIncome": 44350000, "netIncomeRatio": 1.2043775798, "eps": 0.59, "epsdiluted": 0.59, "weightedAverageShsOut": 74654080, "weightedAverageShsOutDil": 74654080, "link": "https://www.sec.gov/Archives/edgar/data/315709/000089056697000597/0000890566-97-000597-index.htm", "finalLink": "https://www.sec.gov/Archives/edgar/data/315709/0000890566-97-000597.txt", "calculatedOtherExpenses": -163944000, "calculatedOperatingExpenses": -135062000, "calculatedNetInterest": 114407000, "calculatedOtherIncome": -221779000, "calculatedIncomeNonControlling": 0, "calculatedEbitda": 178910000}, {"date": "1995-12-31", "symbol": "IBOC", "reportedCurrency": "USD", "cik": "0000315709", "fillingDate": "1996-04-01", "acceptedDate": "1996-04-01 00:00:00", "calendarYear": "1995", "period": "FY", "revenue": 31159000, "costOfRevenue": 0, "grossProfit": 31159000, "grossProfitRatio": 1, "researchAndDevelopmentExpenses": 0, "generalAndAdministrativeExpenses": 25701000, "sellingAndMarketingExpenses": 0, "sellingGeneralAndAdministrativeExpenses": 25701000, "otherExpenses": 113877000, "operatingExpenses": 139578000, "costAndExpenses": 139578000, "interestIncome": 218867000, "interestExpense": 112361000, "depreciationAndAmortization": 5478000, "ebitda": 176215000, "ebitdaratio": 5.6553483745, "operatingIncome": 170737000, "operatingIncomeRatio": 5.4795404217, "totalOtherIncomeExpensesNet": -112361000, "incomeBeforeTax": 58376000, "incomeBeforeTaxRatio": 1.8734875959, "incomeTaxExpense": 18315000, "netIncome": 40061000, "netIncomeRatio": 1.2856959466, "eps": 0.71, "epsdiluted": 0.71, "weightedAverageShsOut": 56520156, "weightedAverageShsOutDil": 56520156, "link": "https://www.sec.gov/Archives/edgar/data/315709/000089056696000193/0000890566-96-000193-index.htm", "finalLink": "https://www.sec.gov/Archives/edgar/data/315709/0000890566-96-000193.txt", "calculatedOtherExpenses": -165279000, "calculatedOperatingExpenses": -139578000, "calculatedNetInterest": 106506000, "calculatedOtherIncome": -218867000, "calculatedIncomeNonControlling": 0, "calculatedEbitda": 176215000}]}