{"originalCurrency": "USD", "convertedCurrency": "USD", "report": [{"date": "2023-12-31", "symbol": "IBP", "reportedCurrency": "USD", "cik": "0001580905", "fillingDate": "2024-02-22", "acceptedDate": "2024-02-22 16:47:15", "calendarYear": "2023", "period": "FY", "revenue": 2778600000, "costOfRevenue": 1892400000, "grossProfit": 886200000, "grossProfitRatio": 0.3189375945, "researchAndDevelopmentExpenses": 0, "generalAndAdministrativeExpenses": 385300000, "sellingAndMarketingExpenses": 131800000, "sellingGeneralAndAdministrativeExpenses": 515000000, "otherExpenses": 1000000, "operatingExpenses": 515000000, "costAndExpenses": 2407400000, "interestIncome": 0, "interestExpense": 37000000, "depreciationAndAmortization": 125700000, "ebitda": 496900000, "ebitdaratio": 0.178831066, "operatingIncome": 371200000, "operatingIncomeRatio": 0.1335924566, "totalOtherIncomeExpensesNet": -38100000, "incomeBeforeTax": 333100000, "incomeBeforeTaxRatio": 0.1198805154, "incomeTaxExpense": 89400000, "netIncome": 243700000, "netIncomeRatio": 0.087706039, "eps": 8.65, "epsdiluted": 8.61, "weightedAverageShsOut": 28161583, "weightedAverageShsOutDil": 28306313, "link": "https://www.sec.gov/Archives/edgar/data/1580905/000158090524000008/0001580905-24-000008-index.htm", "finalLink": "https://www.sec.gov/Archives/edgar/data/1580905/000158090524000008/ibp-20231231.htm", "calculatedOtherExpenses": 0, "calculatedOperatingExpenses": 515000000, "calculatedNetInterest": -37000000, "calculatedOtherIncome": -1100000, "calculatedIncomeNonControlling": 0, "calculatedEbitda": 496900000}, {"date": "2022-12-31", "symbol": "IBP", "reportedCurrency": "USD", "cik": "0001580905", "fillingDate": "2023-02-22", "acceptedDate": "2023-02-22 16:11:10", "calendarYear": "2022", "period": "FY", "revenue": 2669844000, "costOfRevenue": 1842060000, "grossProfit": 827784000, "grossProfitRatio": 0.3100495759, "researchAndDevelopmentExpenses": 0, "generalAndAdministrativeExpenses": 335688000, "sellingAndMarketingExpenses": 119031000, "sellingGeneralAndAdministrativeExpenses": 454719000, "otherExpenses": 43763000, "operatingExpenses": 498482000, "costAndExpenses": 2340542000, "interestIncome": 41574000, "interestExpense": 41574000, "depreciationAndAmortization": 101038000, "ebitda": 446449000, "ebitdaratio": 0.1672191334, "operatingIncome": 345411000, "operatingIncomeRatio": 0.1293749747, "totalOtherIncomeExpensesNet": -42104000, "incomeBeforeTax": 303307000, "incomeBeforeTaxRatio": 0.1136047649, "incomeTaxExpense": 79879000, "netIncome": 223400000, "netIncomeRatio": 0.0836753009, "eps": 7.78, "epsdiluted": 7.74, "weightedAverageShsOut": 28708166, "weightedAverageShsOutDil": 28869501, "link": "https://www.sec.gov/Archives/edgar/data/1580905/000158090523000013/0001580905-23-000013-index.htm", "finalLink": "https://www.sec.gov/Archives/edgar/data/1580905/000158090523000013/ibp-20221231.htm", "calculatedOtherExpenses": 27654000, "calculatedOperatingExpenses": 482373000, "calculatedNetInterest": 0, "calculatedOtherIncome": -42104000, "calculatedIncomeNonControlling": 28000, "calculatedEbitda": 446449000}, {"date": "2021-12-31", "symbol": "IBP", "reportedCurrency": "USD", "cik": "0001580905", "fillingDate": "2022-02-24", "acceptedDate": "2022-02-24 15:29:58", "calendarYear": "2021", "period": "FY", "revenue": 1968650000, "costOfRevenue": 1379131000, "grossProfit": 589519000, "grossProfitRatio": 0.2994534326, "researchAndDevelopmentExpenses": 0, "generalAndAdministrativeExpenses": 271356000, "sellingAndMarketingExpenses": 93204000, "sellingGeneralAndAdministrativeExpenses": 364560000, "otherExpenses": 37079000, "operatingExpenses": 401639000, "costAndExpenses": 1780770000, "interestIncome": 32842000, "interestExpense": 32842000, "depreciationAndAmortization": 103336000, "ebitda": 291216000, "ebitdaratio": 0.1479267518, "operatingIncome": 187880000, "operatingIncomeRatio": 0.0954359587, "totalOtherIncomeExpensesNet": -32405000, "incomeBeforeTax": 155475000, "incomeBeforeTaxRatio": 0.07897544, "incomeTaxExpense": 36712000, "netIncome": 118800000, "netIncomeRatio": 0.0603459223, "eps": 4.04, "epsdiluted": 4.01, "weightedAverageShsOut": 29367676, "weightedAverageShsOutDil": 29628527, "link": "https://www.sec.gov/Archives/edgar/data/1580905/000158090522000004/0001580905-22-000004-index.htm", "finalLink": "https://www.sec.gov/Archives/edgar/data/1580905/000158090522000004/ibp-20211231.htm", "calculatedOtherExpenses": 37079000, "calculatedOperatingExpenses": 401639000, "calculatedNetInterest": 0, "calculatedOtherIncome": -32405000, "calculatedIncomeNonControlling": -37000, "calculatedEbitda": 291216000}, {"date": "2020-12-31", "symbol": "IBP", "reportedCurrency": "USD", "cik": "0001580905", "fillingDate": "2021-02-24", "acceptedDate": "2021-02-24 16:51:01", "calendarYear": "2020", "period": "FY", "revenue": 1653225000, "costOfRevenue": 1143251000, "grossProfit": 509974000, "grossProfitRatio": 0.3084722285, "researchAndDevelopmentExpenses": 0, "generalAndAdministrativeExpenses": 237959000, "sellingAndMarketingExpenses": 81613000, "sellingGeneralAndAdministrativeExpenses": 319572000, "otherExpenses": 28535000, "operatingExpenses": 348107000, "costAndExpenses": 1491358000, "interestIncome": 30291000, "interestExpense": 30291000, "depreciationAndAmortization": 87597000, "ebitda": 249464000, "ebitdaratio": 0.1508953712, "operatingIncome": 161867000, "operatingIncomeRatio": 0.0979098429, "totalOtherIncomeExpensesNet": -30690000, "incomeBeforeTax": 131177000, "incomeBeforeTaxRatio": 0.0793461265, "incomeTaxExpense": 33938000, "netIncome": 97239000, "netIncomeRatio": 0.0588177653, "eps": 3.3, "epsdiluted": 3.27, "weightedAverageShsOut": 29504115, "weightedAverageShsOutDil": 29717609, "link": "https://www.sec.gov/Archives/edgar/data/1580905/000162828021003085/0001628280-21-003085-index.htm", "finalLink": "https://www.sec.gov/Archives/edgar/data/1580905/000162828021003085/ibp-20201231.htm", "calculatedOtherExpenses": 28535000, "calculatedOperatingExpenses": 348107000, "calculatedNetInterest": 0, "calculatedOtherIncome": -30690000, "calculatedIncomeNonControlling": 0, "calculatedEbitda": 249464000}, {"date": "2019-12-31", "symbol": "IBP", "reportedCurrency": "USD", "cik": "0001580905", "fillingDate": "2020-02-27", "acceptedDate": "2020-02-27 16:31:06", "calendarYear": "2019", "period": "FY", "revenue": 1511629000, "costOfRevenue": 1076809000, "grossProfit": 434820000, "grossProfitRatio": 0.2876499459, "researchAndDevelopmentExpenses": 0, "generalAndAdministrativeExpenses": 214134000, "sellingAndMarketingExpenses": 75016000, "sellingGeneralAndAdministrativeExpenses": 289150000, "otherExpenses": 24510000, "operatingExpenses": 313660000, "costAndExpenses": 1390469000, "interestIncome": 28104000, "interestExpense": 28104000, "depreciationAndAmortization": 78612000, "ebitda": 199772000, "ebitdaratio": 0.132156766, "operatingIncome": 121160000, "operatingIncomeRatio": 0.080151942, "totalOtherIncomeExpensesNet": -28555000, "incomeBeforeTax": 92605000, "incomeBeforeTaxRatio": 0.0612617249, "incomeTaxExpense": 24446000, "netIncome": 68159000, "netIncomeRatio": 0.0450897674, "eps": 2.29, "epsdiluted": 2.28, "weightedAverageShsOut": 29752644, "weightedAverageShsOutDil": 29873106, "link": "https://www.sec.gov/Archives/edgar/data/1580905/000119312520052757/0001193125-20-052757-index.htm", "finalLink": "https://www.sec.gov/Archives/edgar/data/1580905/000119312520052757/d853980d10k.htm", "calculatedOtherExpenses": 24510000, "calculatedOperatingExpenses": 313660000, "calculatedNetInterest": 0, "calculatedOtherIncome": -28555000, "calculatedIncomeNonControlling": 0, "calculatedEbitda": 199772000}, {"date": "2018-12-31", "symbol": "IBP", "reportedCurrency": "USD", "cik": "0001580905", "fillingDate": "2019-02-28", "acceptedDate": "2019-02-28 17:15:57", "calendarYear": "2018", "period": "FY", "revenue": 1336432000, "costOfRevenue": 964841000, "grossProfit": 371591000, "grossProfitRatio": 0.2780470686, "researchAndDevelopmentExpenses": 0, "generalAndAdministrativeExpenses": 185850000, "sellingAndMarketingExpenses": 67105000, "sellingGeneralAndAdministrativeExpenses": 252955000, "otherExpenses": -535000, "operatingExpenses": 278374000, "costAndExpenses": 1243215000, "interestIncome": 0, "interestExpense": 20496000, "depreciationAndAmortization": 58725000, "ebitda": 151407000, "ebitdaratio": 0.1132919595, "operatingIncome": 93217000, "operatingIncomeRatio": 0.0697506495, "totalOtherIncomeExpensesNet": -535000, "incomeBeforeTax": 72186000, "incomeBeforeTaxRatio": 0.0540139715, "incomeTaxExpense": 17438000, "netIncome": 54748000, "netIncomeRatio": 0.0409657955, "eps": 1.76, "epsdiluted": 1.75, "weightedAverageShsOut": 31107231, "weightedAverageShsOutDil": 31229558, "link": "https://www.sec.gov/Archives/edgar/data/1580905/000119312519057931/0001193125-19-057931-index.htm", "finalLink": "https://www.sec.gov/Archives/edgar/data/1580905/000119312519057931/d675567d10k.htm", "calculatedOtherExpenses": 25419000, "calculatedOperatingExpenses": 278374000, "calculatedNetInterest": -20496000, "calculatedOtherIncome": -535000, "calculatedIncomeNonControlling": 0, "calculatedEbitda": 151942000}, {"date": "2017-12-31", "symbol": "IBP", "reportedCurrency": "USD", "cik": "0001580905", "fillingDate": "2018-02-28", "acceptedDate": "2018-02-28 16:54:12", "calendarYear": "2017", "period": "FY", "revenue": 1132927000, "costOfRevenue": 808901000, "grossProfit": 324026000, "grossProfitRatio": 0.2860078363, "researchAndDevelopmentExpenses": 0, "generalAndAdministrativeExpenses": 164453000, "sellingAndMarketingExpenses": 58450000, "sellingGeneralAndAdministrativeExpenses": 222903000, "otherExpenses": -1065000, "operatingExpenses": 249760000, "costAndExpenses": 1058661000, "interestIncome": 0, "interestExpense": 17381000, "depreciationAndAmortization": 55142000, "ebitda": 128343000, "ebitdaratio": 0.1132844393, "operatingIncome": 74266000, "operatingIncomeRatio": 0.065552326, "totalOtherIncomeExpensesNet": -1065000, "incomeBeforeTax": 55820000, "incomeBeforeTaxRatio": 0.0492706061, "incomeTaxExpense": 14680000, "netIncome": 41140000, "netIncomeRatio": 0.0363130193, "eps": 1.3, "epsdiluted": 1.3, "weightedAverageShsOut": 31639283, "weightedAverageShsOutDil": 31756363, "link": "https://www.sec.gov/Archives/edgar/data/1580905/000119312518064142/0001193125-18-064142-index.htm", "finalLink": "https://www.sec.gov/Archives/edgar/data/1580905/000119312518064142/d519411d10k.htm", "calculatedOtherExpenses": 26857000, "calculatedOperatingExpenses": 249760000, "calculatedNetInterest": -17381000, "calculatedOtherIncome": -1065000, "calculatedIncomeNonControlling": 0, "calculatedEbitda": 129408000}, {"date": "2016-12-31", "symbol": "IBP", "reportedCurrency": "USD", "cik": "0001580905", "fillingDate": "2017-02-28", "acceptedDate": "2017-02-28 16:05:27", "calendarYear": "2016", "period": "FY", "revenue": 862980000, "costOfRevenue": 610532000, "grossProfit": 252448000, "grossProfitRatio": 0.2925305337, "researchAndDevelopmentExpenses": 0, "generalAndAdministrativeExpenses": 125472000, "sellingAndMarketingExpenses": 49667000, "sellingGeneralAndAdministrativeExpenses": 175139000, "otherExpenses": -263000, "operatingExpenses": 186398000, "costAndExpenses": 796930000, "interestIncome": 0, "interestExpense": 6177000, "depreciationAndAmortization": 34830000, "ebitda": 100617000, "ebitdaratio": 0.116592505, "operatingIncome": 66050000, "operatingIncomeRatio": 0.0765371156, "totalOtherIncomeExpensesNet": -263000, "incomeBeforeTax": 59610000, "incomeBeforeTaxRatio": 0.069074602, "incomeTaxExpense": 21174000, "netIncome": 38436000, "netIncomeRatio": 0.0445386915, "eps": 1.23, "epsdiluted": 1.23, "weightedAverageShsOut": 31301887, "weightedAverageShsOutDil": 31363290, "link": "https://www.sec.gov/Archives/edgar/data/1580905/000119312517062227/0001193125-17-062227-index.htm", "finalLink": "https://www.sec.gov/Archives/edgar/data/1580905/000119312517062227/d310839d10k.htm", "calculatedOtherExpenses": 11259000, "calculatedOperatingExpenses": 186398000, "calculatedNetInterest": -6177000, "calculatedOtherIncome": -263000, "calculatedIncomeNonControlling": 0, "calculatedEbitda": 100880000}, {"date": "2015-12-31", "symbol": "IBP", "reportedCurrency": "USD", "cik": "0001580905", "fillingDate": "2016-03-09", "acceptedDate": "2016-03-09 16:51:29", "calendarYear": "2015", "period": "FY", "revenue": 662719000, "costOfRevenue": 474426000, "grossProfit": 188293000, "grossProfitRatio": 0.284121928, "researchAndDevelopmentExpenses": 0, "generalAndAdministrativeExpenses": 99375000, "sellingAndMarketingExpenses": 37702000, "sellingGeneralAndAdministrativeExpenses": 137077000, "otherExpenses": 716000, "operatingExpenses": 143341000, "costAndExpenses": 617767000, "interestIncome": 0, "interestExpense": 3738000, "depreciationAndAmortization": 23239000, "ebitda": 68907000, "ebitdaratio": 0.103976195, "operatingIncome": 44952000, "operatingIncomeRatio": 0.0678296533, "totalOtherIncomeExpensesNet": 716000, "incomeBeforeTax": 41930000, "incomeBeforeTaxRatio": 0.0632696512, "incomeTaxExpense": 15413000, "netIncome": 26517000, "netIncomeRatio": 0.0400124336, "eps": 0.85, "epsdiluted": 0.85, "weightedAverageShsOut": 31298163, "weightedAverageShsOutDil": 31334569, "link": "https://www.sec.gov/Archives/edgar/data/1580905/000119312516498539/0001193125-16-498539-index.htm", "finalLink": "https://www.sec.gov/Archives/edgar/data/1580905/000119312516498539/d119055d10k.htm", "calculatedOtherExpenses": 6264000, "calculatedOperatingExpenses": 143341000, "calculatedNetInterest": -3738000, "calculatedOtherIncome": 716000, "calculatedIncomeNonControlling": 0, "calculatedEbitda": 68191000}, {"date": "2014-12-31", "symbol": "IBP", "reportedCurrency": "USD", "cik": "0001580905", "fillingDate": "2015-03-13", "acceptedDate": "2015-03-13 13:18:07", "calendarYear": "2014", "period": "FY", "revenue": 518020000, "costOfRevenue": 377968000, "grossProfit": 140052000, "grossProfitRatio": 0.2703602178, "researchAndDevelopmentExpenses": 0, "generalAndAdministrativeExpenses": 80678000, "sellingAndMarketingExpenses": 30951000, "sellingGeneralAndAdministrativeExpenses": 111629000, "otherExpenses": 167000, "operatingExpenses": 114466000, "costAndExpenses": 492434000, "interestIncome": 0, "interestExpense": 3166000, "depreciationAndAmortization": 2837000, "ebitda": 28590000, "ebitdaratio": 0.0551909193, "operatingIncome": 25586000, "operatingIncomeRatio": 0.0493919154, "totalOtherIncomeExpensesNet": 167000, "incomeBeforeTax": 22587000, "incomeBeforeTaxRatio": 0.0436025636, "incomeTaxExpense": 8607000, "netIncome": 13932000, "netIncomeRatio": 0.0268947145, "eps": -0.2, "epsdiluted": -0.2, "weightedAverageShsOut": 29822837, "weightedAverageShsOutDil": 30106862, "link": "https://www.sec.gov/Archives/edgar/data/1580905/000119312515090717/0001193125-15-090717-index.htm", "finalLink": "https://www.sec.gov/Archives/edgar/data/1580905/000119312515090717/d846579d10k.htm", "calculatedOtherExpenses": 2837000, "calculatedOperatingExpenses": 114466000, "calculatedNetInterest": -3166000, "calculatedOtherIncome": 167000, "calculatedIncomeNonControlling": 48000, "calculatedEbitda": 28423000}, {"date": "2013-12-31", "symbol": "IBP", "reportedCurrency": "USD", "cik": "0001580905", "fillingDate": "2014-03-28", "acceptedDate": "2014-03-28 16:23:38", "calendarYear": "2013", "period": "FY", "revenue": 431929000, "costOfRevenue": 322241000, "grossProfit": 109688000, "grossProfitRatio": 0.2539491444, "researchAndDevelopmentExpenses": 0, "generalAndAdministrativeExpenses": 67194000, "sellingAndMarketingExpenses": 25509000, "sellingGeneralAndAdministrativeExpenses": 92703000, "otherExpenses": 33000, "operatingExpenses": 96641000, "costAndExpenses": 418882000, "interestIncome": 0, "interestExpense": 2257000, "depreciationAndAmortization": 11431000, "ebitda": 24511000, "ebitdaratio": 0.0567477525, "operatingIncome": 13078000, "operatingIncomeRatio": 0.0302781244, "totalOtherIncomeExpensesNet": 64000, "incomeBeforeTax": 10854000, "incomeBeforeTaxRatio": 0.02512913, "incomeTaxExpense": 4216000, "netIncome": 6040000, "netIncomeRatio": 0.0139837797, "eps": -0.0062, "epsdiluted": -0.0062, "weightedAverageShsOut": 29483901, "weightedAverageShsOutDil": 29483901, "link": "https://www.sec.gov/Archives/edgar/data/1580905/000119312514121477/0001193125-14-121477-index.htm", "finalLink": "https://www.sec.gov/Archives/edgar/data/1580905/000119312514121477/d695332d10k.htm", "calculatedOtherExpenses": 3907000, "calculatedOperatingExpenses": 96610000, "calculatedNetInterest": -2257000, "calculatedOtherIncome": 33000, "calculatedIncomeNonControlling": 598000, "calculatedEbitda": 24509000}, {"date": "2012-12-31", "symbol": "IBP", "reportedCurrency": "USD", "cik": "0001580905", "fillingDate": "2012-12-31", "acceptedDate": "2012-12-30 19:00:00", "calendarYear": "2012", "period": "FY", "revenue": 301253000, "costOfRevenue": 227210000, "grossProfit": 74043000, "grossProfitRatio": 0.2457834445, "researchAndDevelopmentExpenses": 0, "generalAndAdministrativeExpenses": 60633000, "sellingAndMarketingExpenses": 19807000, "sellingGeneralAndAdministrativeExpenses": 80440000, "otherExpenses": 136000, "operatingExpenses": 82562000, "costAndExpenses": 309772000, "interestIncome": 0, "interestExpense": 1979000, "depreciationAndAmortization": 7719000, "ebitda": -664000, "ebitdaratio": -0.0022041274, "operatingIncome": -1896000, "operatingIncomeRatio": -0.0062937133, "totalOtherIncomeExpensesNet": 6759000, "incomeBeforeTax": -3739000, "incomeBeforeTaxRatio": -0.0124114947, "incomeTaxExpense": 555000, "netIncome": -1906000, "netIncomeRatio": -0.0063269079, "eps": -0.0662, "epsdiluted": -0.0662, "weightedAverageShsOut": 28783901, "weightedAverageShsOutDil": 28783901, "link": "", "finalLink": "", "calculatedOtherExpenses": -4501000, "calculatedOperatingExpenses": 75939000, "calculatedNetInterest": -1979000, "calculatedOtherIncome": 136000, "calculatedIncomeNonControlling": -2388000, "calculatedEbitda": 5823000}, {"date": "2011-12-31", "symbol": "IBP", "reportedCurrency": "USD", "cik": "0001580905", "fillingDate": "2011-12-31", "acceptedDate": "2011-12-30 19:00:00", "calendarYear": "2011", "period": "FY", "revenue": 238447000, "costOfRevenue": 181221000, "grossProfit": 57226000, "grossProfitRatio": 0.2399946319, "researchAndDevelopmentExpenses": 0, "generalAndAdministrativeExpenses": 50438000, "sellingAndMarketingExpenses": 18446000, "sellingGeneralAndAdministrativeExpenses": 68884000, "otherExpenses": -159000, "operatingExpenses": 74356000, "costAndExpenses": 255577000, "interestIncome": 0, "interestExpense": 6994000, "depreciationAndAmortization": 8391000, "ebitda": -8898000, "ebitdaratio": -0.0373164686, "operatingIncome": -17130000, "operatingIncomeRatio": -0.0718398638, "totalOtherIncomeExpensesNet": 18383000, "incomeBeforeTax": -5741000, "incomeBeforeTaxRatio": -0.0240766292, "incomeTaxExpense": 1449000, "netIncome": -8985000, "netIncomeRatio": -0.0376813296, "eps": -0.31, "epsdiluted": -0.31, "weightedAverageShsOut": 28783901, "weightedAverageShsOutDil": 28783901, "link": "", "finalLink": "", "calculatedOtherExpenses": 5472000, "calculatedOperatingExpenses": 74356000, "calculatedNetInterest": -6994000, "calculatedOtherIncome": 18383000, "calculatedIncomeNonControlling": 1795000, "calculatedEbitda": -8739000}]}