{"originalCurrency": "USD", "convertedCurrency": "USD", "report": [{"date": "2023-12-31", "symbol": "IBRX", "reportedCurrency": "USD", "cik": "0001326110", "fillingDate": "2024-03-19", "acceptedDate": "2024-03-19 16:31:53", "calendarYear": "2023", "period": "FY", "revenue": 622000, "costOfRevenue": 18512000, "grossProfit": -17890000, "grossProfitRatio": -28.7620578778, "researchAndDevelopmentExpenses": 213854000, "generalAndAdministrativeExpenses": 0, "sellingAndMarketingExpenses": 0, "sellingGeneralAndAdministrativeExpenses": 129620000, "otherExpenses": -38426000, "operatingExpenses": 343474000, "costAndExpenses": 361986000, "interestIncome": 2707000, "interestExpense": 129198000, "depreciationAndAmortization": 18512000, "ebitda": -342852000, "ebitdaratio": -551.2090032154, "operatingIncome": -361364000, "operatingIncomeRatio": -580.9710610932, "totalOtherIncomeExpensesNet": -222528000, "incomeBeforeTax": -583892000, "incomeBeforeTaxRatio": -938.7331189711, "incomeTaxExpense": -40000, "netIncome": -583196000, "netIncomeRatio": -937.61414791, "eps": -1.15, "epsdiluted": -1.15, "weightedAverageShsOut": 508635592, "weightedAverageShsOutDil": 508635592, "link": "https://www.sec.gov/Archives/edgar/data/1326110/000132611024000037/0001326110-24-000037-index.htm", "finalLink": "https://www.sec.gov/Archives/edgar/data/1326110/000132611024000037/ibrx-20231231.htm", "calculatedOtherExpenses": 0, "calculatedOperatingExpenses": 343474000, "calculatedNetInterest": -126491000, "calculatedOtherIncome": -96037000, "calculatedIncomeNonControlling": -656000, "calculatedEbitda": -342852000}, {"date": "2022-12-31", "symbol": "IBRX", "reportedCurrency": "USD", "cik": "0001326110", "fillingDate": "2023-03-01", "acceptedDate": "2023-03-01 17:18:49", "calendarYear": "2022", "period": "FY", "revenue": 240000, "costOfRevenue": 24192000, "grossProfit": -23952000, "grossProfitRatio": -99.8, "researchAndDevelopmentExpenses": 248149000, "generalAndAdministrativeExpenses": 0, "sellingAndMarketingExpenses": 0, "sellingGeneralAndAdministrativeExpenses": 102708000, "otherExpenses": -736000, "operatingExpenses": 350857000, "costAndExpenses": 350857000, "interestIncome": 2708000, "interestExpense": 63515000, "depreciationAndAmortization": 7320000, "ebitda": -343978000, "ebitdaratio": -1433.2416666667, "operatingIncome": -351298000, "operatingIncomeRatio": -1463.7416666667, "totalOtherIncomeExpensesNet": -65988000, "incomeBeforeTax": -417286000, "incomeBeforeTaxRatio": -1738.6916666667, "incomeTaxExpense": 34000, "netIncome": -417320000, "netIncomeRatio": -1738.8333333333, "eps": -1.04, "epsdiluted": -1.04, "weightedAverageShsOut": 399900374, "weightedAverageShsOutDil": 399900374, "link": "https://www.sec.gov/Archives/edgar/data/1326110/000132611023000018/0001326110-23-000018-index.htm", "finalLink": "https://www.sec.gov/Archives/edgar/data/1326110/000132611023000018/ibrx-20221231.htm", "calculatedOtherExpenses": -23511000, "calculatedOperatingExpenses": 327346000, "calculatedNetInterest": -60807000, "calculatedOtherIncome": -5181000, "calculatedIncomeNonControlling": 0, "calculatedEbitda": -343978000}, {"date": "2021-12-31", "symbol": "IBRX", "reportedCurrency": "USD", "cik": "0001326110", "fillingDate": "2022-03-01", "acceptedDate": "2022-03-01 17:03:21", "calendarYear": "2021", "period": "FY", "revenue": 934000, "costOfRevenue": 0, "grossProfit": 934000, "grossProfitRatio": 1, "researchAndDevelopmentExpenses": 195958000, "generalAndAdministrativeExpenses": 0, "sellingAndMarketingExpenses": 0, "sellingGeneralAndAdministrativeExpenses": 135256000, "otherExpenses": 193000, "operatingExpenses": 331214000, "costAndExpenses": 331214000, "interestIncome": 836000, "interestExpense": 14849000, "depreciationAndAmortization": 13976000, "ebitda": -316304000, "ebitdaratio": -338.6552462527, "operatingIncome": -330280000, "operatingIncomeRatio": -353.6188436831, "totalOtherIncomeExpensesNet": -19559000, "incomeBeforeTax": -349839000, "incomeBeforeTaxRatio": -374.5599571734, "incomeTaxExpense": 9000, "netIncome": -349848000, "netIncomeRatio": -374.5695931478, "eps": -0.9, "epsdiluted": -0.9, "weightedAverageShsOut": 389234156, "weightedAverageShsOutDil": 389234156, "link": "https://www.sec.gov/Archives/edgar/data/1326110/000132611022000011/0001326110-22-000011-index.htm", "finalLink": "https://www.sec.gov/Archives/edgar/data/1326110/000132611022000011/ibrx-20211231.htm", "calculatedOtherExpenses": 0, "calculatedOperatingExpenses": 331214000, "calculatedNetInterest": -14013000, "calculatedOtherIncome": -5546000, "calculatedIncomeNonControlling": 0, "calculatedEbitda": -316304000}, {"date": "2020-12-31", "symbol": "IBRX", "reportedCurrency": "USD", "cik": "0001326110", "fillingDate": "2021-03-04", "acceptedDate": "2021-03-04 16:11:46", "calendarYear": "2020", "period": "FY", "revenue": 605000, "costOfRevenue": 9147000, "grossProfit": -8542000, "grossProfitRatio": -14.1190082645, "researchAndDevelopmentExpenses": 139507000, "generalAndAdministrativeExpenses": 0, "sellingAndMarketingExpenses": 0, "sellingGeneralAndAdministrativeExpenses": 71318000, "otherExpenses": 1486000, "operatingExpenses": 210825000, "costAndExpenses": 210825000, "interestIncome": 1725000, "interestExpense": 9074000, "depreciationAndAmortization": 25752000, "ebitda": -195128000, "ebitdaratio": -322.5256198347, "operatingIncome": -220880000, "operatingIncomeRatio": -365.0909090909, "totalOtherIncomeExpensesNet": -5153000, "incomeBeforeTax": -226033000, "incomeBeforeTaxRatio": -373.6082644628, "incomeTaxExpense": -1846000, "netIncome": -224187000, "netIncomeRatio": -370.5570247934, "eps": -0.59, "epsdiluted": -0.59, "weightedAverageShsOut": 383179376, "weightedAverageShsOutDil": 383179376, "link": "https://www.sec.gov/Archives/edgar/data/1326110/000156459021010945/0001564590-21-010945-index.htm", "finalLink": "https://www.sec.gov/Archives/edgar/data/1326110/000156459021010945/nk-10k_20201231.htm", "calculatedOtherExpenses": 1513000, "calculatedOperatingExpenses": 212338000, "calculatedNetInterest": -7349000, "calculatedOtherIncome": 2196000, "calculatedIncomeNonControlling": 0, "calculatedEbitda": -195128000}, {"date": "2019-12-31", "symbol": "IBRX", "reportedCurrency": "USD", "cik": "0001326110", "fillingDate": "2020-03-25", "acceptedDate": "2020-03-25 16:09:19", "calendarYear": "2019", "period": "FY", "revenue": 2202000, "costOfRevenue": 9012000, "grossProfit": -6810000, "grossProfitRatio": -3.0926430518, "researchAndDevelopmentExpenses": 111997000, "generalAndAdministrativeExpenses": 0, "sellingAndMarketingExpenses": 0, "sellingGeneralAndAdministrativeExpenses": 46456000, "otherExpenses": -534000, "operatingExpenses": 158453000, "costAndExpenses": 158453000, "interestIncome": 2764000, "interestExpense": 5920000, "depreciationAndAmortization": 16275000, "ebitda": -139976000, "ebitdaratio": -63.5676657584, "operatingIncome": -156251000, "operatingIncomeRatio": -70.9586739328, "totalOtherIncomeExpensesNet": -4012000, "incomeBeforeTax": -160263000, "incomeBeforeTaxRatio": -72.780653951, "incomeTaxExpense": -105000, "netIncome": -160158000, "netIncomeRatio": -72.7329700272, "eps": -0.42, "epsdiluted": -0.42, "weightedAverageShsOut": 383179376, "weightedAverageShsOutDil": 383179376, "link": "https://www.sec.gov/Archives/edgar/data/1326110/000156459020012816/0001564590-20-012816-index.htm", "finalLink": "https://www.sec.gov/Archives/edgar/data/1326110/000156459020012816/nk-10k_20191231.htm", "calculatedOtherExpenses": -9012000, "calculatedOperatingExpenses": 149441000, "calculatedNetInterest": -3156000, "calculatedOtherIncome": -856000, "calculatedIncomeNonControlling": 0, "calculatedEbitda": -139976000}, {"date": "2018-12-31", "symbol": "IBRX", "reportedCurrency": "USD", "cik": "0001326110", "fillingDate": "2019-03-13", "acceptedDate": "2019-03-13 16:07:08", "calendarYear": "2018", "period": "FY", "revenue": 47000, "costOfRevenue": 0, "grossProfit": 47000, "grossProfitRatio": 1, "researchAndDevelopmentExpenses": 55718000, "generalAndAdministrativeExpenses": 42718000, "sellingAndMarketingExpenses": 0, "sellingGeneralAndAdministrativeExpenses": 42718000, "otherExpenses": 0, "operatingExpenses": 98436000, "costAndExpenses": 98436000, "interestIncome": 0, "interestExpense": 433000, "depreciationAndAmortization": 9555000, "ebitda": -86741000, "ebitdaratio": -1845.5531914894, "operatingIncome": -96296000, "operatingIncomeRatio": -2048.8510638298, "totalOtherIncomeExpensesNet": -433000, "incomeBeforeTax": -96729000, "incomeBeforeTaxRatio": -2058.0638297872, "incomeTaxExpense": -503000, "netIncome": -96226000, "netIncomeRatio": -2047.3617021277, "eps": -0.3, "epsdiluted": -0.3, "weightedAverageShsOut": 316528880, "weightedAverageShsOutDil": 316528880, "link": "https://www.sec.gov/Archives/edgar/data/1326110/000156459019007562/0001564590-19-007562-index.htm", "finalLink": "https://www.sec.gov/Archives/edgar/data/1326110/000156459019007562/nk-10k_20181231.htm", "calculatedOtherExpenses": -2093000, "calculatedOperatingExpenses": 96343000, "calculatedNetInterest": -433000, "calculatedOtherIncome": 0, "calculatedIncomeNonControlling": 0, "calculatedEbitda": -86741000}, {"date": "2017-12-31", "symbol": "IBRX", "reportedCurrency": "USD", "cik": "0001326110", "fillingDate": "2018-03-12", "acceptedDate": "2018-03-12 16:07:51", "calendarYear": "2017", "period": "FY", "revenue": 45000, "costOfRevenue": 0, "grossProfit": 45000, "grossProfitRatio": 1, "researchAndDevelopmentExpenses": 42044000, "generalAndAdministrativeExpenses": 57121000, "sellingAndMarketingExpenses": 0, "sellingGeneralAndAdministrativeExpenses": 57121000, "otherExpenses": 0, "operatingExpenses": 99165000, "costAndExpenses": 99165000, "interestIncome": 0, "interestExpense": 618000, "depreciationAndAmortization": 5566000, "ebitda": -90732000, "ebitdaratio": -2016.2666666667, "operatingIncome": -96298000, "operatingIncomeRatio": -2139.9555555556, "totalOtherIncomeExpensesNet": -618000, "incomeBeforeTax": -96916000, "incomeBeforeTaxRatio": -2153.6888888889, "incomeTaxExpense": -493000, "netIncome": -96423000, "netIncomeRatio": -2142.7333333333, "eps": -0.299, "epsdiluted": -0.299, "weightedAverageShsOut": 322335640, "weightedAverageShsOutDil": 322335640, "link": "https://www.sec.gov/Archives/edgar/data/1326110/000156459018005290/0001564590-18-005290-index.htm", "finalLink": "https://www.sec.gov/Archives/edgar/data/1326110/000156459018005290/nk-10k_20171231.htm", "calculatedOtherExpenses": -2822000, "calculatedOperatingExpenses": 96343000, "calculatedNetInterest": -618000, "calculatedOtherIncome": 0, "calculatedIncomeNonControlling": 0, "calculatedEbitda": -90732000}, {"date": "2016-12-31", "symbol": "IBRX", "reportedCurrency": "USD", "cik": "0001326110", "fillingDate": "2017-03-15", "acceptedDate": "2017-03-15 16:17:52", "calendarYear": "2016", "period": "FY", "revenue": 44000, "costOfRevenue": 0, "grossProfit": 44000, "grossProfitRatio": 1, "researchAndDevelopmentExpenses": 29153000, "generalAndAdministrativeExpenses": 95391000, "sellingAndMarketingExpenses": 0, "sellingGeneralAndAdministrativeExpenses": 95391000, "otherExpenses": 0, "operatingExpenses": 124544000, "costAndExpenses": 124544000, "interestIncome": 0, "interestExpense": 66000, "depreciationAndAmortization": 3607000, "ebitda": -117708000, "ebitdaratio": -2675.1818181818, "operatingIncome": -121315000, "operatingIncomeRatio": -2757.1590909091, "totalOtherIncomeExpensesNet": -66000, "incomeBeforeTax": -121381000, "incomeBeforeTaxRatio": -2758.6590909091, "incomeTaxExpense": -572000, "netIncome": -120809000, "netIncomeRatio": -2745.6590909091, "eps": -0.368, "epsdiluted": -0.368, "weightedAverageShsOut": 327916020, "weightedAverageShsOutDil": 327916020, "link": "https://www.sec.gov/Archives/edgar/data/1326110/000156459017004430/0001564590-17-004430-index.htm", "finalLink": "https://www.sec.gov/Archives/edgar/data/1326110/000156459017004430/nk-10k_20161231.htm", "calculatedOtherExpenses": -3185000, "calculatedOperatingExpenses": 121359000, "calculatedNetInterest": -66000, "calculatedOtherIncome": 0, "calculatedIncomeNonControlling": 0, "calculatedEbitda": -117708000}, {"date": "2015-12-31", "symbol": "IBRX", "reportedCurrency": "USD", "cik": "0001326110", "fillingDate": "2016-03-30", "acceptedDate": "2016-03-30 13:00:26", "calendarYear": "2015", "period": "FY", "revenue": 236000, "costOfRevenue": 0, "grossProfit": 236000, "grossProfitRatio": 1, "researchAndDevelopmentExpenses": 11434000, "generalAndAdministrativeExpenses": 227678000, "sellingAndMarketingExpenses": 0, "sellingGeneralAndAdministrativeExpenses": 227678000, "otherExpenses": 0, "operatingExpenses": 239112000, "costAndExpenses": 239112000, "interestIncome": 0, "interestExpense": 0, "depreciationAndAmortization": 1472000, "ebitda": -235705000, "ebitdaratio": -998.75, "operatingIncome": -237177000, "operatingIncomeRatio": -1004.9872881356, "totalOtherIncomeExpensesNet": 1699000, "incomeBeforeTax": -237177000, "incomeBeforeTaxRatio": -1004.9872881356, "incomeTaxExpense": -301000, "netIncome": -236876000, "netIncomeRatio": -1003.7118644068, "eps": -0.828, "epsdiluted": -0.828, "weightedAverageShsOut": 286078436, "weightedAverageShsOutDil": 286078436, "link": "https://www.sec.gov/Archives/edgar/data/1326110/000156459016015596/0001564590-16-015596-index.htm", "finalLink": "https://www.sec.gov/Archives/edgar/data/1326110/000156459016015596/nk-10k_20151231.htm", "calculatedOtherExpenses": -1699000, "calculatedOperatingExpenses": 237413000, "calculatedNetInterest": 0, "calculatedOtherIncome": 0, "calculatedIncomeNonControlling": 0, "calculatedEbitda": -235705000}, {"date": "2014-12-31", "symbol": "IBRX", "reportedCurrency": "USD", "cik": "0001326110", "fillingDate": "2014-12-31", "acceptedDate": "2014-12-30 19:00:00", "calendarYear": "2014", "period": "FY", "revenue": 641000, "costOfRevenue": 0, "grossProfit": 641000, "grossProfitRatio": 1, "researchAndDevelopmentExpenses": 1595000, "generalAndAdministrativeExpenses": 4326000, "sellingAndMarketingExpenses": 0, "sellingGeneralAndAdministrativeExpenses": 4326000, "otherExpenses": 0, "operatingExpenses": 5921000, "costAndExpenses": 6244000, "interestIncome": 0, "interestExpense": 0, "depreciationAndAmortization": 128000, "ebitda": -6084000, "ebitdaratio": -9.4914196568, "operatingIncome": -6212000, "operatingIncomeRatio": -9.6911076443, "totalOtherIncomeExpensesNet": 0, "incomeBeforeTax": -6212000, "incomeBeforeTaxRatio": -9.6911076443, "incomeTaxExpense": 1000, "netIncome": -6213000, "netIncomeRatio": -9.6926677067, "eps": -0.02, "epsdiluted": -0.02, "weightedAverageShsOut": 315726528, "weightedAverageShsOutDil": 315726528, "link": "", "finalLink": "", "calculatedOtherExpenses": 932000, "calculatedOperatingExpenses": 6853000, "calculatedNetInterest": 0, "calculatedOtherIncome": 0, "calculatedIncomeNonControlling": 0, "calculatedEbitda": -6084000}]}