{"originalCurrency": "USD", "convertedCurrency": "USD", "report": [{"date": "2023-12-31", "symbol": "ICE", "reportedCurrency": "USD", "cik": "0001571949", "fillingDate": "2024-02-08", "acceptedDate": "2024-02-08 08:32:20", "calendarYear": "2023", "period": "FY", "revenue": 9903000000, "costOfRevenue": 4244000000, "grossProfit": 5659000000, "grossProfitRatio": 0.5714429971, "researchAndDevelopmentExpenses": 0, "generalAndAdministrativeExpenses": 481000000, "sellingAndMarketingExpenses": 0, "sellingGeneralAndAdministrativeExpenses": 481000000, "otherExpenses": -311000000, "operatingExpenses": 1696000000, "costAndExpenses": 5940000000, "interestIncome": 319000000, "interestExpense": 808000000, "depreciationAndAmortization": 1215000000, "ebitda": 5186000000, "ebitdaratio": 0.523679693, "operatingIncome": 3694000000, "operatingIncomeRatio": 0.3730182773, "totalOtherIncomeExpensesNet": -580000000, "incomeBeforeTax": 2894000000, "incomeBeforeTaxRatio": 0.2922346764, "incomeTaxExpense": 456000000, "netIncome": 2368000000, "netIncomeRatio": 0.2391194587, "eps": 4.2, "epsdiluted": 4.19, "weightedAverageShsOut": 564000000, "weightedAverageShsOutDil": 565000000, "link": "https://www.sec.gov/Archives/edgar/data/1571949/000157194924000007/0001571949-24-000007-index.htm", "finalLink": "https://www.sec.gov/Archives/edgar/data/1571949/000157194924000007/ice-20231231.htm", "calculatedOtherExpenses": 1484000000, "calculatedOperatingExpenses": 1965000000, "calculatedNetInterest": -489000000, "calculatedOtherIncome": -311000000, "calculatedIncomeNonControlling": 70000000, "calculatedEbitda": 4909000000}, {"date": "2022-12-31", "symbol": "ICE", "reportedCurrency": "USD", "cik": "0001571949", "fillingDate": "2023-02-02", "acceptedDate": "2023-02-02 08:32:09", "calendarYear": "2022", "period": "FY", "revenue": 9636000000, "costOfRevenue": 4434000000, "grossProfit": 5202000000, "grossProfitRatio": 0.5398505604, "researchAndDevelopmentExpenses": 0, "generalAndAdministrativeExpenses": 440000000, "sellingAndMarketingExpenses": 0, "sellingGeneralAndAdministrativeExpenses": 440000000, "otherExpenses": 1031000000, "operatingExpenses": 1471000000, "costAndExpenses": 5905000000, "interestIncome": 108000000, "interestExpense": 616000000, "depreciationAndAmortization": 1031000000, "ebitda": 3548000000, "ebitdaratio": 0.3682025737, "operatingIncome": 2517000000, "operatingIncomeRatio": 0.2612079701, "totalOtherIncomeExpensesNet": -709000000, "incomeBeforeTax": 1808000000, "incomeBeforeTaxRatio": 0.1876297219, "incomeTaxExpense": 310000000, "netIncome": 1446000000, "netIncomeRatio": 0.1500622665, "eps": 2.59, "epsdiluted": 2.58, "weightedAverageShsOut": 559000000, "weightedAverageShsOutDil": 561000000, "link": "https://www.sec.gov/Archives/edgar/data/1571949/000157194923000006/0001571949-23-000006-index.htm", "finalLink": "https://www.sec.gov/Archives/edgar/data/1571949/000157194923000006/ice-20221231.htm", "calculatedOtherExpenses": 2245000000, "calculatedOperatingExpenses": 2685000000, "calculatedNetInterest": -508000000, "calculatedOtherIncome": -201000000, "calculatedIncomeNonControlling": 52000000, "calculatedEbitda": 3548000000}, {"date": "2021-12-31", "symbol": "ICE", "reportedCurrency": "USD", "cik": "0001571949", "fillingDate": "2022-02-03", "acceptedDate": "2022-02-03 08:33:47", "calendarYear": "2021", "period": "FY", "revenue": 9168000000, "costOfRevenue": 4150000000, "grossProfit": 5018000000, "grossProfitRatio": 0.5473385689, "researchAndDevelopmentExpenses": 0, "generalAndAdministrativeExpenses": 458000000, "sellingAndMarketingExpenses": 0, "sellingGeneralAndAdministrativeExpenses": 458000000, "otherExpenses": 1009000000, "operatingExpenses": 1467000000, "costAndExpenses": 5617000000, "interestIncome": 1000000, "interestExpense": 423000000, "depreciationAndAmortization": 1009000000, "ebitda": 7232000000, "ebitdaratio": 0.7888307155, "operatingIncome": 6223000000, "operatingIncomeRatio": 0.6787739965, "totalOtherIncomeExpensesNet": -525000000, "incomeBeforeTax": 5698000000, "incomeBeforeTaxRatio": 0.6215095986, "incomeTaxExpense": 1629000000, "netIncome": 4058000000, "netIncomeRatio": 0.4426265271, "eps": 7.22, "epsdiluted": 7.18, "weightedAverageShsOut": 562000000, "weightedAverageShsOutDil": 565000000, "link": "https://www.sec.gov/Archives/edgar/data/1571949/000157194922000006/0001571949-22-000006-index.htm", "finalLink": "https://www.sec.gov/Archives/edgar/data/1571949/000157194922000006/ice-20211231.htm", "calculatedOtherExpenses": -1663000000, "calculatedOperatingExpenses": -1205000000, "calculatedNetInterest": -422000000, "calculatedOtherIncome": -103000000, "calculatedIncomeNonControlling": 11000000, "calculatedEbitda": 7232000000}, {"date": "2020-12-31", "symbol": "ICE", "reportedCurrency": "USD", "cik": "0001571949", "fillingDate": "2021-02-04", "acceptedDate": "2021-02-04 08:29:58", "calendarYear": "2020", "period": "FY", "revenue": 8244000000, "costOfRevenue": 3945000000, "grossProfit": 4299000000, "grossProfitRatio": 0.5214701601, "researchAndDevelopmentExpenses": 0, "generalAndAdministrativeExpenses": 410000000, "sellingAndMarketingExpenses": 0, "sellingGeneralAndAdministrativeExpenses": 410000000, "otherExpenses": 751000000, "operatingExpenses": 1161000000, "costAndExpenses": 5106000000, "interestIncome": 10000000, "interestExpense": 357000000, "depreciationAndAmortization": 946000000, "ebitda": 3979000000, "ebitdaratio": 0.4826540514, "operatingIncome": 3033000000, "operatingIncomeRatio": 0.3679039301, "totalOtherIncomeExpensesNet": -267000000, "incomeBeforeTax": 2766000000, "incomeBeforeTaxRatio": 0.3355167394, "incomeTaxExpense": 658000000, "netIncome": 2089000000, "netIncomeRatio": 0.2533964095, "eps": 3.79, "epsdiluted": 3.77, "weightedAverageShsOut": 552000000, "weightedAverageShsOutDil": 555000000, "link": "https://www.sec.gov/Archives/edgar/data/1571949/000157194921000003/0001571949-21-000003-index.htm", "finalLink": "https://www.sec.gov/Archives/edgar/data/1571949/000157194921000003/ice-20201231.htm", "calculatedOtherExpenses": 856000000, "calculatedOperatingExpenses": 1266000000, "calculatedNetInterest": -347000000, "calculatedOtherIncome": 80000000, "calculatedIncomeNonControlling": 19000000, "calculatedEbitda": 3979000000}, {"date": "2019-12-31", "symbol": "ICE", "reportedCurrency": "USD", "cik": "0001571949", "fillingDate": "2020-02-06", "acceptedDate": "2020-02-06 08:33:20", "calendarYear": "2019", "period": "FY", "revenue": 6547000000, "costOfRevenue": 2856000000, "grossProfit": 3691000000, "grossProfitRatio": 0.5637696655, "researchAndDevelopmentExpenses": 0, "generalAndAdministrativeExpenses": 354000000, "sellingAndMarketingExpenses": 0, "sellingGeneralAndAdministrativeExpenses": 354000000, "otherExpenses": 662000000, "operatingExpenses": 1016000000, "costAndExpenses": 3872000000, "interestIncome": 35000000, "interestExpense": 285000000, "depreciationAndAmortization": 757000000, "ebitda": 3430000000, "ebitdaratio": 0.5239040782, "operatingIncome": 2673000000, "operatingIncomeRatio": 0.4082786009, "totalOtherIncomeExpensesNet": -192000000, "incomeBeforeTax": 2481000000, "incomeBeforeTaxRatio": 0.3789521918, "incomeTaxExpense": 521000000, "netIncome": 1933000000, "netIncomeRatio": 0.2952497327, "eps": 3.45, "epsdiluted": 3.42, "weightedAverageShsOut": 561000000, "weightedAverageShsOutDil": 565000000, "link": "https://www.sec.gov/Archives/edgar/data/1571949/000157194920000003/0001571949-20-000003-index.htm", "finalLink": "https://www.sec.gov/Archives/edgar/data/1571949/000157194920000003/ice2019123110k.htm", "calculatedOtherExpenses": 664000000, "calculatedOperatingExpenses": 1018000000, "calculatedNetInterest": -250000000, "calculatedOtherIncome": 58000000, "calculatedIncomeNonControlling": 27000000, "calculatedEbitda": 3430000000}, {"date": "2018-12-31", "symbol": "ICE", "reportedCurrency": "USD", "cik": "0001571949", "fillingDate": "2019-02-07", "acceptedDate": "2019-02-07 08:32:23", "calendarYear": "2018", "period": "FY", "revenue": 6276000000, "costOfRevenue": 2723000000, "grossProfit": 3553000000, "grossProfitRatio": 0.5661249203, "researchAndDevelopmentExpenses": 0, "generalAndAdministrativeExpenses": 350000000, "sellingAndMarketingExpenses": 0, "sellingGeneralAndAdministrativeExpenses": 350000000, "otherExpenses": 159000000, "operatingExpenses": 936000000, "costAndExpenses": 3659000000, "interestIncome": 22000000, "interestExpense": 244000000, "depreciationAndAmortization": 586000000, "ebitda": 3384000000, "ebitdaratio": 0.5391969407, "operatingIncome": 2583000000, "operatingIncomeRatio": 0.4115678776, "totalOtherIncomeExpensesNet": 125000000, "incomeBeforeTax": 2520000000, "incomeBeforeTaxRatio": 0.4015296367, "incomeTaxExpense": 500000000, "netIncome": 1988000000, "netIncomeRatio": 0.316762269, "eps": 3.46, "epsdiluted": 3.43, "weightedAverageShsOut": 575000000, "weightedAverageShsOutDil": 579000000, "link": "https://www.sec.gov/Archives/edgar/data/1571949/000157194919000003/0001571949-19-000003-index.htm", "finalLink": "https://www.sec.gov/Archives/edgar/data/1571949/000157194919000003/ice2018123110k.htm", "calculatedOtherExpenses": 620000000, "calculatedOperatingExpenses": 970000000, "calculatedNetInterest": -222000000, "calculatedOtherIncome": 159000000, "calculatedIncomeNonControlling": 32000000, "calculatedEbitda": 3169000000}, {"date": "2017-12-31", "symbol": "ICE", "reportedCurrency": "USD", "cik": "0001571949", "fillingDate": "2018-02-07", "acceptedDate": "2018-02-07 08:34:03", "calendarYear": "2017", "period": "FY", "revenue": 5834000000, "costOfRevenue": 2539000000, "grossProfit": 3295000000, "grossProfitRatio": 0.5647925951, "researchAndDevelopmentExpenses": 0, "generalAndAdministrativeExpenses": 345000000, "sellingAndMarketingExpenses": 0, "sellingGeneralAndAdministrativeExpenses": 345000000, "otherExpenses": 325000000, "operatingExpenses": 880000000, "costAndExpenses": 3419000000, "interestIncome": 0, "interestExpense": 187000000, "depreciationAndAmortization": 535000000, "ebitda": 3275000000, "ebitdaratio": 0.5613644155, "operatingIncome": 2379000000, "operatingIncomeRatio": 0.4077819678, "totalOtherIncomeExpensesNet": 289000000, "incomeBeforeTax": 2517000000, "incomeBeforeTaxRatio": 0.4314364073, "incomeTaxExpense": -25000000, "netIncome": 2514000000, "netIncomeRatio": 0.4309221803, "eps": 4.29, "epsdiluted": 4.25, "weightedAverageShsOut": 589000000, "weightedAverageShsOutDil": 594000000, "link": "https://www.sec.gov/Archives/edgar/data/1571949/000157194918000003/0001571949-18-000003-index.htm", "finalLink": "https://www.sec.gov/Archives/edgar/data/1571949/000157194918000003/ice2017123110k.htm", "calculatedOtherExpenses": 571000000, "calculatedOperatingExpenses": 916000000, "calculatedNetInterest": -187000000, "calculatedOtherIncome": 325000000, "calculatedIncomeNonControlling": 28000000, "calculatedEbitda": 2914000000}, {"date": "2016-12-31", "symbol": "ICE", "reportedCurrency": "USD", "cik": "0001571949", "fillingDate": "2017-02-07", "acceptedDate": "2017-02-07 08:26:48", "calendarYear": "2016", "period": "FY", "revenue": 5958000000, "costOfRevenue": 2778000000, "grossProfit": 3180000000, "grossProfitRatio": 0.5337361531, "researchAndDevelopmentExpenses": 0, "generalAndAdministrativeExpenses": 323000000, "sellingAndMarketingExpenses": 0, "sellingGeneralAndAdministrativeExpenses": 323000000, "otherExpenses": 40000000, "operatingExpenses": 933000000, "costAndExpenses": 3711000000, "interestIncome": 0, "interestExpense": 178000000, "depreciationAndAmortization": 610000000, "ebitda": 2897000000, "ebitdaratio": 0.4862369923, "operatingIncome": 2167000000, "operatingIncomeRatio": 0.3637126553, "totalOtherIncomeExpensesNet": -40000000, "incomeBeforeTax": 2029000000, "incomeBeforeTaxRatio": 0.3405505203, "incomeTaxExpense": 580000000, "netIncome": 1422000000, "netIncomeRatio": 0.2386706949, "eps": 2.4, "epsdiluted": 2.39, "weightedAverageShsOut": 595000000, "weightedAverageShsOutDil": 599000000, "link": "https://www.sec.gov/Archives/edgar/data/1571949/000157194917000003/0001571949-17-000003-index.htm", "finalLink": "https://www.sec.gov/Archives/edgar/data/1571949/000157194917000003/ice2016123110k.htm", "calculatedOtherExpenses": 690000000, "calculatedOperatingExpenses": 1013000000, "calculatedNetInterest": -178000000, "calculatedOtherIncome": 40000000, "calculatedIncomeNonControlling": 27000000, "calculatedEbitda": 2777000000}, {"date": "2015-12-31", "symbol": "ICE", "reportedCurrency": "USD", "cik": "0001571949", "fillingDate": "2016-02-04", "acceptedDate": "2016-02-04 08:31:47", "calendarYear": "2015", "period": "FY", "revenue": 4682000000, "costOfRevenue": 2158000000, "grossProfit": 2524000000, "grossProfitRatio": 0.5390858607, "researchAndDevelopmentExpenses": 0, "generalAndAdministrativeExpenses": 312000000, "sellingAndMarketingExpenses": 0, "sellingGeneralAndAdministrativeExpenses": 312000000, "otherExpenses": 374000000, "operatingExpenses": 686000000, "costAndExpenses": 2844000000, "interestIncome": 0, "interestExpense": 97000000, "depreciationAndAmortization": 374000000, "ebitda": 2212000000, "ebitdaratio": 0.4724476719, "operatingIncome": 1750000000, "operatingIncomeRatio": 0.3737718924, "totalOtherIncomeExpensesNet": -88000000, "incomeBeforeTax": 1653000000, "incomeBeforeTaxRatio": 0.3530542503, "incomeTaxExpense": 358000000, "netIncome": 1274000000, "netIncomeRatio": 0.2721059376, "eps": 2.29, "epsdiluted": 2.28, "weightedAverageShsOut": 556000000, "weightedAverageShsOutDil": 559000000, "link": "https://www.sec.gov/Archives/edgar/data/1571949/000157194916000020/0001571949-16-000020-index.htm", "finalLink": "https://www.sec.gov/Archives/edgar/data/1571949/000157194916000020/ice2015123110k.htm", "calculatedOtherExpenses": 462000000, "calculatedOperatingExpenses": 774000000, "calculatedNetInterest": -97000000, "calculatedOtherIncome": 0, "calculatedIncomeNonControlling": 21000000, "calculatedEbitda": 2124000000}, {"date": "2014-12-31", "symbol": "ICE", "reportedCurrency": "USD", "cik": "0001571949", "fillingDate": "2015-02-05", "acceptedDate": "2015-02-05 08:30:33", "calendarYear": "2014", "period": "FY", "revenue": 4221000000, "costOfRevenue": 1909000000, "grossProfit": 2312000000, "grossProfitRatio": 0.547737503, "researchAndDevelopmentExpenses": 0, "generalAndAdministrativeExpenses": 402000000, "sellingAndMarketingExpenses": 0, "sellingGeneralAndAdministrativeExpenses": 402000000, "otherExpenses": 55000000, "operatingExpenses": 735000000, "costAndExpenses": 2644000000, "interestIncome": 0, "interestExpense": 96000000, "depreciationAndAmortization": 333000000, "ebitda": 1965000000, "ebitdaratio": 0.4655294954, "operatingIncome": 1448000000, "operatingIncomeRatio": 0.3430466714, "totalOtherIncomeExpensesNet": -74000000, "incomeBeforeTax": 1407000000, "incomeBeforeTaxRatio": 0.3333333333, "incomeTaxExpense": 402000000, "netIncome": 981000000, "netIncomeRatio": 0.2324093817, "eps": 1.72, "epsdiluted": 1.71, "weightedAverageShsOut": 570000000, "weightedAverageShsOutDil": 573000000, "link": "https://www.sec.gov/Archives/edgar/data/1571949/000157194915000003/0001571949-15-000003-index.htm", "finalLink": "https://www.sec.gov/Archives/edgar/data/1571949/000157194915000003/ice2014123110k.htm", "calculatedOtherExpenses": 462000000, "calculatedOperatingExpenses": 864000000, "calculatedNetInterest": -96000000, "calculatedOtherIncome": 55000000, "calculatedIncomeNonControlling": 24000000, "calculatedEbitda": 1781000000}, {"date": "2013-12-31", "symbol": "ICE", "reportedCurrency": "USD", "cik": "0001571949", "fillingDate": "2014-02-14", "acceptedDate": "2014-02-14 16:25:29", "calendarYear": "2013", "period": "FY", "revenue": 1795000000, "costOfRevenue": 521000000, "grossProfit": 1274000000, "grossProfitRatio": 0.7097493036, "researchAndDevelopmentExpenses": 0, "generalAndAdministrativeExpenses": 158000000, "sellingAndMarketingExpenses": 0, "sellingGeneralAndAdministrativeExpenses": 158000000, "otherExpenses": -237000000, "operatingExpenses": 319000000, "costAndExpenses": 840000000, "interestIncome": 3000000, "interestExpense": 56000000, "depreciationAndAmortization": 161000000, "ebitda": 882000000, "ebitdaratio": 0.4913649025, "operatingIncome": 790000000, "operatingIncomeRatio": 0.4401114206, "totalOtherIncomeExpensesNet": -402000000, "incomeBeforeTax": 500000000, "incomeBeforeTaxRatio": 0.278551532, "incomeTaxExpense": 230000000, "netIncome": 254000000, "netIncomeRatio": 0.1415041783, "eps": 0.65, "epsdiluted": 0.64, "weightedAverageShsOut": 390000000, "weightedAverageShsOutDil": 395000000, "link": "https://www.sec.gov/Archives/edgar/data/1571949/000157194914000006/0001571949-14-000006-index.htm", "finalLink": "https://www.sec.gov/Archives/edgar/data/1571949/000157194914000006/ice2013123110k.htm", "calculatedOtherExpenses": 326000000, "calculatedOperatingExpenses": 484000000, "calculatedNetInterest": -53000000, "calculatedOtherIncome": -237000000, "calculatedIncomeNonControlling": 16000000, "calculatedEbitda": 951000000}, {"date": "2012-12-31", "symbol": "ICE", "reportedCurrency": "USD", "cik": "0001571949", "fillingDate": "2012-12-31", "acceptedDate": "2012-12-30 19:00:00", "calendarYear": "2012", "period": "FY", "revenue": 1362965000, "costOfRevenue": 296916000, "grossProfit": 1066049000, "grossProfitRatio": 0.7821543473, "researchAndDevelopmentExpenses": 0, "generalAndAdministrativeExpenses": 89173000, "sellingAndMarketingExpenses": 0, "sellingGeneralAndAdministrativeExpenses": 89173000, "otherExpenses": -47000, "operatingExpenses": 219675000, "costAndExpenses": 516591000, "interestIncome": 1626000, "interestExpense": 38902000, "depreciationAndAmortization": 130502000, "ebitda": 978455000, "ebitdaratio": 0.7178871064, "operatingIncome": 827015000, "operatingIncomeRatio": 0.6067764029, "totalOtherIncomeExpensesNet": -19406000, "incomeBeforeTax": 789692000, "incomeBeforeTaxRatio": 0.579392721, "incomeTaxExpense": 227955000, "netIncome": 551576000, "netIncomeRatio": 0.4046883082, "eps": 1.52, "epsdiluted": 1.5, "weightedAverageShsOut": 365000000, "weightedAverageShsOutDil": 365000000, "link": "", "finalLink": "", "calculatedOtherExpenses": 149861000, "calculatedOperatingExpenses": 239034000, "calculatedNetInterest": -37276000, "calculatedOtherIncome": -47000, "calculatedIncomeNonControlling": 10161000, "calculatedEbitda": 957517000}, {"date": "2011-12-31", "symbol": "ICE", "reportedCurrency": "USD", "cik": "0001571949", "fillingDate": "2011-12-31", "acceptedDate": "2011-12-30 19:00:00", "calendarYear": "2011", "period": "FY", "revenue": 1327491000, "costOfRevenue": 298476000, "grossProfit": 1029015000, "grossProfitRatio": 0.7751577977, "researchAndDevelopmentExpenses": 0, "generalAndAdministrativeExpenses": 87806000, "sellingAndMarketingExpenses": 0, "sellingGeneralAndAdministrativeExpenses": 87806000, "otherExpenses": -1009000, "operatingExpenses": 220058000, "costAndExpenses": 518534000, "interestIncome": 3012000, "interestExpense": 36097000, "depreciationAndAmortization": 132252000, "ebitda": 943212000, "ebitdaratio": 0.7105223312, "operatingIncome": 793333000, "operatingIncomeRatio": 0.5976183643, "totalOtherIncomeExpensesNet": -16633000, "incomeBeforeTax": 759239000, "incomeBeforeTaxRatio": 0.5719353276, "incomeTaxExpense": 237498000, "netIncome": 509673000, "netIncomeRatio": 0.3839370662, "eps": 1.39, "epsdiluted": 1.38, "weightedAverageShsOut": 365000000, "weightedAverageShsOutDil": 370000000, "link": "", "finalLink": "", "calculatedOtherExpenses": 147876000, "calculatedOperatingExpenses": 235682000, "calculatedNetInterest": -33085000, "calculatedOtherIncome": -1009000, "calculatedIncomeNonControlling": 12068000, "calculatedEbitda": 925585000}, {"date": "2010-12-31", "symbol": "ICE", "reportedCurrency": "USD", "cik": "0001571949", "fillingDate": "2010-12-31", "acceptedDate": "2010-12-30 19:00:00", "calendarYear": "2010", "period": "FY", "revenue": 1149944000, "costOfRevenue": 42593000, "grossProfit": 1107351000, "grossProfitRatio": 0.962960805, "researchAndDevelopmentExpenses": 0, "generalAndAdministrativeExpenses": 333893000, "sellingAndMarketingExpenses": 0, "sellingGeneralAndAdministrativeExpenses": 333893000, "otherExpenses": 121209000, "operatingExpenses": 455102000, "costAndExpenses": 497695000, "interestIncome": 2313000, "interestExpense": 29765000, "depreciationAndAmortization": 121209000, "ebitda": 775771000, "ebitdaratio": 0.6746163291, "operatingIncome": 652249000, "operatingIncomeRatio": 0.5672006637, "totalOtherIncomeExpensesNet": -14655000, "incomeBeforeTax": 610142000, "incomeBeforeTaxRatio": 0.530584098, "incomeTaxExpense": 202375000, "netIncome": 398298000, "netIncomeRatio": 0.3463629533, "eps": 1.08, "epsdiluted": 1.07, "weightedAverageShsOut": 368120000, "weightedAverageShsOutDil": 372380000, "link": "", "finalLink": "", "calculatedOtherExpenses": 121209000, "calculatedOperatingExpenses": 455102000, "calculatedNetInterest": -27452000, "calculatedOtherIncome": -14655000, "calculatedIncomeNonControlling": 9469000, "calculatedEbitda": 773458000}, {"date": "2009-12-31", "symbol": "ICE", "reportedCurrency": "USD", "cik": "0001571949", "fillingDate": "2009-12-31", "acceptedDate": "2009-12-30 19:00:00", "calendarYear": "2009", "period": "FY", "revenue": 994788000, "costOfRevenue": 41696000, "grossProfit": 953092000, "grossProfitRatio": 0.9580855418, "researchAndDevelopmentExpenses": 0, "generalAndAdministrativeExpenses": 329116000, "sellingAndMarketingExpenses": 0, "sellingGeneralAndAdministrativeExpenses": 329116000, "otherExpenses": 111357000, "operatingExpenses": 440473000, "costAndExpenses": 482169000, "interestIncome": 1961000, "interestExpense": 22922000, "depreciationAndAmortization": 111357000, "ebitda": 625937000, "ebitdaratio": 0.6292164763, "operatingIncome": 512619000, "operatingIncomeRatio": 0.5153047685, "totalOtherIncomeExpensesNet": 2047000, "incomeBeforeTax": 493705000, "incomeBeforeTaxRatio": 0.4962916722, "incomeTaxExpense": 179551000, "netIncome": 315988000, "netIncomeRatio": 0.3176435582, "eps": 0.87, "epsdiluted": 0.85, "weightedAverageShsOut": 364925000, "weightedAverageShsOutDil": 370450000, "link": "", "finalLink": "", "calculatedOtherExpenses": 111357000, "calculatedOperatingExpenses": 440473000, "calculatedNetInterest": -20961000, "calculatedOtherIncome": 2047000, "calculatedIncomeNonControlling": -1834000, "calculatedEbitda": 623976000}, {"date": "2008-12-31", "symbol": "ICE", "reportedCurrency": "USD", "cik": "0001571949", "fillingDate": "2008-12-31", "acceptedDate": "2008-12-30 19:00:00", "calendarYear": "2008", "period": "FY", "revenue": 813078000, "costOfRevenue": 189497000, "grossProfit": 623581000, "grossProfitRatio": 0.7669387193, "researchAndDevelopmentExpenses": 0, "generalAndAdministrativeExpenses": 0, "sellingAndMarketingExpenses": 0, "sellingGeneralAndAdministrativeExpenses": 67800000, "otherExpenses": 62247000, "operatingExpenses": 130047000, "costAndExpenses": 319544000, "interestIncome": 0, "interestExpense": 0, "depreciationAndAmortization": 63891000, "ebitda": 569426000, "ebitdaratio": 0.7003337933, "operatingIncome": 493534000, "operatingIncomeRatio": 0.6069946549, "totalOtherIncomeExpensesNet": -12001000, "incomeBeforeTax": 473496000, "incomeBeforeTaxRatio": 0.5823500328, "incomeTaxExpense": 172524000, "netIncome": 300972000, "netIncomeRatio": 0.3701637481, "eps": 0.85, "epsdiluted": 0.83, "weightedAverageShsOut": 355920000, "weightedAverageShsOutDil": 360820000, "link": "", "finalLink": "", "calculatedOtherExpenses": 62247000, "calculatedOperatingExpenses": 130047000, "calculatedNetInterest": 0, "calculatedOtherIncome": -20038000, "calculatedIncomeNonControlling": 0, "calculatedEbitda": 557425000}, {"date": "2007-12-31", "symbol": "ICE", "reportedCurrency": "USD", "cik": "0001571949", "fillingDate": "2007-12-31", "acceptedDate": "2007-12-30 19:00:00", "calendarYear": "2007", "period": "FY", "revenue": 574293000, "costOfRevenue": 126149000, "grossProfit": 448144000, "grossProfitRatio": 0.7803403489, "researchAndDevelopmentExpenses": 0, "generalAndAdministrativeExpenses": 0, "sellingAndMarketingExpenses": 0, "sellingGeneralAndAdministrativeExpenses": 50759000, "otherExpenses": 32701000, "operatingExpenses": 83460000, "costAndExpenses": 209609000, "interestIncome": 0, "interestExpense": 0, "depreciationAndAmortization": 33399000, "ebitda": 397557000, "ebitdaratio": 0.6922546505, "operatingIncome": 353563000, "operatingIncomeRatio": 0.6156491547, "totalOtherIncomeExpensesNet": 526000, "incomeBeforeTax": 358434000, "incomeBeforeTaxRatio": 0.6241308879, "incomeTaxExpense": 117822000, "netIncome": 240612000, "netIncomeRatio": 0.4189708041, "eps": 0.7, "epsdiluted": 0.68, "weightedAverageShsOut": 344925000, "weightedAverageShsOutDil": 354900000, "link": "", "finalLink": "", "calculatedOtherExpenses": 43822000, "calculatedOperatingExpenses": 94581000, "calculatedNetInterest": 0, "calculatedOtherIncome": 4871000, "calculatedIncomeNonControlling": 0, "calculatedEbitda": 386962000}, {"date": "2006-12-31", "symbol": "ICE", "reportedCurrency": "USD", "cik": "0001571949", "fillingDate": "2006-12-31", "acceptedDate": "2006-12-30 19:00:00", "calendarYear": "2006", "period": "FY", "revenue": 313799000, "costOfRevenue": 70184000, "grossProfit": 243615000, "grossProfitRatio": 0.7763409061, "researchAndDevelopmentExpenses": 0, "generalAndAdministrativeExpenses": 0, "sellingAndMarketingExpenses": 0, "sellingGeneralAndAdministrativeExpenses": 25266000, "otherExpenses": 13714000, "operatingExpenses": 38980000, "costAndExpenses": 109164000, "interestIncome": 0, "interestExpense": 0, "depreciationAndAmortization": 13861000, "ebitda": 218922000, "ebitdaratio": 0.6976504068, "operatingIncome": 204635000, "operatingIncomeRatio": 0.6521212623, "totalOtherIncomeExpensesNet": -426000, "incomeBeforeTax": 212543000, "incomeBeforeTaxRatio": 0.6773221075, "incomeTaxExpense": 69275000, "netIncome": 143268000, "netIncomeRatio": 0.4565597723, "eps": 0.51, "epsdiluted": 0.48, "weightedAverageShsOut": 282370000, "weightedAverageShsOutDil": 297995000, "link": "", "finalLink": "", "calculatedOtherExpenses": 13714000, "calculatedOperatingExpenses": 38980000, "calculatedNetInterest": 0, "calculatedOtherIncome": 7908000, "calculatedIncomeNonControlling": 0, "calculatedEbitda": 218496000}, {"date": "2005-12-31", "symbol": "ICE", "reportedCurrency": "USD", "cik": "0001571949", "fillingDate": "2005-12-31", "acceptedDate": "2005-12-30 19:00:00", "calendarYear": "2005", "period": "FY", "revenue": 155865000, "costOfRevenue": 0, "grossProfit": 155865000, "grossProfitRatio": 1, "researchAndDevelopmentExpenses": 0, "generalAndAdministrativeExpenses": 0, "sellingAndMarketingExpenses": 0, "sellingGeneralAndAdministrativeExpenses": 64763000, "otherExpenses": 34897000, "operatingExpenses": 99660000, "costAndExpenses": 99660000, "interestIncome": 0, "interestExpense": 0, "depreciationAndAmortization": 16846000, "ebitda": 91552000, "ebitdaratio": 0.5873801046, "operatingIncome": 56205000, "operatingIncomeRatio": 0.3606005197, "totalOtherIncomeExpensesNet": -18501000, "incomeBeforeTax": 59995000, "incomeBeforeTaxRatio": 0.3849164341, "incomeTaxExpense": 19585000, "netIncome": 40410000, "netIncomeRatio": 0.2592628236, "eps": -0.078, "epsdiluted": -0.078, "weightedAverageShsOut": 266090000, "weightedAverageShsOutDil": 266090000, "link": "", "finalLink": "", "calculatedOtherExpenses": 34897000, "calculatedOperatingExpenses": 99660000, "calculatedNetInterest": 0, "calculatedOtherIncome": 3790000, "calculatedIncomeNonControlling": 0, "calculatedEbitda": 73051000}, {"date": "2004-12-31", "symbol": "ICE", "reportedCurrency": "USD", "cik": "0001571949", "fillingDate": "2004-12-31", "acceptedDate": "2004-12-30 19:00:00", "calendarYear": "2004", "period": "FY", "revenue": 108414000, "costOfRevenue": 1279000, "grossProfit": 107135000, "grossProfitRatio": 0.9882026307, "researchAndDevelopmentExpenses": 0, "generalAndAdministrativeExpenses": 0, "sellingAndMarketingExpenses": 0, "sellingGeneralAndAdministrativeExpenses": 57717000, "otherExpenses": 17024000, "operatingExpenses": 74741000, "costAndExpenses": 76020000, "interestIncome": 0, "interestExpense": 0, "depreciationAndAmortization": 17406000, "ebitda": 51220000, "ebitdaratio": 0.4724482078, "operatingIncome": 32394000, "operatingIncomeRatio": 0.2987990481, "totalOtherIncomeExpensesNet": -1420000, "incomeBeforeTax": 33722000, "incomeBeforeTaxRatio": 0.3110483886, "incomeTaxExpense": 11773000, "netIncome": 21949000, "netIncomeRatio": 0.2024554024, "eps": 0.084, "epsdiluted": 0.082, "weightedAverageShsOut": 264325000, "weightedAverageShsOutDil": 265310000, "link": "", "finalLink": "", "calculatedOtherExpenses": 17024000, "calculatedOperatingExpenses": 74741000, "calculatedNetInterest": 0, "calculatedOtherIncome": 1328000, "calculatedIncomeNonControlling": 0, "calculatedEbitda": 49800000}, {"date": "2003-12-31", "symbol": "ICE", "reportedCurrency": "USD", "cik": "0001571949", "fillingDate": "2003-12-31", "acceptedDate": "2003-12-30 19:00:00", "calendarYear": "2003", "period": "FY", "revenue": 93746000, "costOfRevenue": 0, "grossProfit": 93746000, "grossProfitRatio": 1, "researchAndDevelopmentExpenses": 0, "generalAndAdministrativeExpenses": 12398000, "sellingAndMarketingExpenses": 0, "sellingGeneralAndAdministrativeExpenses": 12398000, "otherExpenses": 62430000, "operatingExpenses": 74828000, "costAndExpenses": 74828000, "interestIncome": 0, "interestExpense": 0, "depreciationAndAmortization": 19346000, "ebitda": 37316000, "ebitdaratio": 0.398054317, "operatingIncome": 18918000, "operatingIncomeRatio": 0.2018006102, "totalOtherIncomeExpensesNet": 948000, "incomeBeforeTax": 19866000, "incomeBeforeTaxRatio": 0.2119130416, "incomeTaxExpense": 6489000, "netIncome": 13377000, "netIncomeRatio": 0.1426940883, "eps": 0.072, "epsdiluted": 0.072, "weightedAverageShsOut": 271645000, "weightedAverageShsOutDil": 273198750, "link": "", "finalLink": "", "calculatedOtherExpenses": 62430000, "calculatedOperatingExpenses": 74828000, "calculatedNetInterest": 0, "calculatedOtherIncome": 948000, "calculatedIncomeNonControlling": 0, "calculatedEbitda": 38264000}, {"date": "2002-12-31", "symbol": "ICE", "reportedCurrency": "USD", "cik": "0001571949", "fillingDate": "2002-12-31", "acceptedDate": "2002-12-30 19:00:00", "calendarYear": "2002", "period": "FY", "revenue": 125490000, "costOfRevenue": 0, "grossProfit": 125490000, "grossProfitRatio": 1, "researchAndDevelopmentExpenses": 0, "generalAndAdministrativeExpenses": 17919000, "sellingAndMarketingExpenses": 0, "sellingGeneralAndAdministrativeExpenses": 17919000, "otherExpenses": 56618000, "operatingExpenses": 74537000, "costAndExpenses": 74537000, "interestIncome": 0, "interestExpense": 0, "depreciationAndAmortization": 14368000, "ebitda": 63829000, "ebitdaratio": 0.5086381385, "operatingIncome": 50953000, "operatingIncomeRatio": 0.4060323532, "totalOtherIncomeExpensesNet": 1492000, "incomeBeforeTax": 52445000, "incomeBeforeTaxRatio": 0.4179217468, "incomeTaxExpense": 17739000, "netIncome": 34706000, "netIncomeRatio": 0.2765638696, "eps": 0.074, "epsdiluted": 0.074, "weightedAverageShsOut": 271963010, "weightedAverageShsOutDil": 274250475, "link": "", "finalLink": "", "calculatedOtherExpenses": 56618000, "calculatedOperatingExpenses": 74537000, "calculatedNetInterest": 0, "calculatedOtherIncome": 1492000, "calculatedIncomeNonControlling": 0, "calculatedEbitda": 65321000}, {"date": "2001-12-31", "symbol": "ICE", "reportedCurrency": "USD", "cik": "0001571949", "fillingDate": "2001-12-31", "acceptedDate": "2001-12-30 19:00:00", "calendarYear": "2001", "period": "FY", "revenue": 66863000, "costOfRevenue": 0, "grossProfit": 66863000, "grossProfitRatio": 1, "researchAndDevelopmentExpenses": 0, "generalAndAdministrativeExpenses": 9571000, "sellingAndMarketingExpenses": 0, "sellingGeneralAndAdministrativeExpenses": 9571000, "otherExpenses": 30362000, "operatingExpenses": 39933000, "costAndExpenses": 39933000, "interestIncome": 0, "interestExpense": 0, "depreciationAndAmortization": 7052000, "ebitda": 34367000, "ebitdaratio": 0.5139912956, "operatingIncome": 26930000, "operatingIncomeRatio": 0.4027638604, "totalOtherIncomeExpensesNet": -385000, "incomeBeforeTax": 26545000, "incomeBeforeTaxRatio": 0.3970058179, "incomeTaxExpense": 10748000, "netIncome": 15797000, "netIncomeRatio": 0.2362592166, "eps": 0.052, "epsdiluted": 0.052, "weightedAverageShsOut": 148893360, "weightedAverageShsOutDil": 149368945, "link": "", "finalLink": "", "calculatedOtherExpenses": 30362000, "calculatedOperatingExpenses": 39933000, "calculatedNetInterest": 0, "calculatedOtherIncome": -385000, "calculatedIncomeNonControlling": 0, "calculatedEbitda": 33982000}, {"date": "2000-12-31", "symbol": "ICE", "reportedCurrency": "USD", "cik": "0001571949", "fillingDate": "2000-12-31", "acceptedDate": "2000-12-30 19:00:00", "calendarYear": "2000", "period": "FY", "revenue": 2711000, "costOfRevenue": 0, "grossProfit": 2711000, "grossProfitRatio": 1, "researchAndDevelopmentExpenses": 0, "generalAndAdministrativeExpenses": 1493000, "sellingAndMarketingExpenses": 0, "sellingGeneralAndAdministrativeExpenses": 1493000, "otherExpenses": 7651000, "operatingExpenses": 9144000, "costAndExpenses": 9144000, "interestIncome": 0, "interestExpense": 0, "depreciationAndAmortization": 1220000, "ebitda": -5213000, "ebitdaratio": -1.9229066765, "operatingIncome": -6433000, "operatingIncomeRatio": -2.3729251199, "totalOtherIncomeExpensesNet": 0, "incomeBeforeTax": 0, "incomeBeforeTaxRatio": 0, "incomeTaxExpense": 0, "netIncome": 0, "netIncomeRatio": 0, "eps": 0, "epsdiluted": 0, "weightedAverageShsOut": 148893360, "weightedAverageShsOutDil": 148893360, "link": "", "finalLink": "", "calculatedOtherExpenses": 7651000, "calculatedOperatingExpenses": 9144000, "calculatedNetInterest": 0, "calculatedOtherIncome": 6433000, "calculatedIncomeNonControlling": 0, "calculatedEbitda": -5213000}]}