{"originalCurrency": "USD", "convertedCurrency": "USD", "report": [{"date": "2023-12-31", "symbol": "ICFI", "reportedCurrency": "USD", "cik": "0001362004", "fillingDate": "2024-02-28", "acceptedDate": "2024-02-28 06:05:32", "calendarYear": "2023", "period": "FY", "revenue": 1963238000, "costOfRevenue": 1325756000, "grossProfit": 637482000, "grossProfitRatio": 0.324709485, "researchAndDevelopmentExpenses": 0, "generalAndAdministrativeExpenses": -8600000, "sellingAndMarketingExpenses": 505162000, "sellingGeneralAndAdministrativeExpenses": 496562000, "otherExpenses": 3908000, "operatingExpenses": 496562000, "costAndExpenses": 1822318000, "interestIncome": 0, "interestExpense": 32698999, "depreciationAndAmortization": 60738000, "ebitda": 201658000, "ebitdaratio": 0.1027170419, "operatingIncome": 140920000, "operatingIncomeRatio": 0.0717793767, "totalOtherIncomeExpensesNet": -44373000, "incomeBeforeTax": 96547000, "incomeBeforeTaxRatio": 0.0491774303, "incomeTaxExpense": 13935000, "netIncome": 82612000, "netIncomeRatio": 0.0420794626, "eps": 4.39, "epsdiluted": 4.35, "weightedAverageShsOut": 18802000, "weightedAverageShsOutDil": 18994000, "link": "https://www.sec.gov/Archives/edgar/data/1362004/000095017024021617/0000950170-24-021617-index.htm", "finalLink": "https://www.sec.gov/Archives/edgar/data/1362004/000095017024021617/icfi-20231231.htm", "calculatedOtherExpenses": 0, "calculatedOperatingExpenses": 496562000, "calculatedNetInterest": -32698999, "calculatedOtherIncome": -11674001, "calculatedIncomeNonControlling": 0, "calculatedEbitda": 201658000}, {"date": "2022-12-31", "symbol": "ICFI", "reportedCurrency": "USD", "cik": "0001362004", "fillingDate": "2023-03-01", "acceptedDate": "2023-03-01 06:03:29", "calendarYear": "2022", "period": "FY", "revenue": 1779964000, "costOfRevenue": 1134422000, "grossProfit": 645542000, "grossProfitRatio": 0.3626713799, "researchAndDevelopmentExpenses": 0, "generalAndAdministrativeExpenses": 0, "sellingAndMarketingExpenses": 486863000, "sellingGeneralAndAdministrativeExpenses": 486863000, "otherExpenses": 49917000, "operatingExpenses": 536780000, "costAndExpenses": 1671202000, "interestIncome": 23281000, "interestExpense": 23281000, "depreciationAndAmortization": 48416000, "ebitda": 157178000, "ebitdaratio": 0.0883040331, "operatingIncome": 108762000, "operatingIncomeRatio": 0.061103483, "totalOtherIncomeExpensesNet": -24782000, "incomeBeforeTax": 83980000, "incomeBeforeTaxRatio": 0.0471807295, "incomeTaxExpense": 19737000, "netIncome": 64243000, "netIncomeRatio": 0.036092303, "eps": 3.41, "epsdiluted": 3.38, "weightedAverageShsOut": 18818000, "weightedAverageShsOutDil": 19033000, "link": "https://www.sec.gov/Archives/edgar/data/1362004/000095017023005304/0000950170-23-005304-index.htm", "finalLink": "https://www.sec.gov/Archives/edgar/data/1362004/000095017023005304/icfi-20221231.htm", "calculatedOtherExpenses": 49917000, "calculatedOperatingExpenses": 536780000, "calculatedNetInterest": 0, "calculatedOtherIncome": -24782000, "calculatedIncomeNonControlling": 0, "calculatedEbitda": 157178000}, {"date": "2021-12-31", "symbol": "ICFI", "reportedCurrency": "USD", "cik": "0001362004", "fillingDate": "2022-02-25", "acceptedDate": "2022-02-25 06:03:47", "calendarYear": "2021", "period": "FY", "revenue": 1553048000, "costOfRevenue": 979570000, "grossProfit": 573478000, "grossProfitRatio": 0.3692596752, "researchAndDevelopmentExpenses": 0, "generalAndAdministrativeExpenses": 0, "sellingAndMarketingExpenses": 430572000, "sellingGeneralAndAdministrativeExpenses": 430572000, "otherExpenses": 31970000, "operatingExpenses": 462542000, "costAndExpenses": 1442112000, "interestIncome": 9984000, "interestExpense": 10252000, "depreciationAndAmortization": 31376000, "ebitda": 142312000, "ebitdaratio": 0.0916339997, "operatingIncome": 110936000, "operatingIncomeRatio": 0.071431147, "totalOtherIncomeExpensesNet": -10846000, "incomeBeforeTax": 100090000, "incomeBeforeTaxRatio": 0.0644474607, "incomeTaxExpense": 28958000, "netIncome": 71132000, "netIncomeRatio": 0.0458015464, "eps": 3.77, "epsdiluted": 3.72, "weightedAverageShsOut": 18868000, "weightedAverageShsOutDil": 19124000, "link": "https://www.sec.gov/Archives/edgar/data/1362004/000156459022006889/0001564590-22-006889-index.htm", "finalLink": "https://www.sec.gov/Archives/edgar/data/1362004/000156459022006889/icfi-10k_20211231.htm", "calculatedOtherExpenses": 31970000, "calculatedOperatingExpenses": 462542000, "calculatedNetInterest": -268000, "calculatedOtherIncome": -10578000, "calculatedIncomeNonControlling": 0, "calculatedEbitda": 142312000}, {"date": "2020-12-31", "symbol": "ICFI", "reportedCurrency": "USD", "cik": "0001362004", "fillingDate": "2021-02-26", "acceptedDate": "2021-02-26 06:04:06", "calendarYear": "2020", "period": "FY", "revenue": 1506875000, "costOfRevenue": 972406000, "grossProfit": 534469000, "grossProfitRatio": 0.3546870178, "researchAndDevelopmentExpenses": 0, "generalAndAdministrativeExpenses": 0, "sellingAndMarketingExpenses": 411612000, "sellingGeneralAndAdministrativeExpenses": 411612000, "otherExpenses": 33748000, "operatingExpenses": 445360000, "costAndExpenses": 1417766000, "interestIncome": 13712000, "interestExpense": 13892000, "depreciationAndAmortization": 33204000, "ebitda": 122313000, "ebitdaratio": 0.081169971, "operatingIncome": 89109000, "operatingIncomeRatio": 0.0591349647, "totalOtherIncomeExpensesNet": -14436000, "incomeBeforeTax": 74673000, "incomeBeforeTaxRatio": 0.0495548735, "incomeTaxExpense": 19714000, "netIncome": 54959000, "netIncomeRatio": 0.0364721692, "eps": 2.92, "epsdiluted": 2.87, "weightedAverageShsOut": 18841000, "weightedAverageShsOutDil": 19135000, "link": "https://www.sec.gov/Archives/edgar/data/1362004/000156459021009169/0001564590-21-009169-index.htm", "finalLink": "https://www.sec.gov/Archives/edgar/data/1362004/000156459021009169/icfi-10k_20201231.htm", "calculatedOtherExpenses": 33748000, "calculatedOperatingExpenses": 445360000, "calculatedNetInterest": -180000, "calculatedOtherIncome": -14256000, "calculatedIncomeNonControlling": 0, "calculatedEbitda": 122313000}, {"date": "2019-12-31", "symbol": "ICFI", "reportedCurrency": "USD", "cik": "0001362004", "fillingDate": "2020-02-28", "acceptedDate": "2020-02-28 06:06:36", "calendarYear": "2019", "period": "FY", "revenue": 1478525000, "costOfRevenue": 953187000, "grossProfit": 525338000, "grossProfitRatio": 0.3553122199, "researchAndDevelopmentExpenses": 0, "generalAndAdministrativeExpenses": 0, "sellingAndMarketingExpenses": 395763000, "sellingGeneralAndAdministrativeExpenses": 395763000, "otherExpenses": 28182000, "operatingExpenses": 423945000, "costAndExpenses": 1377132000, "interestIncome": 10719000, "interestExpense": 10719000, "depreciationAndAmortization": 27681000, "ebitda": 129074000, "ebitdaratio": 0.0872991664, "operatingIncome": 101393000, "operatingIncomeRatio": 0.0685771292, "totalOtherIncomeExpensesNet": -11220000, "incomeBeforeTax": 90173000, "incomeBeforeTaxRatio": 0.0609884851, "incomeTaxExpense": 21235000, "netIncome": 68938000, "netIncomeRatio": 0.0466261984, "eps": 3.66, "epsdiluted": 3.59, "weightedAverageShsOut": 18816000, "weightedAverageShsOutDil": 19224000, "link": "https://www.sec.gov/Archives/edgar/data/1362004/000156459020007616/0001564590-20-007616-index.htm", "finalLink": "https://www.sec.gov/Archives/edgar/data/1362004/000156459020007616/icfi-10k_20191231.htm", "calculatedOtherExpenses": 28182000, "calculatedOperatingExpenses": 423945000, "calculatedNetInterest": 0, "calculatedOtherIncome": -11220000, "calculatedIncomeNonControlling": 0, "calculatedEbitda": 129074000}, {"date": "2018-12-31", "symbol": "ICFI", "reportedCurrency": "USD", "cik": "0001362004", "fillingDate": "2019-02-27", "acceptedDate": "2019-02-27 06:02:32", "calendarYear": "2018", "period": "FY", "revenue": 1337973000, "costOfRevenue": 857508000, "grossProfit": 480465000, "grossProfitRatio": 0.3590991746, "researchAndDevelopmentExpenses": 0, "generalAndAdministrativeExpenses": 0, "sellingAndMarketingExpenses": 360987000, "sellingGeneralAndAdministrativeExpenses": 360987000, "otherExpenses": -735000, "operatingExpenses": 388193000, "costAndExpenses": 1245701000, "interestIncome": 0, "interestExpense": 8710000, "depreciationAndAmortization": 27206000, "ebitda": 118743000, "ebitdaratio": 0.0887484277, "operatingIncome": 92272000, "operatingIncomeRatio": 0.0689640224, "totalOtherIncomeExpensesNet": -735000, "incomeBeforeTax": 82827000, "incomeBeforeTaxRatio": 0.0619048366, "incomeTaxExpense": 21427000, "netIncome": 61400000, "netIncomeRatio": 0.0458903132, "eps": 3.27, "epsdiluted": 3.18, "weightedAverageShsOut": 18797000, "weightedAverageShsOutDil": 19335000, "link": "https://www.sec.gov/Archives/edgar/data/1362004/000156459019004641/0001564590-19-004641-index.htm", "finalLink": "https://www.sec.gov/Archives/edgar/data/1362004/000156459019004641/icfi-10k_20181231.htm", "calculatedOtherExpenses": 27206000, "calculatedOperatingExpenses": 388193000, "calculatedNetInterest": -8710000, "calculatedOtherIncome": -735000, "calculatedIncomeNonControlling": 0, "calculatedEbitda": 119478000}, {"date": "2017-12-31", "symbol": "ICFI", "reportedCurrency": "USD", "cik": "0001362004", "fillingDate": "2018-02-28", "acceptedDate": "2018-02-28 06:05:10", "calendarYear": "2017", "period": "FY", "revenue": 1229162000, "costOfRevenue": 771725000, "grossProfit": 457437000, "grossProfitRatio": 0.3721535485, "researchAndDevelopmentExpenses": 0, "generalAndAdministrativeExpenses": 0, "sellingAndMarketingExpenses": 346440000, "sellingGeneralAndAdministrativeExpenses": 346440000, "otherExpenses": 121000, "operatingExpenses": 375019000, "costAndExpenses": 1146744000, "interestIncome": 0, "interestExpense": 8553000, "depreciationAndAmortization": 28579000, "ebitda": 111118000, "ebitdaratio": 0.090401428, "operatingIncome": 82418000, "operatingIncomeRatio": 0.0670521868, "totalOtherIncomeExpensesNet": 121000, "incomeBeforeTax": 73986000, "incomeBeforeTaxRatio": 0.0601922285, "incomeTaxExpense": 11110000, "netIncome": 62876000, "netIncomeRatio": 0.0511535501, "eps": 3.35, "epsdiluted": 3.27, "weightedAverageShsOut": 18766000, "weightedAverageShsOutDil": 19244000, "link": "https://www.sec.gov/Archives/edgar/data/1362004/000156459018003648/0001564590-18-003648-index.htm", "finalLink": "https://www.sec.gov/Archives/edgar/data/1362004/000156459018003648/icfi-10k_20171231.htm", "calculatedOtherExpenses": 28579000, "calculatedOperatingExpenses": 375019000, "calculatedNetInterest": -8553000, "calculatedOtherIncome": 121000, "calculatedIncomeNonControlling": 0, "calculatedEbitda": 110997000}, {"date": "2016-12-31", "symbol": "ICFI", "reportedCurrency": "USD", "cik": "0001362004", "fillingDate": "2017-02-28", "acceptedDate": "2017-02-28 06:10:22", "calendarYear": "2016", "period": "FY", "revenue": 1185097000, "costOfRevenue": 745137000, "grossProfit": 439960000, "grossProfitRatio": 0.3712438729, "researchAndDevelopmentExpenses": 0, "generalAndAdministrativeExpenses": 0, "sellingAndMarketingExpenses": 328048000, "sellingGeneralAndAdministrativeExpenses": 328048000, "otherExpenses": 1184000, "operatingExpenses": 357167000, "costAndExpenses": 1102304000, "interestIncome": 0, "interestExpense": 9470000, "depreciationAndAmortization": 29119000, "ebitda": 113096000, "ebitdaratio": 0.0954318507, "operatingIncome": 82793000, "operatingIncomeRatio": 0.0698617919, "totalOtherIncomeExpensesNet": 1184000, "incomeBeforeTax": 74507000, "incomeBeforeTaxRatio": 0.0628699592, "incomeTaxExpense": 27923000, "netIncome": 46584000, "netIncomeRatio": 0.0393081748, "eps": 2.45, "epsdiluted": 2.4, "weightedAverageShsOut": 18989000, "weightedAverageShsOutDil": 19416000, "link": "https://www.sec.gov/Archives/edgar/data/1362004/000143774917003385/0001437749-17-003385-index.htm", "finalLink": "https://www.sec.gov/Archives/edgar/data/1362004/000143774917003385/icfi20161231_10k.htm", "calculatedOtherExpenses": 29119000, "calculatedOperatingExpenses": 357167000, "calculatedNetInterest": -9470000, "calculatedOtherIncome": 1184000, "calculatedIncomeNonControlling": 0, "calculatedEbitda": 111912000}, {"date": "2015-12-31", "symbol": "ICFI", "reportedCurrency": "USD", "cik": "0001362004", "fillingDate": "2016-03-08", "acceptedDate": "2016-03-08 16:06:11", "calendarYear": "2015", "period": "FY", "revenue": 1132232000, "costOfRevenue": 694436000, "grossProfit": 437796000, "grossProfitRatio": 0.3866663369, "researchAndDevelopmentExpenses": 0, "generalAndAdministrativeExpenses": 0, "sellingAndMarketingExpenses": 329159000, "sellingGeneralAndAdministrativeExpenses": 329159000, "otherExpenses": -1559000, "operatingExpenses": 362565000, "costAndExpenses": 1057001000, "interestIncome": 0, "interestExpense": 10072000, "depreciationAndAmortization": 33406000, "ebitda": 107078000, "ebitdaratio": 0.0945724904, "operatingIncome": 75231000, "operatingIncomeRatio": 0.0664448629, "totalOtherIncomeExpensesNet": -1559000, "incomeBeforeTax": 63600000, "incomeBeforeTaxRatio": 0.0561722333, "incomeTaxExpense": 24231000, "netIncome": 39369000, "netIncomeRatio": 0.0347711423, "eps": 2.04, "epsdiluted": 2, "weightedAverageShsOut": 19335000, "weightedAverageShsOutDil": 19663000, "link": "https://www.sec.gov/Archives/edgar/data/1362004/000143774916027070/0001437749-16-027070-index.htm", "finalLink": "https://www.sec.gov/Archives/edgar/data/1362004/000143774916027070/icfi20151231_10k.htm", "calculatedOtherExpenses": 33406000, "calculatedOperatingExpenses": 362565000, "calculatedNetInterest": -10072000, "calculatedOtherIncome": -1559000, "calculatedIncomeNonControlling": 0, "calculatedEbitda": 108637000}, {"date": "2014-12-31", "symbol": "ICFI", "reportedCurrency": "USD", "cik": "0001362004", "fillingDate": "2015-02-27", "acceptedDate": "2015-02-27 16:53:08", "calendarYear": "2014", "period": "FY", "revenue": 1050134000, "costOfRevenue": 654946000, "grossProfit": 395188000, "grossProfitRatio": 0.376321498, "researchAndDevelopmentExpenses": 0, "generalAndAdministrativeExpenses": 0, "sellingAndMarketingExpenses": 302020000, "sellingGeneralAndAdministrativeExpenses": 302020000, "otherExpenses": -958000, "operatingExpenses": 325826000, "costAndExpenses": 980772000, "interestIncome": 0, "interestExpense": 4254000, "depreciationAndAmortization": 23806000, "ebitda": 92210000, "ebitdaratio": 0.0878078417, "operatingIncome": 69362000, "operatingIncomeRatio": 0.0660506183, "totalOtherIncomeExpensesNet": -958000, "incomeBeforeTax": 64150000, "incomeBeforeTaxRatio": 0.0610874422, "incomeTaxExpense": 24120000, "netIncome": 40030000, "netIncomeRatio": 0.0381189448, "eps": 2.04, "epsdiluted": 2, "weightedAverageShsOut": 19608000, "weightedAverageShsOutDil": 19997000, "link": "https://www.sec.gov/Archives/edgar/data/1362004/000143774915003683/0001437749-15-003683-index.htm", "finalLink": "https://www.sec.gov/Archives/edgar/data/1362004/000143774915003683/ifci20141231_10k.htm", "calculatedOtherExpenses": 23806000, "calculatedOperatingExpenses": 325826000, "calculatedNetInterest": -4254000, "calculatedOtherIncome": -958000, "calculatedIncomeNonControlling": 0, "calculatedEbitda": 93168000}, {"date": "2013-12-31", "symbol": "ICFI", "reportedCurrency": "USD", "cik": "0001362004", "fillingDate": "2014-02-28", "acceptedDate": "2014-02-28 16:07:57", "calendarYear": "2013", "period": "FY", "revenue": 949303000, "costOfRevenue": 591516000, "grossProfit": 357787000, "grossProfitRatio": 0.3768944162, "researchAndDevelopmentExpenses": 0, "generalAndAdministrativeExpenses": 0, "sellingAndMarketingExpenses": 272387000, "sellingGeneralAndAdministrativeExpenses": 272387000, "otherExpenses": -12000, "operatingExpenses": 293102000, "costAndExpenses": 884618000, "interestIncome": 0, "interestExpense": 2447000, "depreciationAndAmortization": 20715000, "ebitda": 85388000, "ebitdaratio": 0.0899480988, "operatingIncome": 64685000, "operatingIncomeRatio": 0.0681394665, "totalOtherIncomeExpensesNet": -12000, "incomeBeforeTax": 62226000, "incomeBeforeTaxRatio": 0.065549145, "incomeTaxExpense": 22896000, "netIncome": 39330000, "netIncomeRatio": 0.0414303968, "eps": 1.99, "epsdiluted": 1.95, "weightedAverageShsOut": 19755000, "weightedAverageShsOutDil": 20186000, "link": "https://www.sec.gov/Archives/edgar/data/1362004/000143774914003105/0001437749-14-003105-index.htm", "finalLink": "https://www.sec.gov/Archives/edgar/data/1362004/000143774914003105/ifci20131231_10k.htm", "calculatedOtherExpenses": 20715000, "calculatedOperatingExpenses": 293102000, "calculatedNetInterest": -2447000, "calculatedOtherIncome": -12000, "calculatedIncomeNonControlling": 0, "calculatedEbitda": 85400000}, {"date": "2012-12-31", "symbol": "ICFI", "reportedCurrency": "USD", "cik": "0001362004", "fillingDate": "2013-03-01", "acceptedDate": "2013-03-01 06:25:19", "calendarYear": "2012", "period": "FY", "revenue": 937133000, "costOfRevenue": 583195000, "grossProfit": 353938000, "grossProfitRatio": 0.3776817165, "researchAndDevelopmentExpenses": 0, "generalAndAdministrativeExpenses": 0, "sellingAndMarketingExpenses": 263878000, "sellingGeneralAndAdministrativeExpenses": 263878000, "otherExpenses": -325000, "operatingExpenses": 288318000, "costAndExpenses": 871513000, "interestIncome": 0, "interestExpense": 3384000, "depreciationAndAmortization": 24440000, "ebitda": 89735000, "ebitdaratio": 0.0957548182, "operatingIncome": 65620000, "operatingIncomeRatio": 0.070022078, "totalOtherIncomeExpensesNet": -325000, "incomeBeforeTax": 61911000, "incomeBeforeTaxRatio": 0.066064262, "incomeTaxExpense": 23836000, "netIncome": 38075000, "netIncomeRatio": 0.0406292383, "eps": 1.94, "epsdiluted": 1.91, "weightedAverageShsOut": 19663000, "weightedAverageShsOutDil": 19957000, "link": "https://www.sec.gov/Archives/edgar/data/1362004/000119312513085861/0001193125-13-085861-index.htm", "finalLink": "https://www.sec.gov/Archives/edgar/data/1362004/000119312513085861/d443791d10k.htm", "calculatedOtherExpenses": 24440000, "calculatedOperatingExpenses": 288318000, "calculatedNetInterest": -3384000, "calculatedOtherIncome": -325000, "calculatedIncomeNonControlling": 0, "calculatedEbitda": 90060000}, {"date": "2011-12-31", "symbol": "ICFI", "reportedCurrency": "USD", "cik": "0001362004", "fillingDate": "2012-03-02", "acceptedDate": "2012-03-02 16:16:56", "calendarYear": "2011", "period": "FY", "revenue": 840775000, "costOfRevenue": 520522000, "grossProfit": 320253000, "grossProfitRatio": 0.3809021439, "researchAndDevelopmentExpenses": 0, "generalAndAdministrativeExpenses": 241062000, "sellingAndMarketingExpenses": 241062000, "sellingGeneralAndAdministrativeExpenses": 241062000, "otherExpenses": 20307000, "operatingExpenses": 261369000, "costAndExpenses": 781891000, "interestIncome": 0, "interestExpense": 2248000, "depreciationAndAmortization": 20307000, "ebitda": 79191000, "ebitdaratio": 0.0941881003, "operatingIncome": 58884000, "operatingIncomeRatio": 0.070035384, "totalOtherIncomeExpensesNet": 124000, "incomeBeforeTax": 56760000, "incomeBeforeTaxRatio": 0.0675091433, "incomeTaxExpense": 21895000, "netIncome": 34865000, "netIncomeRatio": 0.0414676935, "eps": 1.77, "epsdiluted": 1.75, "weightedAverageShsOut": 19684000, "weightedAverageShsOutDil": 19928000, "link": "https://www.sec.gov/Archives/edgar/data/1362004/000119312512094488/0001193125-12-094488-index.htm", "finalLink": "https://www.sec.gov/Archives/edgar/data/1362004/000119312512094488/d266827d10k.htm", "calculatedOtherExpenses": 20307000, "calculatedOperatingExpenses": 261369000, "calculatedNetInterest": -2248000, "calculatedOtherIncome": 124000, "calculatedIncomeNonControlling": 0, "calculatedEbitda": 79191000}, {"date": "2010-12-31", "symbol": "ICFI", "reportedCurrency": "USD", "cik": "0001362004", "fillingDate": "2011-03-04", "acceptedDate": "2011-03-04 16:05:32", "calendarYear": "2010", "period": "FY", "revenue": 764734000, "costOfRevenue": 476187000, "grossProfit": 288547000, "grossProfitRatio": 0.3773168187, "researchAndDevelopmentExpenses": 0, "generalAndAdministrativeExpenses": 218533000, "sellingAndMarketingExpenses": 218533000, "sellingGeneralAndAdministrativeExpenses": 218533000, "otherExpenses": 23101000, "operatingExpenses": 241634000, "costAndExpenses": 717821000, "interestIncome": 0, "interestExpense": 3403000, "depreciationAndAmortization": 23101000, "ebitda": 70014000, "ebitdaratio": 0.0915534029, "operatingIncome": 46913000, "operatingIncomeRatio": 0.0613455136, "totalOtherIncomeExpensesNet": 172000, "incomeBeforeTax": 43682000, "incomeBeforeTaxRatio": 0.0571205151, "incomeTaxExpense": 16511000, "netIncome": 27171000, "netIncomeRatio": 0.0355300013, "eps": 1.4, "epsdiluted": 1.38, "weightedAverageShsOut": 19375000, "weightedAverageShsOutDil": 19626000, "link": "https://www.sec.gov/Archives/edgar/data/1362004/000119312511056232/0001193125-11-056232-index.htm", "finalLink": "https://www.sec.gov/Archives/edgar/data/1362004/000119312511056232/d10k.htm", "calculatedOtherExpenses": 23101000, "calculatedOperatingExpenses": 241634000, "calculatedNetInterest": -3403000, "calculatedOtherIncome": 172000, "calculatedIncomeNonControlling": 0, "calculatedEbitda": 70014000}, {"date": "2009-12-31", "symbol": "ICFI", "reportedCurrency": "USD", "cik": "0001362004", "fillingDate": "2010-03-11", "acceptedDate": "2010-03-11 17:14:25", "calendarYear": "2009", "period": "FY", "revenue": 674399000, "costOfRevenue": 411334000, "grossProfit": 263065000, "grossProfitRatio": 0.3900732356, "researchAndDevelopmentExpenses": 0, "generalAndAdministrativeExpenses": 203428000, "sellingAndMarketingExpenses": 203428000, "sellingGeneralAndAdministrativeExpenses": 203428000, "otherExpenses": 20553000, "operatingExpenses": 223981000, "costAndExpenses": 635315000, "interestIncome": 0, "interestExpense": 5107000, "depreciationAndAmortization": 20553000, "ebitda": 59637000, "ebitdaratio": 0.0884298464, "operatingIncome": 39084000, "operatingIncomeRatio": 0.0579538226, "totalOtherIncomeExpensesNet": 1005000, "incomeBeforeTax": 34982000, "incomeBeforeTaxRatio": 0.0518713699, "incomeTaxExpense": 12626000, "netIncome": 22356000, "netIncomeRatio": 0.0331495153, "eps": 1.45, "epsdiluted": 1.4, "weightedAverageShsOut": 15433000, "weightedAverageShsOutDil": 15914000, "link": "https://www.sec.gov/Archives/edgar/data/1362004/000119312510053965/0001193125-10-053965-index.htm", "finalLink": "https://www.sec.gov/Archives/edgar/data/1362004/000119312510053965/d10k.htm", "calculatedOtherExpenses": 20553000, "calculatedOperatingExpenses": 223981000, "calculatedNetInterest": -5107000, "calculatedOtherIncome": 1005000, "calculatedIncomeNonControlling": 0, "calculatedEbitda": 59637000}, {"date": "2008-12-31", "symbol": "ICFI", "reportedCurrency": "USD", "cik": "0001362004", "fillingDate": "2009-03-13", "acceptedDate": "2009-03-13 14:35:04", "calendarYear": "2008", "period": "FY", "revenue": 697426000, "costOfRevenue": 460002000, "grossProfit": 237424000, "grossProfitRatio": 0.3404289487, "researchAndDevelopmentExpenses": 0, "generalAndAdministrativeExpenses": 170360000, "sellingAndMarketingExpenses": 170360000, "sellingGeneralAndAdministrativeExpenses": 170360000, "otherExpenses": 14090000, "operatingExpenses": 184450000, "costAndExpenses": 644452000, "interestIncome": 0, "interestExpense": 4082000, "depreciationAndAmortization": 14090000, "ebitda": 66483000, "ebitdaratio": 0.0953262425, "operatingIncome": 52974000, "operatingIncomeRatio": 0.0759564456, "totalOtherIncomeExpensesNet": 581000, "incomeBeforeTax": 49473000, "incomeBeforeTaxRatio": 0.0709365581, "incomeTaxExpense": 20750000, "netIncome": 28723000, "netIncomeRatio": 0.0411842977, "eps": 1.96, "epsdiluted": 1.88, "weightedAverageShsOut": 14641000, "weightedAverageShsOutDil": 15270000, "link": "https://www.sec.gov/Archives/edgar/data/1362004/000119312509053605/0001193125-09-053605-index.htm", "finalLink": "https://www.sec.gov/Archives/edgar/data/1362004/000119312509053605/d10k.htm", "calculatedOtherExpenses": 14090000, "calculatedOperatingExpenses": 184450000, "calculatedNetInterest": -4082000, "calculatedOtherIncome": 581000, "calculatedIncomeNonControlling": 0, "calculatedEbitda": 67064000}, {"date": "2007-12-31", "symbol": "ICFI", "reportedCurrency": "USD", "cik": "0001362004", "fillingDate": "2008-03-17", "acceptedDate": "2008-03-17 16:58:34", "calendarYear": "2007", "period": "FY", "revenue": 727120000, "costOfRevenue": 532153000, "grossProfit": 194967000, "grossProfitRatio": 0.2681359335, "researchAndDevelopmentExpenses": 0, "generalAndAdministrativeExpenses": 118128000, "sellingAndMarketingExpenses": 118128000, "sellingGeneralAndAdministrativeExpenses": 118128000, "otherExpenses": 6316000, "operatingExpenses": 124444000, "costAndExpenses": 656597000, "interestIncome": 0, "interestExpense": 1944000, "depreciationAndAmortization": 6316000, "ebitda": 76320000, "ebitdaratio": 0.104962042, "operatingIncome": 70523000, "operatingIncomeRatio": 0.0969894928, "totalOtherIncomeExpensesNet": 519000, "incomeBeforeTax": 69098000, "incomeBeforeTaxRatio": 0.0950297062, "incomeTaxExpense": 28542000, "netIncome": 40556000, "netIncomeRatio": 0.055776213, "eps": 2.87, "epsdiluted": 2.72, "weightedAverageShsOut": 14152000, "weightedAverageShsOutDil": 14896000, "link": "https://www.sec.gov/Archives/edgar/data/1362004/000119312508058961/0001193125-08-058961-index.htm", "finalLink": "https://www.sec.gov/Archives/edgar/data/1362004/000119312508058961/d10k.htm", "calculatedOtherExpenses": 6316000, "calculatedOperatingExpenses": 124444000, "calculatedNetInterest": -1944000, "calculatedOtherIncome": 519000, "calculatedIncomeNonControlling": 0, "calculatedEbitda": 76839000}, {"date": "2006-12-31", "symbol": "ICFI", "reportedCurrency": "USD", "cik": "0001362004", "fillingDate": "2007-03-30", "acceptedDate": "2007-03-30 17:23:29", "calendarYear": "2006", "period": "FY", "revenue": 331279000, "costOfRevenue": 217747000, "grossProfit": 113532000, "grossProfitRatio": 0.3427081101, "researchAndDevelopmentExpenses": 0, "generalAndAdministrativeExpenses": 87056000, "sellingAndMarketingExpenses": 87056000, "sellingGeneralAndAdministrativeExpenses": 87056000, "otherExpenses": 3536000, "operatingExpenses": 90592000, "costAndExpenses": 308339000, "interestIncome": 0, "interestExpense": 3509000, "depreciationAndAmortization": 3536000, "ebitda": 25830000, "ebitdaratio": 0.0779705324, "operatingIncome": 22940000, "operatingIncomeRatio": 0.0692467678, "totalOtherIncomeExpensesNet": 646000, "incomeBeforeTax": 20077000, "incomeBeforeTaxRatio": 0.0606045056, "incomeTaxExpense": 8210000, "netIncome": 11867000, "netIncomeRatio": 0.0358217696, "eps": 1.15, "epsdiluted": 1.1, "weightedAverageShsOut": 10321000, "weightedAverageShsOutDil": 10796000, "link": "https://www.sec.gov/Archives/edgar/data/1362004/000119312507070784/0001193125-07-070784-index.htm", "finalLink": "https://www.sec.gov/Archives/edgar/data/1362004/000119312507070784/d10k.htm", "calculatedOtherExpenses": 3536000, "calculatedOperatingExpenses": 90592000, "calculatedNetInterest": -3509000, "calculatedOtherIncome": 646000, "calculatedIncomeNonControlling": 0, "calculatedEbitda": 26476000}, {"date": "2005-12-31", "symbol": "ICFI", "reportedCurrency": "USD", "cik": "0001362004", "fillingDate": "2005-12-31", "acceptedDate": "2005-12-30 19:00:00", "calendarYear": "2005", "period": "FY", "revenue": 177218000, "costOfRevenue": 106078000, "grossProfit": 71140000, "grossProfitRatio": 0.4014264917, "researchAndDevelopmentExpenses": 0, "generalAndAdministrativeExpenses": 0, "sellingAndMarketingExpenses": 0, "sellingGeneralAndAdministrativeExpenses": 60039000, "otherExpenses": 5541000, "operatingExpenses": 65580000, "costAndExpenses": 171658000, "interestIncome": 0, "interestExpense": 2981000, "depreciationAndAmortization": 5541000, "ebitda": 9793000, "ebitdaratio": 0.0552596237, "operatingIncome": 5560000, "operatingIncomeRatio": 0.0313737882, "totalOtherIncomeExpensesNet": 1308000, "incomeBeforeTax": 3887000, "incomeBeforeTaxRatio": 0.0219334379, "incomeTaxExpense": 1865000, "netIncome": 2022000, "netIncomeRatio": 0.0114096762, "eps": 0.22, "epsdiluted": 0.21, "weightedAverageShsOut": 9185000, "weightedAverageShsOutDil": 9737000, "link": "", "finalLink": "", "calculatedOtherExpenses": 5541000, "calculatedOperatingExpenses": 65580000, "calculatedNetInterest": -2981000, "calculatedOtherIncome": 1308000, "calculatedIncomeNonControlling": 0, "calculatedEbitda": 11101000}, {"date": "2004-12-31", "symbol": "ICFI", "reportedCurrency": "USD", "cik": "0001362004", "fillingDate": "2004-12-31", "acceptedDate": "2004-12-30 19:00:00", "calendarYear": "2004", "period": "FY", "revenue": 139488000, "costOfRevenue": 83638000, "grossProfit": 55850000, "grossProfitRatio": 0.4003928653, "researchAndDevelopmentExpenses": 0, "generalAndAdministrativeExpenses": 0, "sellingAndMarketingExpenses": 0, "sellingGeneralAndAdministrativeExpenses": 46097000, "otherExpenses": 3155000, "operatingExpenses": 49252000, "costAndExpenses": 132890000, "interestIncome": 0, "interestExpense": 1266000, "depreciationAndAmortization": 3155000, "ebitda": 9786000, "ebitdaratio": 0.0701565726, "operatingIncome": 6598000, "operatingIncomeRatio": 0.04730156, "totalOtherIncomeExpensesNet": -33000, "incomeBeforeTax": 5299000, "incomeBeforeTaxRatio": 0.0379889309, "incomeTaxExpense": 2466000, "netIncome": 3017000, "netIncomeRatio": 0.0216291007, "eps": 0.33, "epsdiluted": 0.32, "weightedAverageShsOut": 9080000, "weightedAverageShsOutDil": 9398000, "link": "", "finalLink": "", "calculatedOtherExpenses": 3155000, "calculatedOperatingExpenses": 49252000, "calculatedNetInterest": -1266000, "calculatedOtherIncome": -33000, "calculatedIncomeNonControlling": -184000, "calculatedEbitda": 9753000}, {"date": "2003-12-31", "symbol": "ICFI", "reportedCurrency": "USD", "cik": "0001362004", "fillingDate": "2003-12-31", "acceptedDate": "2003-12-30 19:00:00", "calendarYear": "2003", "period": "FY", "revenue": 145803000, "costOfRevenue": 0, "grossProfit": 145803000, "grossProfitRatio": 1, "researchAndDevelopmentExpenses": 0, "generalAndAdministrativeExpenses": 0, "sellingAndMarketingExpenses": 0, "sellingGeneralAndAdministrativeExpenses": 0, "otherExpenses": 0, "operatingExpenses": 0, "costAndExpenses": 0, "interestIncome": 0, "interestExpense": 0, "depreciationAndAmortization": 0, "ebitda": 145803000, "ebitdaratio": 1, "operatingIncome": 145803000, "operatingIncomeRatio": 1, "totalOtherIncomeExpensesNet": 0, "incomeBeforeTax": 0, "incomeBeforeTaxRatio": 0, "incomeTaxExpense": -2372000, "netIncome": 2372000, "netIncomeRatio": 0.0162685267, "eps": 0.26, "epsdiluted": 0.26, "weightedAverageShsOut": 9123077, "weightedAverageShsOutDil": 9123077, "link": "", "finalLink": "", "calculatedOtherExpenses": 0, "calculatedOperatingExpenses": 0, "calculatedNetInterest": 0, "calculatedOtherIncome": -145803000, "calculatedIncomeNonControlling": 0, "calculatedEbitda": 145803000}, {"date": "2002-12-31", "symbol": "ICFI", "reportedCurrency": "USD", "cik": "0001362004", "fillingDate": "2002-12-31", "acceptedDate": "2002-12-30 19:00:00", "calendarYear": "2002", "period": "FY", "revenue": 143496000, "costOfRevenue": 87345000, "grossProfit": 56151000, "grossProfitRatio": 0.3913070748, "researchAndDevelopmentExpenses": 0, "generalAndAdministrativeExpenses": 0, "sellingAndMarketingExpenses": 0, "sellingGeneralAndAdministrativeExpenses": 0, "otherExpenses": 50820000, "operatingExpenses": 50820000, "costAndExpenses": 138165000, "interestIncome": 0, "interestExpense": 3003000, "depreciationAndAmortization": 3664000, "ebitda": 8932000, "ebitdaratio": 0.0622456375, "operatingIncome": 5331000, "operatingIncomeRatio": 0.0371508613, "totalOtherIncomeExpensesNet": 63000, "incomeBeforeTax": 2391000, "incomeBeforeTaxRatio": 0.0166624854, "incomeTaxExpense": 1099000, "netIncome": 789000, "netIncomeRatio": 0.0054984111, "eps": 0.1, "epsdiluted": 0.09, "weightedAverageShsOut": 8266000, "weightedAverageShsOutDil": 8385000, "link": "", "finalLink": "", "calculatedOtherExpenses": 50820000, "calculatedOperatingExpenses": 50820000, "calculatedNetInterest": -3003000, "calculatedOtherIncome": 63000, "calculatedIncomeNonControlling": 503000, "calculatedEbitda": 8995000}, {"date": "2001-12-31", "symbol": "ICFI", "reportedCurrency": "USD", "cik": "0001362004", "fillingDate": "2001-12-31", "acceptedDate": "2001-12-30 19:00:00", "calendarYear": "2001", "period": "FY", "revenue": 111733000, "costOfRevenue": 62258000, "grossProfit": 49475000, "grossProfitRatio": 0.4427966671, "researchAndDevelopmentExpenses": 0, "generalAndAdministrativeExpenses": 0, "sellingAndMarketingExpenses": 0, "sellingGeneralAndAdministrativeExpenses": 0, "otherExpenses": 46264000, "operatingExpenses": 46264000, "costAndExpenses": 108522000, "interestIncome": 0, "interestExpense": 0, "depreciationAndAmortization": 0, "ebitda": 3211000, "ebitdaratio": 0.0287381526, "operatingIncome": 3211000, "operatingIncomeRatio": 0.0287381526, "totalOtherIncomeExpensesNet": -3688000, "incomeBeforeTax": -477000, "incomeBeforeTaxRatio": -0.0042691058, "incomeTaxExpense": -716000, "netIncome": -848000, "netIncomeRatio": -0.0075895214, "eps": -0.12, "epsdiluted": -0.12, "weightedAverageShsOut": 6980000, "weightedAverageShsOutDil": 6980000, "link": "", "finalLink": "", "calculatedOtherExpenses": 46264000, "calculatedOperatingExpenses": 46264000, "calculatedNetInterest": 0, "calculatedOtherIncome": -3688000, "calculatedIncomeNonControlling": 1087000, "calculatedEbitda": 3211000}]}