{"originalCurrency": "USD", "convertedCurrency": "USD", "report": [{"date": "2023-12-31", "symbol": "IDA", "reportedCurrency": "USD", "cik": "0001057877", "fillingDate": "2024-02-15", "acceptedDate": "2024-02-15 08:02:11", "calendarYear": "2023", "period": "FY", "revenue": 1766356000, "costOfRevenue": 1449515000, "grossProfit": 316841000, "grossProfitRatio": 0.1793755053, "researchAndDevelopmentExpenses": 0, "generalAndAdministrativeExpenses": 6513000, "sellingAndMarketingExpenses": 0, "sellingGeneralAndAdministrativeExpenses": 6513000, "otherExpenses": 19385000, "operatingExpenses": 9877000, "costAndExpenses": 1459392000, "interestIncome": 15266000, "interestExpense": 116457000, "depreciationAndAmortization": 199908000, "ebitda": 553949000, "ebitdaratio": 0.313611186, "operatingIncome": 313477000, "operatingIncomeRatio": 0.1774710194, "totalOtherIncomeExpensesNet": 83416000, "incomeBeforeTax": 289189000, "incomeBeforeTaxRatio": 0.1637206769, "incomeTaxExpense": 27296000, "netIncome": 261195000, "netIncomeRatio": 0.1478722296, "eps": 5.15, "epsdiluted": 5.14, "weightedAverageShsOut": 50717000, "weightedAverageShsOutDil": 50806000, "link": "https://www.sec.gov/Archives/edgar/data/1057877/000105787724000005/0001057877-24-000005-index.htm", "finalLink": "https://www.sec.gov/Archives/edgar/data/49648/000105787724000005/ida-20231231.htm", "calculatedOtherExpenses": -3149000, "calculatedOperatingExpenses": 3364000, "calculatedNetInterest": -101191000, "calculatedOtherIncome": 76903000, "calculatedIncomeNonControlling": 698000, "calculatedEbitda": 513385000}, {"date": "2022-12-31", "symbol": "IDA", "reportedCurrency": "USD", "cik": "0001057877", "fillingDate": "2023-02-16", "acceptedDate": "2023-02-16 08:08:41", "calendarYear": "2022", "period": "FY", "revenue": 1643981000, "costOfRevenue": 1313870000, "grossProfit": 330111000, "grossProfitRatio": 0.2007997659, "researchAndDevelopmentExpenses": 0, "generalAndAdministrativeExpenses": 9196000, "sellingAndMarketingExpenses": 0, "sellingGeneralAndAdministrativeExpenses": 9196000, "otherExpenses": 2933000, "operatingExpenses": 12129000, "costAndExpenses": 1325999000, "interestIncome": 5952000, "interestExpense": 89375000, "depreciationAndAmortization": 182812000, "ebitda": 509990000, "ebitdaratio": 0.3102164806, "operatingIncome": 327178000, "operatingIncomeRatio": 0.1990156821, "totalOtherIncomeExpensesNet": -29774000, "incomeBeforeTax": 297404000, "incomeBeforeTaxRatio": 0.1809047671, "incomeTaxExpense": 37844000, "netIncome": 258982000, "netIncomeRatio": 0.1575334508, "eps": 5.11, "epsdiluted": 5.11, "weightedAverageShsOut": 50658000, "weightedAverageShsOutDil": 50699000, "link": "https://www.sec.gov/Archives/edgar/data/1057877/000105787723000007/0001057877-23-000007-index.htm", "finalLink": "https://www.sec.gov/Archives/edgar/data/49648/000105787723000007/ida-20221231.htm", "calculatedOtherExpenses": -6263000, "calculatedOperatingExpenses": 2933000, "calculatedNetInterest": -83423000, "calculatedOtherIncome": 53649000, "calculatedIncomeNonControlling": 578000, "calculatedEbitda": 509990000}, {"date": "2021-12-31", "symbol": "IDA", "reportedCurrency": "USD", "cik": "0001057877", "fillingDate": "2022-02-17", "acceptedDate": "2022-02-17 08:02:17", "calendarYear": "2021", "period": "FY", "revenue": 1458084000, "costOfRevenue": 1125842000, "grossProfit": 332242000, "grossProfitRatio": 0.2278620436, "researchAndDevelopmentExpenses": 0, "generalAndAdministrativeExpenses": 15249000, "sellingAndMarketingExpenses": 0, "sellingGeneralAndAdministrativeExpenses": 15249000, "otherExpenses": 2591000, "operatingExpenses": 17840000, "costAndExpenses": 1143682000, "interestIncome": 1408000, "interestExpense": 86698000, "depreciationAndAmortization": 181127000, "ebitda": 510778000, "ebitdaratio": 0.350307664, "operatingIncome": 329651000, "operatingIncomeRatio": 0.2260850541, "totalOtherIncomeExpensesNet": -46867000, "incomeBeforeTax": 282784000, "incomeBeforeTaxRatio": 0.1939421871, "incomeTaxExpense": 36912000, "netIncome": 245550000, "netIncomeRatio": 0.1684059355, "eps": 4.85, "epsdiluted": 4.85, "weightedAverageShsOut": 50599000, "weightedAverageShsOutDil": 50645000, "link": "https://www.sec.gov/Archives/edgar/data/1057877/000105787722000014/0001057877-22-000014-index.htm", "finalLink": "https://www.sec.gov/Archives/edgar/data/49648/000105787722000014/ida-20211231.htm", "calculatedOtherExpenses": -12658000, "calculatedOperatingExpenses": 2591000, "calculatedNetInterest": -85290000, "calculatedOtherIncome": 38423000, "calculatedIncomeNonControlling": 322000, "calculatedEbitda": 510778000}, {"date": "2020-12-31", "symbol": "IDA", "reportedCurrency": "USD", "cik": "0001057877", "fillingDate": "2021-02-18", "acceptedDate": "2021-02-18 08:05:34", "calendarYear": "2020", "period": "FY", "revenue": 1350729000, "costOfRevenue": 1038560000, "grossProfit": 312169000, "grossProfitRatio": 0.2311114961, "researchAndDevelopmentExpenses": 0, "generalAndAdministrativeExpenses": 11865000, "sellingAndMarketingExpenses": 0, "sellingGeneralAndAdministrativeExpenses": 11865000, "otherExpenses": 2648000, "operatingExpenses": 14513000, "costAndExpenses": 1053073000, "interestIncome": 3813000, "interestExpense": 87426000, "depreciationAndAmortization": 183114000, "ebitda": 492635000, "ebitdaratio": 0.3647178672, "operatingIncome": 309521000, "operatingIncomeRatio": 0.2291510732, "totalOtherIncomeExpensesNet": -42853000, "incomeBeforeTax": 266668000, "incomeBeforeTaxRatio": 0.1974252422, "incomeTaxExpense": 28700000, "netIncome": 237417000, "netIncomeRatio": 0.1757695289, "eps": 4.7, "epsdiluted": 4.69, "weightedAverageShsOut": 50538000, "weightedAverageShsOutDil": 50572000, "link": "https://www.sec.gov/Archives/edgar/data/1057877/000105787721000036/0001057877-21-000036-index.htm", "finalLink": "https://www.sec.gov/Archives/edgar/data/49648/000105787721000036/ida-20201231.htm", "calculatedOtherExpenses": -9217000, "calculatedOperatingExpenses": 2648000, "calculatedNetInterest": -83613000, "calculatedOtherIncome": 40760000, "calculatedIncomeNonControlling": 551000, "calculatedEbitda": 492635000}, {"date": "2019-12-31", "symbol": "IDA", "reportedCurrency": "USD", "cik": "0001057877", "fillingDate": "2020-02-20", "acceptedDate": "2020-02-20 08:16:47", "calendarYear": "2019", "period": "FY", "revenue": 1346383000, "costOfRevenue": 1009293000, "grossProfit": 337090000, "grossProfitRatio": 0.2503670947, "researchAndDevelopmentExpenses": 0, "generalAndAdministrativeExpenses": 10976000, "sellingAndMarketingExpenses": 0, "sellingGeneralAndAdministrativeExpenses": 10976000, "otherExpenses": 38764000, "operatingExpenses": 49740000, "costAndExpenses": 1059033000, "interestIncome": 8180999, "interestExpense": 86475000, "depreciationAndAmortization": 180387000, "ebitda": 478713000, "ebitdaratio": 0.3555548458, "operatingIncome": 298326000, "operatingIncomeRatio": 0.2215758815, "totalOtherIncomeExpensesNet": -40491000, "incomeBeforeTax": 257835000, "incomeBeforeTaxRatio": 0.1915019723, "incomeTaxExpense": 24507000, "netIncome": 232854000, "netIncomeRatio": 0.1729478165, "eps": 4.61, "epsdiluted": 4.61, "weightedAverageShsOut": 50502000, "weightedAverageShsOutDil": 50537000, "link": "https://www.sec.gov/Archives/edgar/data/1057877/000105787720000040/0001057877-20-000040-index.htm", "finalLink": "https://www.sec.gov/Archives/edgar/data/49648/000105787720000040/ida12311910k.htm", "calculatedOtherExpenses": 27788000, "calculatedOperatingExpenses": 38764000, "calculatedNetInterest": -78294001, "calculatedOtherIncome": 37803001, "calculatedIncomeNonControlling": 474000, "calculatedEbitda": 478713000}, {"date": "2018-12-31", "symbol": "IDA", "reportedCurrency": "USD", "cik": "0001057877", "fillingDate": "2019-02-21", "acceptedDate": "2019-02-21 08:08:15", "calendarYear": "2018", "period": "FY", "revenue": 1370752000, "costOfRevenue": 1034467000, "grossProfit": 336285000, "grossProfitRatio": 0.2453288414, "researchAndDevelopmentExpenses": 0, "generalAndAdministrativeExpenses": 15781000, "sellingAndMarketingExpenses": 0, "sellingGeneralAndAdministrativeExpenses": 15781000, "otherExpenses": 4530000, "operatingExpenses": 55144000, "costAndExpenses": 1089611000, "interestIncome": 0, "interestExpense": 85948000, "depreciationAndAmortization": 169120000, "ebitda": 467240000, "ebitdaratio": 0.3408639929, "operatingIncome": 296922000, "operatingIncomeRatio": 0.2166124872, "totalOtherIncomeExpensesNet": 49716000, "incomeBeforeTax": 244909000, "incomeBeforeTaxRatio": 0.1786676219, "incomeTaxExpense": 17386000, "netIncome": 226801000, "netIncomeRatio": 0.1654573548, "eps": 4.5, "epsdiluted": 4.49, "weightedAverageShsOut": 50432000, "weightedAverageShsOutDil": 50510000, "link": "https://www.sec.gov/Archives/edgar/data/1057877/000105787719000024/0001057877-19-000024-index.htm", "finalLink": "https://www.sec.gov/Archives/edgar/data/49648/000105787719000024/ida12311810k.htm", "calculatedOtherExpenses": 23582000, "calculatedOperatingExpenses": 39363000, "calculatedNetInterest": -85948000, "calculatedOtherIncome": 33935000, "calculatedIncomeNonControlling": 722000, "calculatedEbitda": 466042000}, {"date": "2017-12-31", "symbol": "IDA", "reportedCurrency": "USD", "cik": "0001057877", "fillingDate": "2018-02-22", "acceptedDate": "2018-02-22 09:06:30", "calendarYear": "2017", "period": "FY", "revenue": 1349486000, "costOfRevenue": 997860000, "grossProfit": 351626000, "grossProfitRatio": 0.2605629106, "researchAndDevelopmentExpenses": 0, "generalAndAdministrativeExpenses": 2090000, "sellingAndMarketingExpenses": 0, "sellingGeneralAndAdministrativeExpenses": 2090000, "otherExpenses": 3123000, "operatingExpenses": 47275000, "costAndExpenses": 1045135000, "interestIncome": 0, "interestExpense": 83746000, "depreciationAndAmortization": 165933000, "ebitda": 484781000, "ebitdaratio": 0.359233812, "operatingIncome": 304351000, "operatingIncomeRatio": 0.225531054, "totalOtherIncomeExpensesNet": 41243000, "incomeBeforeTax": 261848000, "incomeBeforeTaxRatio": 0.1940353586, "incomeTaxExpense": 48660000, "netIncome": 212419000, "netIncomeRatio": 0.1574073388, "eps": 4.22, "epsdiluted": 4.21, "weightedAverageShsOut": 50361000, "weightedAverageShsOutDil": 50424000, "link": "https://www.sec.gov/Archives/edgar/data/1057877/000105787718000027/0001057877-18-000027-index.htm", "finalLink": "https://www.sec.gov/Archives/edgar/data/49648/000105787718000027/ida12311710k.htm", "calculatedOtherExpenses": 45185000, "calculatedOperatingExpenses": 47275000, "calculatedNetInterest": -83746000, "calculatedOtherIncome": 41243000, "calculatedIncomeNonControlling": 769000, "calculatedEbitda": 470284000}, {"date": "2016-12-31", "symbol": "IDA", "reportedCurrency": "USD", "cik": "0001057877", "fillingDate": "2017-02-23", "acceptedDate": "2017-02-23 08:06:55", "calendarYear": "2016", "period": "FY", "revenue": 1262020000, "costOfRevenue": 949233000, "grossProfit": 312787000, "grossProfitRatio": 0.2478463099, "researchAndDevelopmentExpenses": 0, "generalAndAdministrativeExpenses": 2588000, "sellingAndMarketingExpenses": 0, "sellingGeneralAndAdministrativeExpenses": 2588000, "otherExpenses": 2820000, "operatingExpenses": 41011000, "costAndExpenses": 990244000, "interestIncome": 0, "interestExpense": 82035000, "depreciationAndAmortization": 147294000, "ebitda": 434761000, "ebitdaratio": 0.3444961253, "operatingIncome": 271776000, "operatingIncomeRatio": 0.2153499945, "totalOtherIncomeExpensesNet": 44776000, "incomeBeforeTax": 234517000, "incomeBeforeTaxRatio": 0.1858266905, "incomeTaxExpense": 36429000, "netIncome": 198288000, "netIncomeRatio": 0.1571195385, "eps": 3.94, "epsdiluted": 3.94, "weightedAverageShsOut": 50298000, "weightedAverageShsOutDil": 50373000, "link": "https://www.sec.gov/Archives/edgar/data/1057877/000105787717000035/0001057877-17-000035-index.htm", "finalLink": "https://www.sec.gov/Archives/edgar/data/49648/000105787717000035/ida12311610k.htm", "calculatedOtherExpenses": 38423000, "calculatedOperatingExpenses": 41011000, "calculatedNetInterest": -82035000, "calculatedOtherIncome": 44776000, "calculatedIncomeNonControlling": -200000, "calculatedEbitda": 419070000}, {"date": "2015-12-31", "symbol": "IDA", "reportedCurrency": "USD", "cik": "0001057877", "fillingDate": "2016-02-18", "acceptedDate": "2016-02-18 08:31:56", "calendarYear": "2015", "period": "FY", "revenue": 1270289000, "costOfRevenue": 940255000, "grossProfit": 330034000, "grossProfitRatio": 0.2598101692, "researchAndDevelopmentExpenses": 0, "generalAndAdministrativeExpenses": 1739000, "sellingAndMarketingExpenses": 0, "sellingGeneralAndAdministrativeExpenses": 1739000, "otherExpenses": 2530000, "operatingExpenses": 47937000, "costAndExpenses": 988192000, "interestIncome": 0, "interestExpense": 81934000, "depreciationAndAmortization": 142581000, "ebitda": 438336000, "ebitdaratio": 0.3450679334, "operatingIncome": 282097000, "operatingIncomeRatio": 0.2220730873, "totalOtherIncomeExpensesNet": 40072000, "incomeBeforeTax": 240235000, "incomeBeforeTaxRatio": 0.1891183817, "incomeTaxExpense": 45760000, "netIncome": 194679000, "netIncomeRatio": 0.1532556765, "eps": 3.88, "epsdiluted": 3.87, "weightedAverageShsOut": 50220000, "weightedAverageShsOutDil": 50292000, "link": "https://www.sec.gov/Archives/edgar/data/1057877/000105787716000209/0001057877-16-000209-index.htm", "finalLink": "https://www.sec.gov/Archives/edgar/data/49648/000105787716000209/ida12311510k.htm", "calculatedOtherExpenses": 46198000, "calculatedOperatingExpenses": 47937000, "calculatedNetInterest": -81934000, "calculatedOtherIncome": 40072000, "calculatedIncomeNonControlling": -204000, "calculatedEbitda": 424678000}, {"date": "2014-12-31", "symbol": "IDA", "reportedCurrency": "USD", "cik": "0001057877", "fillingDate": "2015-02-19", "acceptedDate": "2015-02-19 08:13:12", "calendarYear": "2014", "period": "FY", "revenue": 1282524000, "costOfRevenue": 982812000, "grossProfit": 299712000, "grossProfitRatio": 0.2336891941, "researchAndDevelopmentExpenses": 0, "generalAndAdministrativeExpenses": 1164000, "sellingAndMarketingExpenses": 0, "sellingGeneralAndAdministrativeExpenses": 1164000, "otherExpenses": 2509000, "operatingExpenses": 46016000, "costAndExpenses": 1028828000, "interestIncome": 0, "interestExpense": 79801000, "depreciationAndAmortization": 137088000, "ebitda": 405665000, "ebitdaratio": 0.3163020731, "operatingIncome": 253696000, "operatingIncomeRatio": 0.1978099435, "totalOtherIncomeExpensesNet": 36631000, "incomeBeforeTax": 210526000, "incomeBeforeTaxRatio": 0.1641497547, "incomeTaxExpense": 16772000, "netIncome": 193480000, "netIncomeRatio": 0.1508587754, "eps": 3.86, "epsdiluted": 3.85, "weightedAverageShsOut": 50131000, "weightedAverageShsOutDil": 50199000, "link": "https://www.sec.gov/Archives/edgar/data/1057877/000105787715000043/0001057877-15-000043-index.htm", "finalLink": "https://www.sec.gov/Archives/edgar/data/49648/000105787715000043/ida12311410k.htm", "calculatedOtherExpenses": 44852000, "calculatedOperatingExpenses": 46016000, "calculatedNetInterest": -79801000, "calculatedOtherIncome": 36631000, "calculatedIncomeNonControlling": 274000, "calculatedEbitda": 390784000}, {"date": "2013-12-31", "symbol": "IDA", "reportedCurrency": "USD", "cik": "0001057877", "fillingDate": "2014-02-20", "acceptedDate": "2014-02-20 08:27:09", "calendarYear": "2013", "period": "FY", "revenue": 1246214000, "costOfRevenue": 909762000, "grossProfit": 336452000, "grossProfitRatio": 0.2699793133, "researchAndDevelopmentExpenses": 0, "generalAndAdministrativeExpenses": 18000, "sellingAndMarketingExpenses": 0, "sellingGeneralAndAdministrativeExpenses": 18000, "otherExpenses": 2985000, "operatingExpenses": 44710000, "costAndExpenses": 954472000, "interestIncome": 0, "interestExpense": 81032000, "depreciationAndAmortization": 133776000, "ebitda": 440442000, "ebitdaratio": 0.3534240508, "operatingIncome": 291742000, "operatingIncomeRatio": 0.2341026501, "totalOtherIncomeExpensesNet": 43810000, "incomeBeforeTax": 254520000, "incomeBeforeTaxRatio": 0.2042345857, "incomeTaxExpense": 72226000, "netIncome": 182417000, "netIncomeRatio": 0.1463769465, "eps": 3.64, "epsdiluted": 3.64, "weightedAverageShsOut": 50052000, "weightedAverageShsOutDil": 50126000, "link": "https://www.sec.gov/Archives/edgar/data/1057877/000105787714000036/0001057877-14-000036-index.htm", "finalLink": "https://www.sec.gov/Archives/edgar/data/49648/000105787714000036/ida12311310k.htm", "calculatedOtherExpenses": 44692000, "calculatedOperatingExpenses": 44710000, "calculatedNetInterest": -81032000, "calculatedOtherIncome": 43810000, "calculatedIncomeNonControlling": -123000, "calculatedEbitda": 425518000}, {"date": "2012-12-31", "symbol": "IDA", "reportedCurrency": "USD", "cik": "0001057877", "fillingDate": "2013-02-21", "acceptedDate": "2013-02-21 08:18:29", "calendarYear": "2012", "period": "FY", "revenue": 1080662000, "costOfRevenue": 795532000, "grossProfit": 285130000, "grossProfitRatio": 0.2638475305, "researchAndDevelopmentExpenses": 0, "generalAndAdministrativeExpenses": 14000, "sellingAndMarketingExpenses": 0, "sellingGeneralAndAdministrativeExpenses": 14000, "otherExpenses": 1915000, "operatingExpenses": 42528000, "costAndExpenses": 838060000, "interestIncome": 0, "interestExpense": 73869000, "depreciationAndAmortization": 128611000, "ebitda": 372800000, "ebitdaratio": 0.3449737291, "operatingIncome": 242602000, "operatingIncomeRatio": 0.2244938751, "totalOtherIncomeExpensesNet": 26314000, "incomeBeforeTax": 195047000, "incomeBeforeTaxRatio": 0.1804884413, "incomeTaxExpense": 26113000, "netIncome": 168761000, "netIncomeRatio": 0.1561644622, "eps": 3.47, "epsdiluted": 3.46, "weightedAverageShsOut": 49930000, "weightedAverageShsOutDil": 50010000, "link": "https://www.sec.gov/Archives/edgar/data/1057877/000105787713000040/0001057877-13-000040-index.htm", "finalLink": "https://www.sec.gov/Archives/edgar/data/49648/000105787713000040/ida12311210k.htm", "calculatedOtherExpenses": 42514000, "calculatedOperatingExpenses": 42528000, "calculatedNetInterest": -73869000, "calculatedOtherIncome": 26314000, "calculatedIncomeNonControlling": 173000, "calculatedEbitda": 371213000}, {"date": "2011-12-31", "symbol": "IDA", "reportedCurrency": "USD", "cik": "0001057877", "fillingDate": "2012-02-22", "acceptedDate": "2012-02-22 08:31:07", "calendarYear": "2011", "period": "FY", "revenue": 1026756000, "costOfRevenue": 333375000, "grossProfit": 693381000, "grossProfitRatio": 0.675312343, "researchAndDevelopmentExpenses": 0, "generalAndAdministrativeExpenses": 37663000, "sellingAndMarketingExpenses": 0, "sellingGeneralAndAdministrativeExpenses": 37663000, "otherExpenses": 824845000, "operatingExpenses": 862508000, "costAndExpenses": 1195883000, "interestIncome": 7823000, "interestExpense": 79349000, "depreciationAndAmortization": 124659000, "ebitda": 297528000, "ebitdaratio": 0.2897747858, "operatingIncome": -169127000, "operatingIncomeRatio": -0.1647197582, "totalOtherIncomeExpensesNet": 22007000, "incomeBeforeTax": 114729000, "incomeBeforeTaxRatio": 0.1117393032, "incomeTaxExpense": -52133000, "netIncome": 166693000, "netIncomeRatio": 0.1623491852, "eps": 3.44, "epsdiluted": 3.43, "weightedAverageShsOut": 49457000, "weightedAverageShsOutDil": 49558000, "link": "https://www.sec.gov/Archives/edgar/data/1057877/000105787712000044/0001057877-12-000044-index.htm", "finalLink": "https://www.sec.gov/Archives/edgar/data/49648/000105787712000044/ida12311110k.htm", "calculatedOtherExpenses": 824845000, "calculatedOperatingExpenses": 862508000, "calculatedNetInterest": -71526000, "calculatedOtherIncome": 355382000, "calculatedIncomeNonControlling": 169000, "calculatedEbitda": -44468000}, {"date": "2010-12-31", "symbol": "IDA", "reportedCurrency": "USD", "cik": "0001057877", "fillingDate": "2011-02-23", "acceptedDate": "2011-02-23 08:47:37", "calendarYear": "2010", "period": "FY", "revenue": 1036029000, "costOfRevenue": 354668000, "grossProfit": 681361000, "grossProfitRatio": 0.6576659534, "researchAndDevelopmentExpenses": 0, "generalAndAdministrativeExpenses": 44184000, "sellingAndMarketingExpenses": 0, "sellingGeneralAndAdministrativeExpenses": 44184000, "otherExpenses": 438507000, "operatingExpenses": 482691000, "costAndExpenses": 837359000, "interestIncome": 0, "interestExpense": 75114000, "depreciationAndAmortization": 121849000, "ebitda": 323527000, "ebitdaratio": 0.3122760077, "operatingIncome": 198670000, "operatingIncomeRatio": 0.1917610414, "totalOtherIncomeExpensesNet": 18173000, "incomeBeforeTax": 141729000, "incomeBeforeTaxRatio": 0.1368002247, "incomeTaxExpense": -731000, "netIncome": 142798000, "netIncomeRatio": 0.1378320491, "eps": 2.96, "epsdiluted": 2.95, "weightedAverageShsOut": 48193000, "weightedAverageShsOutDil": 48340000, "link": "https://www.sec.gov/Archives/edgar/data/1057877/000105787711000047/0001057877-11-000047-index.htm", "finalLink": "https://www.sec.gov/Archives/edgar/data/49648/000105787711000047/esa10k.htm", "calculatedOtherExpenses": 438507000, "calculatedOperatingExpenses": 482691000, "calculatedNetInterest": -75114000, "calculatedOtherIncome": 18173000, "calculatedIncomeNonControlling": -338000, "calculatedEbitda": 320519000}, {"date": "2009-12-31", "symbol": "IDA", "reportedCurrency": "USD", "cik": "0001057877", "fillingDate": "2010-02-23", "acceptedDate": "2010-02-23 08:58:38", "calendarYear": "2009", "period": "FY", "revenue": 1049800000, "costOfRevenue": 383474000, "grossProfit": 666326000, "grossProfitRatio": 0.634717089, "researchAndDevelopmentExpenses": 0, "generalAndAdministrativeExpenses": 31821000, "sellingAndMarketingExpenses": 0, "sellingGeneralAndAdministrativeExpenses": 31821000, "otherExpenses": 430922000, "operatingExpenses": 462743000, "costAndExpenses": 846217000, "interestIncome": 0, "interestExpense": 72810000, "depreciationAndAmortization": 118600000, "ebitda": 322183000, "ebitdaratio": 0.3068994094, "operatingIncome": 203583000, "operatingIncomeRatio": 0.1939255096, "totalOtherIncomeExpensesNet": 15964000, "incomeBeforeTax": 146737000, "incomeBeforeTaxRatio": 0.1397761478, "incomeTaxExpense": 22362000, "netIncome": 124350000, "netIncomeRatio": 0.1184511335, "eps": 2.64, "epsdiluted": 2.64, "weightedAverageShsOut": 47124000, "weightedAverageShsOutDil": 47182000, "link": "https://www.sec.gov/Archives/edgar/data/1057877/000105787710000022/0001057877-10-000022-index.htm", "finalLink": "https://www.sec.gov/Archives/edgar/data/49648/000105787710000022/esa10k.htm", "calculatedOtherExpenses": 430922000, "calculatedOperatingExpenses": 462743000, "calculatedNetInterest": -72810000, "calculatedOtherIncome": 15964000, "calculatedIncomeNonControlling": 25000, "calculatedEbitda": 322183000}, {"date": "2008-12-31", "symbol": "IDA", "reportedCurrency": "USD", "cik": "0001057877", "fillingDate": "2009-02-26", "acceptedDate": "2009-02-26 12:57:50", "calendarYear": "2008", "period": "FY", "revenue": 960414000, "costOfRevenue": 333127000, "grossProfit": 627287000, "grossProfitRatio": 0.6531422907, "researchAndDevelopmentExpenses": 0, "generalAndAdministrativeExpenses": 0, "sellingAndMarketingExpenses": 0, "sellingGeneralAndAdministrativeExpenses": 0, "otherExpenses": 434078000, "operatingExpenses": 434078000, "costAndExpenses": 767205000, "interestIncome": 0, "interestExpense": 73056000, "depreciationAndAmortization": 122440000, "ebitda": 318188000, "ebitdaratio": 0.3313029589, "operatingIncome": 193209000, "operatingIncomeRatio": 0.2011726193, "totalOtherIncomeExpensesNet": -2539000, "incomeBeforeTax": 117614000, "incomeBeforeTaxRatio": 0.1224617717, "incomeTaxExpense": 19200000, "netIncome": 98414000, "netIncomeRatio": 0.102470393, "eps": 2.17, "epsdiluted": 2.17, "weightedAverageShsOut": 45268000, "weightedAverageShsOutDil": 45379000, "link": "https://www.sec.gov/Archives/edgar/data/1057877/000105787709000032/0001057877-09-000032-index.htm", "finalLink": "https://www.sec.gov/Archives/edgar/data/49648/000105787709000032/esa10k.htm", "calculatedOtherExpenses": 434078000, "calculatedOperatingExpenses": 434078000, "calculatedNetInterest": -73056000, "calculatedOtherIncome": -2539000, "calculatedIncomeNonControlling": 0, "calculatedEbitda": 315649000}, {"date": "2007-12-31", "symbol": "IDA", "reportedCurrency": "USD", "cik": "0001057877", "fillingDate": "2008-02-28", "acceptedDate": "2008-02-28 14:16:22", "calendarYear": "2007", "period": "FY", "revenue": 879394000, "costOfRevenue": 302675000, "grossProfit": 576719000, "grossProfitRatio": 0.6558141174, "researchAndDevelopmentExpenses": 0, "generalAndAdministrativeExpenses": 0, "sellingAndMarketingExpenses": 0, "sellingGeneralAndAdministrativeExpenses": 0, "otherExpenses": 427395000, "operatingExpenses": 427395000, "costAndExpenses": 730070000, "interestIncome": 0, "interestExpense": 63341000, "depreciationAndAmortization": 120368000, "ebitda": 259672000, "ebitdaratio": 0.2952851623, "operatingIncome": 149324000, "operatingIncomeRatio": 0.1698032964, "totalOtherIncomeExpensesNet": 10020000, "incomeBeforeTax": 96003000, "incomeBeforeTaxRatio": 0.1091694963, "incomeTaxExpense": 13731000, "netIncome": 82339000, "netIncomeRatio": 0.0936315235, "eps": 1.86, "epsdiluted": 1.86, "weightedAverageShsOut": 44151000, "weightedAverageShsOutDil": 44291000, "link": "https://www.sec.gov/Archives/edgar/data/1057877/000105787708000038/0001057877-08-000038-index.htm", "finalLink": "https://www.sec.gov/Archives/edgar/data/49648/000105787708000038/b10k1.htm", "calculatedOtherExpenses": 427395000, "calculatedOperatingExpenses": 427395000, "calculatedNetInterest": -63341000, "calculatedOtherIncome": 10020000, "calculatedIncomeNonControlling": -67000, "calculatedEbitda": 269692000}, {"date": "2006-12-31", "symbol": "IDA", "reportedCurrency": "USD", "cik": "0001057877", "fillingDate": "2007-03-01", "acceptedDate": "2007-03-01 13:26:40", "calendarYear": "2006", "period": "FY", "revenue": 926291000, "costOfRevenue": 398458000, "grossProfit": 527833000, "grossProfitRatio": 0.5698349655, "researchAndDevelopmentExpenses": 0, "generalAndAdministrativeExpenses": 0, "sellingAndMarketingExpenses": 0, "sellingGeneralAndAdministrativeExpenses": 0, "otherExpenses": 358129000, "operatingExpenses": 358129000, "costAndExpenses": 756587000, "interestIncome": 0, "interestExpense": 60975000, "depreciationAndAmortization": 122641000, "ebitda": 285622000, "ebitdaratio": 0.3083501837, "operatingIncome": 169704000, "operatingIncomeRatio": 0.1832080847, "totalOtherIncomeExpensesNet": 6723000, "incomeBeforeTax": 115452000, "incomeBeforeTaxRatio": 0.1246390173, "incomeTaxExpense": 15377000, "netIncome": 107403000, "netIncomeRatio": 0.1159495234, "eps": 2.51, "epsdiluted": 2.51, "weightedAverageShsOut": 42713000, "weightedAverageShsOutDil": 42874000, "link": "https://www.sec.gov/Archives/edgar/data/1057877/000105787707000038/0001057877-07-000038-index.htm", "finalLink": "https://www.sec.gov/Archives/edgar/data/49648/000105787707000038/a10k1.htm", "calculatedOtherExpenses": 358129000, "calculatedOperatingExpenses": 358129000, "calculatedNetInterest": -60975000, "calculatedOtherIncome": 6723000, "calculatedIncomeNonControlling": -7328000, "calculatedEbitda": 292345000}, {"date": "2005-12-31", "symbol": "IDA", "reportedCurrency": "USD", "cik": "0001057877", "fillingDate": "2006-03-07", "acceptedDate": "2006-03-07 15:46:36", "calendarYear": "2005", "period": "FY", "revenue": 859488000, "costOfRevenue": 322479000, "grossProfit": 537009000, "grossProfitRatio": 0.6248010443, "researchAndDevelopmentExpenses": 0, "generalAndAdministrativeExpenses": 0, "sellingAndMarketingExpenses": 0, "sellingGeneralAndAdministrativeExpenses": 0, "otherExpenses": 417266000, "operatingExpenses": 417266000, "costAndExpenses": 739745000, "interestIncome": 0, "interestExpense": 60171000, "depreciationAndAmortization": 124124000, "ebitda": 226858000, "ebitdaratio": 0.2639455117, "operatingIncome": 119743000, "operatingIncomeRatio": 0.1393189899, "totalOtherIncomeExpensesNet": 17009000, "incomeBeforeTax": 76581000, "incomeBeforeTaxRatio": 0.0891007204, "incomeTaxExpense": 12920000, "netIncome": 63661000, "netIncomeRatio": 0.0740685152, "eps": 1.51, "epsdiluted": 1.5, "weightedAverageShsOut": 42279000, "weightedAverageShsOutDil": 42362000, "link": "https://www.sec.gov/Archives/edgar/data/1057877/000105787706000035/0001057877-06-000035-index.htm", "finalLink": "https://www.sec.gov/Archives/edgar/data/49648/000105787706000035/a10k1.htm", "calculatedOtherExpenses": 417266000, "calculatedOperatingExpenses": 417266000, "calculatedNetInterest": -60171000, "calculatedOtherIncome": 17009000, "calculatedIncomeNonControlling": 0, "calculatedEbitda": 243867000}, {"date": "2004-12-31", "symbol": "IDA", "reportedCurrency": "USD", "cik": "0001057877", "fillingDate": "2005-03-09", "acceptedDate": "2005-03-09 10:19:25", "calendarYear": "2004", "period": "FY", "revenue": 844491000, "costOfRevenue": 338087000, "grossProfit": 506404000, "grossProfitRatio": 0.5996558874, "researchAndDevelopmentExpenses": 0, "generalAndAdministrativeExpenses": 0, "sellingAndMarketingExpenses": -131000, "sellingGeneralAndAdministrativeExpenses": -131000, "otherExpenses": 413153000, "operatingExpenses": 413153000, "costAndExpenses": 751240000, "interestIncome": 0, "interestExpense": 63139000, "depreciationAndAmortization": 124192000, "ebitda": 199342000, "ebitdaratio": 0.2360498809, "operatingIncome": 93251000, "operatingIncomeRatio": 0.110422728, "totalOtherIncomeExpensesNet": 18101000, "incomeBeforeTax": 48213000, "incomeBeforeTaxRatio": 0.0570911946, "incomeTaxExpense": -24770000, "netIncome": 72983000, "netIncomeRatio": 0.0864224722, "eps": 1.9, "epsdiluted": 1.9, "weightedAverageShsOut": 35873684, "weightedAverageShsOutDil": 35873684, "link": "https://www.sec.gov/Archives/edgar/data/1057877/000105787705000043/0001057877-05-000043-index.htm", "finalLink": "https://www.sec.gov/Archives/edgar/data/49648/000105787705000043/a10k1.htm", "calculatedOtherExpenses": 413284000, "calculatedOperatingExpenses": 413153000, "calculatedNetInterest": -63139000, "calculatedOtherIncome": 18101000, "calculatedIncomeNonControlling": 0, "calculatedEbitda": 217443000}, {"date": "2003-12-31", "symbol": "IDA", "reportedCurrency": "USD", "cik": "0001057877", "fillingDate": "2004-03-04", "acceptedDate": "2004-03-04 09:15:10", "calendarYear": "2003", "period": "FY", "revenue": 823002000, "costOfRevenue": 321640000, "grossProfit": 501362000, "grossProfitRatio": 0.609186855, "researchAndDevelopmentExpenses": 0, "generalAndAdministrativeExpenses": 24349000, "sellingAndMarketingExpenses": 19916000, "sellingGeneralAndAdministrativeExpenses": 24349000, "otherExpenses": 392951000, "operatingExpenses": 417300000, "costAndExpenses": 738940000, "interestIncome": 0, "interestExpense": 64932000, "depreciationAndAmortization": 129070000, "ebitda": 206803000, "ebitdaratio": 0.2512788547, "operatingIncome": 84062000, "operatingIncomeRatio": 0.1021406995, "totalOtherIncomeExpensesNet": 6329000, "incomeBeforeTax": 25459000, "incomeBeforeTaxRatio": 0.0309343112, "incomeTaxExpense": -21119000, "netIncome": 46578000, "netIncomeRatio": 0.0565952452, "eps": 1.22, "epsdiluted": 1.22, "weightedAverageShsOut": 38228000, "weightedAverageShsOutDil": 38228000, "link": "https://www.sec.gov/Archives/edgar/data/1057877/000105787704000036/0001057877-04-000036-index.htm", "finalLink": "https://www.sec.gov/Archives/edgar/data/49648/000105787704000036/a10k1.htm", "calculatedOtherExpenses": 392951000, "calculatedOperatingExpenses": 417300000, "calculatedNetInterest": -64932000, "calculatedOtherIncome": 6329000, "calculatedIncomeNonControlling": 0, "calculatedEbitda": 213132000}, {"date": "2002-12-31", "symbol": "IDA", "reportedCurrency": "USD", "cik": "0001057877", "fillingDate": "2003-03-07", "acceptedDate": "2003-03-07 13:29:38", "calendarYear": "2002", "period": "FY", "revenue": 928800000, "costOfRevenue": 415462000, "grossProfit": 513338000, "grossProfitRatio": 0.5526894918, "researchAndDevelopmentExpenses": 0, "generalAndAdministrativeExpenses": 28036000, "sellingAndMarketingExpenses": 46410000, "sellingGeneralAndAdministrativeExpenses": 28036000, "otherExpenses": 399207000, "operatingExpenses": 427243000, "costAndExpenses": 842705000, "interestIncome": 0, "interestExpense": 68579000, "depreciationAndAmortization": 122831000, "ebitda": 215917000, "ebitdaratio": 0.2324687769, "operatingIncome": 86095000, "operatingIncomeRatio": 0.0926948751, "totalOtherIncomeExpensesNet": -6991000, "incomeBeforeTax": 10525000, "incomeBeforeTaxRatio": 0.011331826, "incomeTaxExpense": -51147000, "netIncome": 61672000, "netIncomeRatio": 0.0663996555, "eps": 1.63, "epsdiluted": 1.63, "weightedAverageShsOut": 37790000, "weightedAverageShsOutDil": 37790000, "link": "https://www.sec.gov/Archives/edgar/data/1057877/000105787703000012/0001057877-03-000012-index.htm", "finalLink": "https://www.sec.gov/Archives/edgar/data/49648/000105787703000012/a10k1.htm", "calculatedOtherExpenses": 399207000, "calculatedOperatingExpenses": 427243000, "calculatedNetInterest": -68579000, "calculatedOtherIncome": -6991000, "calculatedIncomeNonControlling": 0, "calculatedEbitda": 208926000}, {"date": "2001-12-31", "symbol": "IDA", "reportedCurrency": "USD", "cik": "0001057877", "fillingDate": "2002-03-22", "acceptedDate": "2002-03-22 00:00:00", "calendarYear": "2001", "period": "FY", "revenue": 5648000000, "costOfRevenue": 506000000, "grossProfit": 5142000000, "grossProfitRatio": 0.9104107649, "researchAndDevelopmentExpenses": 0, "generalAndAdministrativeExpenses": 66000000, "sellingAndMarketingExpenses": 0, "sellingGeneralAndAdministrativeExpenses": 66000000, "otherExpenses": 4833000000, "operatingExpenses": 4899000000, "costAndExpenses": 5405000000, "interestIncome": 0, "interestExpense": 0, "depreciationAndAmortization": 111000000, "ebitda": 331000000, "ebitdaratio": 0.0586048159, "operatingIncome": 243000000, "operatingIncomeRatio": 0.0430240793, "totalOtherIncomeExpensesNet": 23000000, "incomeBeforeTax": 190000000, "incomeBeforeTaxRatio": 0.0336402266, "incomeTaxExpense": 65000000, "netIncome": 125000000, "netIncomeRatio": 0.022131728, "eps": 3.19, "epsdiluted": 3.19, "weightedAverageShsOut": 37413000, "weightedAverageShsOutDil": 37413000, "link": "https://www.sec.gov/Archives/edgar/data/1057877/000105787702000005/0001057877-02-000005-index.htm", "finalLink": "https://www.sec.gov/Archives/edgar/data/1057877/000105787702000005/a10k.txt", "calculatedOtherExpenses": 4833000000, "calculatedOperatingExpenses": 4899000000, "calculatedNetInterest": 0, "calculatedOtherIncome": -53000000, "calculatedIncomeNonControlling": 0, "calculatedEbitda": 354000000}, {"date": "2000-12-31", "symbol": "IDA", "reportedCurrency": "USD", "cik": "0001057877", "fillingDate": "2001-03-16", "acceptedDate": "2001-03-16 00:00:00", "calendarYear": "2000", "period": "FY", "revenue": 1019353000, "costOfRevenue": 372176000, "grossProfit": 647177000, "grossProfitRatio": 0.6348899743, "researchAndDevelopmentExpenses": 0, "generalAndAdministrativeExpenses": 0, "sellingAndMarketingExpenses": 0, "sellingGeneralAndAdministrativeExpenses": 0, "otherExpenses": 385514000, "operatingExpenses": 385514000, "costAndExpenses": 757690000, "interestIncome": 0, "interestExpense": 0, "depreciationAndAmortization": 103971000, "ebitda": 349674000, "ebitdaratio": 0.343035239, "operatingIncome": 261663000, "operatingIncomeRatio": 0.2566951782, "totalOtherIncomeExpensesNet": 15960000, "incomeBeforeTax": 210701000, "incomeBeforeTaxRatio": 0.2067007209, "incomeTaxExpense": 70818000, "netIncome": 139883000, "netIncomeRatio": 0.1372272412, "eps": 3.72, "epsdiluted": 3.72, "weightedAverageShsOut": 37634409, "weightedAverageShsOutDil": 37634409, "link": "https://www.sec.gov/Archives/edgar/data/1057877/000105787701500004/0001057877-01-500004-index.htm", "finalLink": "https://www.sec.gov/Archives/edgar/data/49648/000105787701500004/a10k.txt", "calculatedOtherExpenses": 385514000, "calculatedOperatingExpenses": 385514000, "calculatedNetInterest": 0, "calculatedOtherIncome": -50962000, "calculatedIncomeNonControlling": 0, "calculatedEbitda": 365634000}, {"date": "1999-12-31", "symbol": "IDA", "reportedCurrency": "USD", "cik": "0001057877", "fillingDate": "2000-03-20", "acceptedDate": "2000-03-20 00:00:00", "calendarYear": "1999", "period": "FY", "revenue": 658336000, "costOfRevenue": 192961000, "grossProfit": 465375000, "grossProfitRatio": 0.7068958708, "researchAndDevelopmentExpenses": 0, "generalAndAdministrativeExpenses": 0, "sellingAndMarketingExpenses": 0, "sellingGeneralAndAdministrativeExpenses": 0, "otherExpenses": 292917000, "operatingExpenses": 292917000, "costAndExpenses": 485878000, "interestIncome": 0, "interestExpense": 0, "depreciationAndAmortization": 95436000, "ebitda": 237843000, "ebitdaratio": 0.3612790429, "operatingIncome": 172458000, "operatingIncomeRatio": 0.2619604579, "totalOtherIncomeExpensesNet": 30051000, "incomeBeforeTax": 137021000, "incomeBeforeTaxRatio": 0.2081323215, "incomeTaxExpense": 45672000, "netIncome": 91349000, "netIncomeRatio": 0.1387574126, "eps": 2.43, "epsdiluted": 2.43, "weightedAverageShsOut": 37612000, "weightedAverageShsOutDil": 37612000, "link": "https://www.sec.gov/Archives/edgar/data/1057877/000105787700000013/0001057877-00-000013-index.html", "finalLink": "https://www.sec.gov/Archives/edgar/data/49648/000105787700000013/", "calculatedOtherExpenses": 292917000, "calculatedOperatingExpenses": 292917000, "calculatedNetInterest": 0, "calculatedOtherIncome": -35437000, "calculatedIncomeNonControlling": 0, "calculatedEbitda": 267894000}, {"date": "1998-12-31", "symbol": "IDA", "reportedCurrency": "USD", "cik": "0001057877", "fillingDate": "1999-03-19", "acceptedDate": "1999-03-19 00:00:00", "calendarYear": "1998", "period": "FY", "revenue": 1121976000, "costOfRevenue": 626437000, "grossProfit": 495539000, "grossProfitRatio": 0.4416663102, "researchAndDevelopmentExpenses": 0, "generalAndAdministrativeExpenses": 0, "sellingAndMarketingExpenses": 0, "sellingGeneralAndAdministrativeExpenses": 0, "otherExpenses": 304318000, "operatingExpenses": 304318000, "costAndExpenses": 930755000, "interestIncome": 0, "interestExpense": 0, "depreciationAndAmortization": 87143000, "ebitda": 270644000, "ebitdaratio": 0.2412208461, "operatingIncome": 191221000, "operatingIncomeRatio": 0.1704323444, "totalOtherIncomeExpensesNet": 7720000, "incomeBeforeTax": 133806000, "incomeBeforeTaxRatio": 0.1192592355, "incomeTaxExpense": 44630000, "netIncome": 89176000, "netIncomeRatio": 0.079481201, "eps": 2.37, "epsdiluted": 2.37, "weightedAverageShsOut": 37612000, "weightedAverageShsOutDil": 37612000, "link": "https://www.sec.gov/Archives/edgar/data/1057877/000105787799000002/0001057877-99-000002-index.html", "finalLink": "https://www.sec.gov/Archives/edgar/data/1057877/", "calculatedOtherExpenses": 304318000, "calculatedOperatingExpenses": 304318000, "calculatedNetInterest": 0, "calculatedOtherIncome": -57415000, "calculatedIncomeNonControlling": 0, "calculatedEbitda": 278364000}, {"date": "1997-12-31", "symbol": "IDA", "reportedCurrency": "USD", "cik": "0001057877", "fillingDate": "1997-12-31", "acceptedDate": "1997-12-30 19:00:00", "calendarYear": "1997", "period": "FY", "revenue": 748503000, "costOfRevenue": 290471000, "grossProfit": 458032000, "grossProfitRatio": 0.6119307471, "researchAndDevelopmentExpenses": 0, "generalAndAdministrativeExpenses": 0, "sellingAndMarketingExpenses": 0, "sellingGeneralAndAdministrativeExpenses": 0, "otherExpenses": 274464000, "operatingExpenses": 274464000, "costAndExpenses": 564935000, "interestIncome": 0, "interestExpense": 0, "depreciationAndAmortization": 71973000, "ebitda": 240139000, "ebitdaratio": 0.3208257014, "operatingIncome": 183568000, "operatingIncomeRatio": 0.245246846, "totalOtherIncomeExpensesNet": 15402000, "incomeBeforeTax": 138746000, "incomeBeforeTaxRatio": 0.1853646545, "incomeTaxExpense": 46472000, "netIncome": 92274000, "netIncomeRatio": 0.123278063, "eps": 2.32, "epsdiluted": 2.32, "weightedAverageShsOut": 37612000, "weightedAverageShsOutDil": 37612000, "link": "", "finalLink": "", "calculatedOtherExpenses": 274464000, "calculatedOperatingExpenses": 274464000, "calculatedNetInterest": 0, "calculatedOtherIncome": -44822000, "calculatedIncomeNonControlling": 0, "calculatedEbitda": 255541000}, {"date": "1996-12-31", "symbol": "IDA", "reportedCurrency": "USD", "cik": "0001057877", "fillingDate": "1996-12-31", "acceptedDate": "1996-12-30 19:00:00", "calendarYear": "1996", "period": "FY", "revenue": 578445000, "costOfRevenue": 132372000, "grossProfit": 446073000, "grossProfitRatio": 0.7711588829, "researchAndDevelopmentExpenses": 0, "generalAndAdministrativeExpenses": 0, "sellingAndMarketingExpenses": 0, "sellingGeneralAndAdministrativeExpenses": 0, "otherExpenses": 258902000, "operatingExpenses": 258902000, "costAndExpenses": 391274000, "interestIncome": 0, "interestExpense": 0, "depreciationAndAmortization": 69705000, "ebitda": 244388000, "ebitdaratio": 0.4224913345, "operatingIncome": 187171000, "operatingIncomeRatio": 0.3235761395, "totalOtherIncomeExpensesNet": 12488000, "incomeBeforeTax": 142710000, "incomeBeforeTaxRatio": 0.2467131707, "incomeTaxExpense": 52092000, "netIncome": 90618000, "netIncomeRatio": 0.1566579364, "eps": 2.21, "epsdiluted": 2.21, "weightedAverageShsOut": 37612000, "weightedAverageShsOutDil": 37612000, "link": "", "finalLink": "", "calculatedOtherExpenses": 258902000, "calculatedOperatingExpenses": 258902000, "calculatedNetInterest": 0, "calculatedOtherIncome": -44461000, "calculatedIncomeNonControlling": 0, "calculatedEbitda": 256876000}, {"date": "1995-12-31", "symbol": "IDA", "reportedCurrency": "USD", "cik": "0001057877", "fillingDate": "1995-12-31", "acceptedDate": "1995-12-30 19:00:00", "calendarYear": "1995", "period": "FY", "revenue": 545621000, "costOfRevenue": 109277000, "grossProfit": 436344000, "grossProfitRatio": 0.7997199521, "researchAndDevelopmentExpenses": 0, "generalAndAdministrativeExpenses": 0, "sellingAndMarketingExpenses": 0, "sellingGeneralAndAdministrativeExpenses": 0, "otherExpenses": 260353000, "operatingExpenses": 260353000, "costAndExpenses": 369630000, "interestIncome": 0, "interestExpense": 0, "depreciationAndAmortization": 67415000, "ebitda": 229034000, "ebitdaratio": 0.4197675676, "operatingIncome": 175991000, "operatingIncomeRatio": 0.3225517346, "totalOtherIncomeExpensesNet": 14372000, "incomeBeforeTax": 135333000, "incomeBeforeTaxRatio": 0.248034808, "incomeTaxExpense": 48412000, "netIncome": 86921000, "netIncomeRatio": 0.1593065516, "eps": 2.1, "epsdiluted": 2.1, "weightedAverageShsOut": 37612000, "weightedAverageShsOutDil": 37612000, "link": "", "finalLink": "", "calculatedOtherExpenses": 260353000, "calculatedOperatingExpenses": 260353000, "calculatedNetInterest": 0, "calculatedOtherIncome": -40658000, "calculatedIncomeNonControlling": 0, "calculatedEbitda": 243406000}, {"date": "1994-12-31", "symbol": "IDA", "reportedCurrency": "USD", "cik": "0001057877", "fillingDate": "1994-12-31", "acceptedDate": "1994-12-30 19:00:00", "calendarYear": "1994", "period": "FY", "revenue": 543658000, "costOfRevenue": 155104000, "grossProfit": 388554000, "grossProfitRatio": 0.7147029934, "researchAndDevelopmentExpenses": 0, "generalAndAdministrativeExpenses": 0, "sellingAndMarketingExpenses": 0, "sellingGeneralAndAdministrativeExpenses": 0, "otherExpenses": 238889000, "operatingExpenses": 238889000, "costAndExpenses": 393993000, "interestIncome": 0, "interestExpense": 0, "depreciationAndAmortization": 60202000, "ebitda": 199387000, "ebitdaratio": 0.3667507882, "operatingIncome": 149665000, "operatingIncomeRatio": 0.2752925552, "totalOtherIncomeExpensesNet": 10480000, "incomeBeforeTax": 109173000, "incomeBeforeTaxRatio": 0.2008119075, "incomeTaxExpense": 34243000, "netIncome": 74930000, "netIncomeRatio": 0.1378256183, "eps": 1.8, "epsdiluted": 1.8, "weightedAverageShsOut": 37499000, "weightedAverageShsOutDil": 37499000, "link": "", "finalLink": "", "calculatedOtherExpenses": 238889000, "calculatedOperatingExpenses": 238889000, "calculatedNetInterest": 0, "calculatedOtherIncome": -40492000, "calculatedIncomeNonControlling": 0, "calculatedEbitda": 209867000}, {"date": "1993-12-31", "symbol": "IDA", "reportedCurrency": "USD", "cik": "0001057877", "fillingDate": "1993-12-31", "acceptedDate": "1993-12-30 19:00:00", "calendarYear": "1993", "period": "FY", "revenue": 540400000, "costOfRevenue": 0, "grossProfit": 540400000, "grossProfitRatio": 1, "researchAndDevelopmentExpenses": 0, "generalAndAdministrativeExpenses": 0, "sellingAndMarketingExpenses": 0, "sellingGeneralAndAdministrativeExpenses": 0, "otherExpenses": 0, "operatingExpenses": 0, "costAndExpenses": 0, "interestIncome": 0, "interestExpense": 0, "depreciationAndAmortization": 0, "ebitda": 540400000, "ebitdaratio": 1, "operatingIncome": 540400000, "operatingIncomeRatio": 1, "totalOtherIncomeExpensesNet": 0, "incomeBeforeTax": 0, "incomeBeforeTaxRatio": 0, "incomeTaxExpense": -84500000, "netIncome": 84500000, "netIncomeRatio": 0.1563656551, "eps": 2.14, "epsdiluted": 2.14, "weightedAverageShsOut": 36682243, "weightedAverageShsOutDil": 36682243, "link": "", "finalLink": "", "calculatedOtherExpenses": 0, "calculatedOperatingExpenses": 0, "calculatedNetInterest": 0, "calculatedOtherIncome": -540400000, "calculatedIncomeNonControlling": 0, "calculatedEbitda": 540400000}, {"date": "1992-12-31", "symbol": "IDA", "reportedCurrency": "USD", "cik": "0001057877", "fillingDate": "1992-12-31", "acceptedDate": "1992-12-30 19:00:00", "calendarYear": "1992", "period": "FY", "revenue": 498100000, "costOfRevenue": 0, "grossProfit": 498100000, "grossProfitRatio": 1, "researchAndDevelopmentExpenses": 0, "generalAndAdministrativeExpenses": 0, "sellingAndMarketingExpenses": 0, "sellingGeneralAndAdministrativeExpenses": 0, "otherExpenses": 0, "operatingExpenses": 0, "costAndExpenses": 0, "interestIncome": 0, "interestExpense": 0, "depreciationAndAmortization": 0, "ebitda": 498100000, "ebitdaratio": 1, "operatingIncome": 498100000, "operatingIncomeRatio": 1, "totalOtherIncomeExpensesNet": 0, "incomeBeforeTax": 0, "incomeBeforeTaxRatio": 0, "incomeTaxExpense": -60000000, "netIncome": 60000000, "netIncomeRatio": 0.1204577394, "eps": 1.55, "epsdiluted": 1.55, "weightedAverageShsOut": 35161290, "weightedAverageShsOutDil": 35161290, "link": "", "finalLink": "", "calculatedOtherExpenses": 0, "calculatedOperatingExpenses": 0, "calculatedNetInterest": 0, "calculatedOtherIncome": -498100000, "calculatedIncomeNonControlling": 0, "calculatedEbitda": 498100000}, {"date": "1991-12-31", "symbol": "IDA", "reportedCurrency": "USD", "cik": "0001057877", "fillingDate": "1991-12-31", "acceptedDate": "1991-12-30 19:00:00", "calendarYear": "1991", "period": "FY", "revenue": 483200000, "costOfRevenue": 0, "grossProfit": 483200000, "grossProfitRatio": 1, "researchAndDevelopmentExpenses": 0, "generalAndAdministrativeExpenses": 0, "sellingAndMarketingExpenses": 0, "sellingGeneralAndAdministrativeExpenses": 0, "otherExpenses": 0, "operatingExpenses": 0, "costAndExpenses": 0, "interestIncome": 0, "interestExpense": 0, "depreciationAndAmortization": 0, "ebitda": 483200000, "ebitdaratio": 1, "operatingIncome": 483200000, "operatingIncomeRatio": 1, "totalOtherIncomeExpensesNet": 0, "incomeBeforeTax": 0, "incomeBeforeTaxRatio": 0, "incomeTaxExpense": -57900000, "netIncome": 57900000, "netIncomeRatio": 0.1198261589, "eps": 1.56, "epsdiluted": 1.56, "weightedAverageShsOut": 33974359, "weightedAverageShsOutDil": 33974359, "link": "", "finalLink": "", "calculatedOtherExpenses": 0, "calculatedOperatingExpenses": 0, "calculatedNetInterest": 0, "calculatedOtherIncome": -483200000, "calculatedIncomeNonControlling": 0, "calculatedEbitda": 483200000}, {"date": "1990-12-31", "symbol": "IDA", "reportedCurrency": "USD", "cik": "0001057877", "fillingDate": "1990-12-31", "acceptedDate": "1990-12-30 19:00:00", "calendarYear": "1990", "period": "FY", "revenue": 464900000, "costOfRevenue": 0, "grossProfit": 464900000, "grossProfitRatio": 1, "researchAndDevelopmentExpenses": 0, "generalAndAdministrativeExpenses": 0, "sellingAndMarketingExpenses": 0, "sellingGeneralAndAdministrativeExpenses": 0, "otherExpenses": 0, "operatingExpenses": 0, "costAndExpenses": 0, "interestIncome": 0, "interestExpense": 0, "depreciationAndAmortization": 0, "ebitda": 464900000, "ebitdaratio": 1, "operatingIncome": 464900000, "operatingIncomeRatio": 1, "totalOtherIncomeExpensesNet": 0, "incomeBeforeTax": 0, "incomeBeforeTaxRatio": 0, "incomeTaxExpense": -69200000, "netIncome": 69200000, "netIncomeRatio": 0.1488492149, "eps": 1.91, "epsdiluted": 1.91, "weightedAverageShsOut": 33979058, "weightedAverageShsOutDil": 33979058, "link": "", "finalLink": "", "calculatedOtherExpenses": 0, "calculatedOperatingExpenses": 0, "calculatedNetInterest": 0, "calculatedOtherIncome": -464900000, "calculatedIncomeNonControlling": 0, "calculatedEbitda": 464900000}, {"date": "1989-12-31", "symbol": "IDA", "reportedCurrency": "USD", "cik": "0001057877", "fillingDate": "1989-12-31", "acceptedDate": "1989-12-30 19:00:00", "calendarYear": "1989", "period": "FY", "revenue": 496200000, "costOfRevenue": 0, "grossProfit": 496200000, "grossProfitRatio": 1, "researchAndDevelopmentExpenses": 0, "generalAndAdministrativeExpenses": 0, "sellingAndMarketingExpenses": 0, "sellingGeneralAndAdministrativeExpenses": 0, "otherExpenses": 0, "operatingExpenses": 0, "costAndExpenses": 0, "interestIncome": 0, "interestExpense": 0, "depreciationAndAmortization": 0, "ebitda": 496200000, "ebitdaratio": 1, "operatingIncome": 496200000, "operatingIncomeRatio": 1, "totalOtherIncomeExpensesNet": 0, "incomeBeforeTax": 0, "incomeBeforeTaxRatio": 0, "incomeTaxExpense": -84700000, "netIncome": 84700000, "netIncomeRatio": 0.1706972995, "eps": 2.37, "epsdiluted": 2.37, "weightedAverageShsOut": 33924051, "weightedAverageShsOutDil": 33924051, "link": "", "finalLink": "", "calculatedOtherExpenses": 0, "calculatedOperatingExpenses": 0, "calculatedNetInterest": 0, "calculatedOtherIncome": -496200000, "calculatedIncomeNonControlling": 0, "calculatedEbitda": 496200000}, {"date": "1988-12-31", "symbol": "IDA", "reportedCurrency": "USD", "cik": "0001057877", "fillingDate": "1988-12-31", "acceptedDate": "1988-12-30 19:00:00", "calendarYear": "1988", "period": "FY", "revenue": 412300000, "costOfRevenue": 0, "grossProfit": 412300000, "grossProfitRatio": 1, "researchAndDevelopmentExpenses": 0, "generalAndAdministrativeExpenses": 0, "sellingAndMarketingExpenses": 0, "sellingGeneralAndAdministrativeExpenses": 0, "otherExpenses": 0, "operatingExpenses": 0, "costAndExpenses": 0, "interestIncome": 0, "interestExpense": 0, "depreciationAndAmortization": 0, "ebitda": 412300000, "ebitdaratio": 1, "operatingIncome": 412300000, "operatingIncomeRatio": 1, "totalOtherIncomeExpensesNet": 0, "incomeBeforeTax": 0, "incomeBeforeTaxRatio": 0, "incomeTaxExpense": -49100000, "netIncome": 49100000, "netIncomeRatio": 0.1190880427, "eps": 1.32, "epsdiluted": 1.32, "weightedAverageShsOut": 33939394, "weightedAverageShsOutDil": 33939394, "link": "", "finalLink": "", "calculatedOtherExpenses": 0, "calculatedOperatingExpenses": 0, "calculatedNetInterest": 0, "calculatedOtherIncome": -412300000, "calculatedIncomeNonControlling": 0, "calculatedEbitda": 412300000}, {"date": "1987-12-31", "symbol": "IDA", "reportedCurrency": "USD", "cik": "0001057877", "fillingDate": "1987-12-31", "acceptedDate": "1987-12-30 19:00:00", "calendarYear": "1987", "period": "FY", "revenue": 394600000, "costOfRevenue": 0, "grossProfit": 394600000, "grossProfitRatio": 1, "researchAndDevelopmentExpenses": 0, "generalAndAdministrativeExpenses": 0, "sellingAndMarketingExpenses": 0, "sellingGeneralAndAdministrativeExpenses": 0, "otherExpenses": 0, "operatingExpenses": 0, "costAndExpenses": 0, "interestIncome": 0, "interestExpense": 0, "depreciationAndAmortization": 0, "ebitda": 394600000, "ebitdaratio": 1, "operatingIncome": 394600000, "operatingIncomeRatio": 1, "totalOtherIncomeExpensesNet": 0, "incomeBeforeTax": 0, "incomeBeforeTaxRatio": 0, "incomeTaxExpense": -48200000, "netIncome": 48200000, "netIncomeRatio": 0.1221490117, "eps": 1.3, "epsdiluted": 1.3, "weightedAverageShsOut": 33769231, "weightedAverageShsOutDil": 33769231, "link": "", "finalLink": "", "calculatedOtherExpenses": 0, "calculatedOperatingExpenses": 0, "calculatedNetInterest": 0, "calculatedOtherIncome": -394600000, "calculatedIncomeNonControlling": 0, "calculatedEbitda": 394600000}, {"date": "1986-12-31", "symbol": "IDA", "reportedCurrency": "USD", "cik": "0001057877", "fillingDate": "1986-12-31", "acceptedDate": "1986-12-30 19:00:00", "calendarYear": "1986", "period": "FY", "revenue": 408900000, "costOfRevenue": 0, "grossProfit": 408900000, "grossProfitRatio": 1, "researchAndDevelopmentExpenses": 0, "generalAndAdministrativeExpenses": 0, "sellingAndMarketingExpenses": 0, "sellingGeneralAndAdministrativeExpenses": 0, "otherExpenses": 0, "operatingExpenses": 0, "costAndExpenses": 0, "interestIncome": 0, "interestExpense": 0, "depreciationAndAmortization": 0, "ebitda": 408900000, "ebitdaratio": 1, "operatingIncome": 408900000, "operatingIncomeRatio": 1, "totalOtherIncomeExpensesNet": 0, "incomeBeforeTax": 0, "incomeBeforeTaxRatio": 0, "incomeTaxExpense": -78400000, "netIncome": 78400000, "netIncomeRatio": 0.1917339203, "eps": 2, "epsdiluted": 2, "weightedAverageShsOut": 33950000, "weightedAverageShsOutDil": 33950000, "link": "", "finalLink": "", "calculatedOtherExpenses": 0, "calculatedOperatingExpenses": 0, "calculatedNetInterest": 0, "calculatedOtherIncome": -408900000, "calculatedIncomeNonControlling": 0, "calculatedEbitda": 408900000}, {"date": "1985-12-31", "symbol": "IDA", "reportedCurrency": "USD", "cik": "0001057877", "fillingDate": "1985-12-31", "acceptedDate": "1985-12-30 19:00:00", "calendarYear": "1985", "period": "FY", "revenue": 451200000, "costOfRevenue": 0, "grossProfit": 451200000, "grossProfitRatio": 1, "researchAndDevelopmentExpenses": 0, "generalAndAdministrativeExpenses": 0, "sellingAndMarketingExpenses": 0, "sellingGeneralAndAdministrativeExpenses": 0, "otherExpenses": 0, "operatingExpenses": 0, "costAndExpenses": 0, "interestIncome": 0, "interestExpense": 0, "depreciationAndAmortization": 0, "ebitda": 451200000, "ebitdaratio": 1, "operatingIncome": 451200000, "operatingIncomeRatio": 1, "totalOtherIncomeExpensesNet": 0, "incomeBeforeTax": 0, "incomeBeforeTaxRatio": 0, "incomeTaxExpense": -84800000, "netIncome": 84800000, "netIncomeRatio": 0.1879432624, "eps": 2.16, "epsdiluted": 2.16, "weightedAverageShsOut": 33518519, "weightedAverageShsOutDil": 33518519, "link": "", "finalLink": "", "calculatedOtherExpenses": 0, "calculatedOperatingExpenses": 0, "calculatedNetInterest": 0, "calculatedOtherIncome": -451200000, "calculatedIncomeNonControlling": 0, "calculatedEbitda": 451200000}]}