{"originalCurrency": "USD", "convertedCurrency": "USD", "report": [{"date": "2023-12-31", "symbol": "IDCC", "reportedCurrency": "USD", "cik": "0001405495", "fillingDate": "2024-02-15", "acceptedDate": "2024-02-15 08:37:02", "calendarYear": "2023", "period": "FY", "revenue": 549588000, "costOfRevenue": 79397000, "grossProfit": 470191000, "grossProfitRatio": 0.8555335997, "researchAndDevelopmentExpenses": 195285000, "generalAndAdministrativeExpenses": 53291000, "sellingAndMarketingExpenses": 0, "sellingGeneralAndAdministrativeExpenses": 53291000, "otherExpenses": 11184000, "operatingExpenses": 248576000, "costAndExpenses": 327973000, "interestIncome": 46628000, "interestExpense": 44817000, "depreciationAndAmortization": 77792000, "ebitda": 357219000, "ebitdaratio": 0.649975982, "operatingIncome": 221615000, "operatingIncomeRatio": 0.4032384259, "totalOtherIncomeExpensesNet": 11184000, "incomeBeforeTax": 234610000, "incomeBeforeTaxRatio": 0.4268834108, "incomeTaxExpense": 23557000, "netIncome": 214069000, "netIncomeRatio": 0.3895081406, "eps": 7.97, "epsdiluted": 7.62, "weightedAverageShsOut": 26860000, "weightedAverageShsOutDil": 28102000, "link": "https://www.sec.gov/Archives/edgar/data/1405495/000140549524000052/0001405495-24-000052-index.htm", "finalLink": "https://www.sec.gov/Archives/edgar/data/1405495/000140549524000052/idcc-20231231.htm", "calculatedOtherExpenses": 0, "calculatedOperatingExpenses": 248576000, "calculatedNetInterest": 1811000, "calculatedOtherIncome": 11184000, "calculatedIncomeNonControlling": -3016000, "calculatedEbitda": 299407000}, {"date": "2022-12-31", "symbol": "IDCC", "reportedCurrency": "USD", "cik": "0001405495", "fillingDate": "2023-02-15", "acceptedDate": "2023-02-15 08:37:03", "calendarYear": "2022", "period": "FY", "revenue": 457794000, "costOfRevenue": 71419000, "grossProfit": 386375000, "grossProfitRatio": 0.8439931498, "researchAndDevelopmentExpenses": 185202000, "generalAndAdministrativeExpenses": 47377000, "sellingAndMarketingExpenses": 0, "sellingGeneralAndAdministrativeExpenses": 47377000, "otherExpenses": -3457000, "operatingExpenses": 232579000, "costAndExpenses": 303998000, "interestIncome": 14452000, "interestExpense": 29496000, "depreciationAndAmortization": 78571000, "ebitda": 150339000, "ebitdaratio": 0.3283987995, "operatingIncome": 71768000, "operatingIncomeRatio": 0.1567692019, "totalOtherIncomeExpensesNet": 45795000, "incomeBeforeTax": 117563000, "incomeBeforeTaxRatio": 0.2568032783, "incomeTaxExpense": 25502000, "netIncome": 93693000, "netIncomeRatio": 0.2046619222, "eps": 3.11, "epsdiluted": 3.07, "weightedAverageShsOut": 30106000, "weightedAverageShsOutDil": 30485000, "link": "https://www.sec.gov/Archives/edgar/data/1405495/000140549523000011/0001405495-23-000011-index.htm", "finalLink": "https://www.sec.gov/Archives/edgar/data/1405495/000140549523000011/idcc-20221231.htm", "calculatedOtherExpenses": 82028000, "calculatedOperatingExpenses": 314607000, "calculatedNetInterest": -15044000, "calculatedOtherIncome": 60839000, "calculatedIncomeNonControlling": -1632000, "calculatedEbitda": 150339000}, {"date": "2021-12-31", "symbol": "IDCC", "reportedCurrency": "USD", "cik": "0001405495", "fillingDate": "2022-02-17", "acceptedDate": "2022-02-17 08:38:58", "calendarYear": "2021", "period": "FY", "revenue": 425409000, "costOfRevenue": 175741000, "grossProfit": 249668000, "grossProfitRatio": 0.586889323, "researchAndDevelopmentExpenses": 89368000, "generalAndAdministrativeExpenses": 61217000, "sellingAndMarketingExpenses": 0, "sellingGeneralAndAdministrativeExpenses": 61217000, "otherExpenses": 11575000, "operatingExpenses": 150585000, "costAndExpenses": 326326000, "interestIncome": 1690000, "interestExpense": 25225000, "depreciationAndAmortization": 78193000, "ebitda": 110658000, "ebitdaratio": 0.2601214361, "operatingIncome": 32465000, "operatingIncomeRatio": 0.0763147935, "totalOtherIncomeExpensesNet": 25091000, "incomeBeforeTax": 57556000, "incomeBeforeTaxRatio": 0.1352956802, "incomeTaxExpense": 15368000, "netIncome": 42188000, "netIncomeRatio": 0.0991704454, "eps": 1.37, "epsdiluted": 1.35, "weightedAverageShsOut": 30764000, "weightedAverageShsOutDil": 31253000, "link": "https://www.sec.gov/Archives/edgar/data/1405495/000140549522000010/0001405495-22-000010-index.htm", "finalLink": "https://www.sec.gov/Archives/edgar/data/1405495/000140549522000010/idcc-20211231.htm", "calculatedOtherExpenses": 66618000, "calculatedOperatingExpenses": 217203000, "calculatedNetInterest": -23535000, "calculatedOtherIncome": 48626000, "calculatedIncomeNonControlling": 0, "calculatedEbitda": 110658000}, {"date": "2020-12-31", "symbol": "IDCC", "reportedCurrency": "USD", "cik": "0001405495", "fillingDate": "2021-02-18", "acceptedDate": "2021-02-18 08:36:23", "calendarYear": "2020", "period": "FY", "revenue": 358991000, "costOfRevenue": 170178000, "grossProfit": 188813000, "grossProfitRatio": 0.5259546897, "researchAndDevelopmentExpenses": 84646000, "generalAndAdministrativeExpenses": 48999000, "sellingAndMarketingExpenses": 0, "sellingGeneralAndAdministrativeExpenses": 48999000, "otherExpenses": 16924000, "operatingExpenses": 133645000, "costAndExpenses": 303823000, "interestIncome": 5661000, "interestExpense": 40799000, "depreciationAndAmortization": 81041000, "ebitda": 72092000, "ebitdaratio": 0.2008184049, "operatingIncome": -8949000, "operatingIncomeRatio": -0.0249282015, "totalOtherIncomeExpensesNet": 40242000, "incomeBeforeTax": 31293000, "incomeBeforeTaxRatio": 0.0871693162, "incomeTaxExpense": -6648000, "netIncome": 44801000, "netIncomeRatio": 0.1247970005, "eps": 1.46, "epsdiluted": 1.44, "weightedAverageShsOut": 30776000, "weightedAverageShsOutDil": 31058000, "link": "https://www.sec.gov/Archives/edgar/data/1405495/000140549521000013/0001405495-21-000013-index.htm", "finalLink": "https://www.sec.gov/Archives/edgar/data/1405495/000140549521000013/idcc-20201231.htm", "calculatedOtherExpenses": 64117000, "calculatedOperatingExpenses": 197762000, "calculatedNetInterest": -35138000, "calculatedOtherIncome": 75380000, "calculatedIncomeNonControlling": -6860000, "calculatedEbitda": 72092000}, {"date": "2019-12-31", "symbol": "IDCC", "reportedCurrency": "USD", "cik": "0001405495", "fillingDate": "2020-02-20", "acceptedDate": "2020-02-20 08:44:11", "calendarYear": "2019", "period": "FY", "revenue": 318924000, "costOfRevenue": 154940000, "grossProfit": 163984000, "grossProfitRatio": 0.5141789266, "researchAndDevelopmentExpenses": 74860000, "generalAndAdministrativeExpenses": 0, "sellingAndMarketingExpenses": 0, "sellingGeneralAndAdministrativeExpenses": 51289000, "otherExpenses": 29062000, "operatingExpenses": 126149000, "costAndExpenses": 281089000, "interestIncome": 14991000, "interestExpense": 40955000, "depreciationAndAmortization": 77094000, "ebitda": 66897000, "ebitdaratio": 0.2097584377, "operatingIncome": -10197000, "operatingIncomeRatio": -0.0319731347, "totalOtherIncomeExpensesNet": 36139000, "incomeBeforeTax": 25942000, "incomeBeforeTaxRatio": 0.0813422634, "incomeTaxExpense": 10991000, "netIncome": 14951000, "netIncomeRatio": 0.0468795073, "eps": 0.47, "epsdiluted": 0.47, "weightedAverageShsOut": 31546000, "weightedAverageShsOutDil": 31785000, "link": "https://www.sec.gov/Archives/edgar/data/1405495/000140549520000007/0001405495-20-000007-index.htm", "finalLink": "https://www.sec.gov/Archives/edgar/data/1405495/000140549520000007/idcc-2019x10k.htm", "calculatedOtherExpenses": 48032000, "calculatedOperatingExpenses": 174181000, "calculatedNetInterest": -25964000, "calculatedOtherIncome": 62103000, "calculatedIncomeNonControlling": 0, "calculatedEbitda": 66897000}, {"date": "2018-12-31", "symbol": "IDCC", "reportedCurrency": "USD", "cik": "0001405495", "fillingDate": "2019-02-21", "acceptedDate": "2019-02-21 08:38:48", "calendarYear": "2018", "period": "FY", "revenue": 307404000, "costOfRevenue": 124081000, "grossProfit": 183323000, "grossProfitRatio": 0.596358538, "researchAndDevelopmentExpenses": 69698000, "generalAndAdministrativeExpenses": 0, "sellingAndMarketingExpenses": 0, "sellingGeneralAndAdministrativeExpenses": 51030000, "otherExpenses": -30537000, "operatingExpenses": 120728000, "costAndExpenses": 244809000, "interestIncome": 14590000, "interestExpense": 35956000, "depreciationAndAmortization": 66108000, "ebitda": 62595000, "ebitdaratio": 0.2036245462, "operatingIncome": 62595000, "operatingIncomeRatio": 0.2036245462, "totalOtherIncomeExpensesNet": -30537000, "incomeBeforeTax": 32058000, "incomeBeforeTaxRatio": 0.1042862162, "incomeTaxExpense": -27417000, "netIncome": 63868000, "netIncomeRatio": 0.2077656764, "eps": 1.85, "epsdiluted": 1.81, "weightedAverageShsOut": 34491000, "weightedAverageShsOutDil": 35307000, "link": "https://www.sec.gov/Archives/edgar/data/1405495/000140549519000008/0001405495-19-000008-index.htm", "finalLink": "https://www.sec.gov/Archives/edgar/data/1405495/000140549519000008/idcc-2018x10k.htm", "calculatedOtherExpenses": 0, "calculatedOperatingExpenses": 120728000, "calculatedNetInterest": -21366000, "calculatedOtherIncome": -9171000, "calculatedIncomeNonControlling": -4393000, "calculatedEbitda": 128703000}, {"date": "2017-12-31", "symbol": "IDCC", "reportedCurrency": "USD", "cik": "0001405495", "fillingDate": "2018-02-22", "acceptedDate": "2018-02-22 09:08:08", "calendarYear": "2017", "period": "FY", "revenue": 532938000, "costOfRevenue": 111157000, "grossProfit": 421781000, "grossProfitRatio": 0.7914260195, "researchAndDevelopmentExpenses": 70708000, "generalAndAdministrativeExpenses": 0, "sellingAndMarketingExpenses": 0, "sellingGeneralAndAdministrativeExpenses": 49578000, "otherExpenses": -9105000, "operatingExpenses": 120286000, "costAndExpenses": 231443000, "interestIncome": 8488000, "interestExpense": 17845000, "depreciationAndAmortization": 57053000, "ebitda": 301495000, "ebitdaratio": 0.5657224668, "operatingIncome": 301495000, "operatingIncomeRatio": 0.5657224668, "totalOtherIncomeExpensesNet": -9105000, "incomeBeforeTax": 292390000, "incomeBeforeTaxRatio": 0.5486379279, "incomeTaxExpense": 121676000, "netIncome": 174293000, "netIncomeRatio": 0.3270417947, "eps": 5.04, "epsdiluted": 4.87, "weightedAverageShsOut": 34605000, "weightedAverageShsOutDil": 35779000, "link": "https://www.sec.gov/Archives/edgar/data/1405495/000140549518000015/0001405495-18-000015-index.htm", "finalLink": "https://www.sec.gov/Archives/edgar/data/1405495/000140549518000015/idcc-2017x10k.htm", "calculatedOtherExpenses": 0, "calculatedOperatingExpenses": 120286000, "calculatedNetInterest": -9357000, "calculatedOtherIncome": 252000, "calculatedIncomeNonControlling": -3579000, "calculatedEbitda": 358548000}, {"date": "2016-12-31", "symbol": "IDCC", "reportedCurrency": "USD", "cik": "0001405495", "fillingDate": "2017-02-23", "acceptedDate": "2017-02-23 08:50:05", "calendarYear": "2016", "period": "FY", "revenue": 665854000, "costOfRevenue": 113544000, "grossProfit": 552310000, "grossProfitRatio": 0.8294761314, "researchAndDevelopmentExpenses": 68733000, "generalAndAdministrativeExpenses": 0, "sellingAndMarketingExpenses": 0, "sellingGeneralAndAdministrativeExpenses": 46271000, "otherExpenses": -15035000, "operatingExpenses": 115004000, "costAndExpenses": 228548000, "interestIncome": 3748000, "interestExpense": 21126000, "depreciationAndAmortization": 52753000, "ebitda": 437306000, "ebitdaratio": 0.6567595899, "operatingIncome": 437306000, "operatingIncomeRatio": 0.6567595899, "totalOtherIncomeExpensesNet": -15035000, "incomeBeforeTax": 422271000, "incomeBeforeTaxRatio": 0.6341795649, "incomeTaxExpense": 116791000, "netIncome": 309001000, "netIncomeRatio": 0.4640671979, "eps": 8.95, "epsdiluted": 8.78, "weightedAverageShsOut": 34526000, "weightedAverageShsOutDil": 35189000, "link": "https://www.sec.gov/Archives/edgar/data/1405495/000140549517000005/0001405495-17-000005-index.htm", "finalLink": "https://www.sec.gov/Archives/edgar/data/1405495/000140549517000005/idcc-2016x10k.htm", "calculatedOtherExpenses": 0, "calculatedOperatingExpenses": 115004000, "calculatedNetInterest": -17378000, "calculatedOtherIncome": 2343000, "calculatedIncomeNonControlling": -3521000, "calculatedEbitda": 490059000}, {"date": "2015-12-31", "symbol": "IDCC", "reportedCurrency": "USD", "cik": "0001405495", "fillingDate": "2016-02-18", "acceptedDate": "2016-02-18 09:21:44", "calendarYear": "2015", "period": "FY", "revenue": 441435000, "costOfRevenue": 120401000, "grossProfit": 321034000, "grossProfitRatio": 0.7272508976, "researchAndDevelopmentExpenses": 72702000, "generalAndAdministrativeExpenses": 0, "sellingAndMarketingExpenses": 0, "sellingGeneralAndAdministrativeExpenses": 39783000, "otherExpenses": -27534000, "operatingExpenses": 112485000, "costAndExpenses": 232886000, "interestIncome": 3858000, "interestExpense": 30417000, "depreciationAndAmortization": 47793000, "ebitda": 208549000, "ebitdaratio": 0.4724342202, "operatingIncome": 208549000, "operatingIncomeRatio": 0.4724342202, "totalOtherIncomeExpensesNet": -27534000, "incomeBeforeTax": 181015000, "incomeBeforeTaxRatio": 0.4100603713, "incomeTaxExpense": 64621000, "netIncome": 119225000, "netIncomeRatio": 0.2700850635, "eps": 3.31, "epsdiluted": 3.27, "weightedAverageShsOut": 36048000, "weightedAverageShsOutDil": 36463000, "link": "https://www.sec.gov/Archives/edgar/data/1405495/000140549516000047/0001405495-16-000047-index.htm", "finalLink": "https://www.sec.gov/Archives/edgar/data/1405495/000140549516000047/idcc-20151231x10k.htm", "calculatedOtherExpenses": 0, "calculatedOperatingExpenses": 112485000, "calculatedNetInterest": -26559000, "calculatedOtherIncome": -975000, "calculatedIncomeNonControlling": -2831000, "calculatedEbitda": 256342000}, {"date": "2014-12-31", "symbol": "IDCC", "reportedCurrency": "USD", "cik": "0001405495", "fillingDate": "2015-02-19", "acceptedDate": "2015-02-19 08:42:53", "calendarYear": "2014", "period": "FY", "revenue": 415821000, "costOfRevenue": 133808000, "grossProfit": 282013000, "grossProfitRatio": 0.6782076903, "researchAndDevelopmentExpenses": 75300000, "generalAndAdministrativeExpenses": 0, "sellingAndMarketingExpenses": 0, "sellingGeneralAndAdministrativeExpenses": 37753000, "otherExpenses": -747000, "operatingExpenses": 113053000, "costAndExpenses": 246861000, "interestIncome": 1399000, "interestExpense": 16084000, "depreciationAndAmortization": 42246000, "ebitda": 211858000, "ebitdaratio": 0.5094932675, "operatingIncome": 168960000, "operatingIncomeRatio": 0.4063286847, "totalOtherIncomeExpensesNet": -747000, "incomeBeforeTax": 153528000, "incomeBeforeTaxRatio": 0.3692165619, "incomeTaxExpense": 52108000, "netIncome": 104342000, "netIncomeRatio": 0.2509300877, "eps": 2.65, "epsdiluted": 2.62, "weightedAverageShsOut": 39420000, "weightedAverageShsOutDil": 39879000, "link": "https://www.sec.gov/Archives/edgar/data/1405495/000140549515000010/0001405495-15-000010-index.htm", "finalLink": "https://www.sec.gov/Archives/edgar/data/1405495/000140549515000010/idcc-20141231x10k.htm", "calculatedOtherExpenses": 0, "calculatedOperatingExpenses": 113053000, "calculatedNetInterest": -14685000, "calculatedOtherIncome": -747000, "calculatedIncomeNonControlling": -2922000, "calculatedEbitda": 211206000}, {"date": "2013-12-31", "symbol": "IDCC", "reportedCurrency": "USD", "cik": "0001405495", "fillingDate": "2014-02-24", "acceptedDate": "2014-02-24 16:00:17", "calendarYear": "2013", "period": "FY", "revenue": 325361000, "costOfRevenue": 143037000, "grossProfit": 182324000, "grossProfitRatio": 0.5603744764, "researchAndDevelopmentExpenses": 63330000, "generalAndAdministrativeExpenses": 0, "sellingAndMarketingExpenses": 0, "sellingGeneralAndAdministrativeExpenses": 32694000, "otherExpenses": -23237000, "operatingExpenses": 96024000, "costAndExpenses": 239061000, "interestIncome": 14300000, "interestExpense": 15500000, "depreciationAndAmortization": 33385000, "ebitda": 87844000, "ebitdaratio": 0.2699893349, "operatingIncome": 84756000, "operatingIncomeRatio": 0.2604983388, "totalOtherIncomeExpensesNet": -24781000, "incomeBeforeTax": 61519000, "incomeBeforeTaxRatio": 0.1890792074, "incomeTaxExpense": 25836000, "netIncome": 38165000, "netIncomeRatio": 0.1173004755, "eps": 0.93, "epsdiluted": 0.92, "weightedAverageShsOut": 41115000, "weightedAverageShsOutDil": 41424000, "link": "https://www.sec.gov/Archives/edgar/data/1405495/000140549514000010/0001405495-14-000010-index.htm", "finalLink": "https://www.sec.gov/Archives/edgar/data/1405495/000140549514000010/idcc-20131231x10k.htm", "calculatedOtherExpenses": 1544000, "calculatedOperatingExpenses": 97568000, "calculatedNetInterest": -1200000, "calculatedOtherIncome": -22037000, "calculatedIncomeNonControlling": -2482000, "calculatedEbitda": 118141000}, {"date": "2012-12-31", "symbol": "IDCC", "reportedCurrency": "USD", "cik": "0001405495", "fillingDate": "2013-02-26", "acceptedDate": "2013-02-26 06:43:44", "calendarYear": "2012", "period": "FY", "revenue": 663063000, "costOfRevenue": 126284000, "grossProfit": 536779000, "grossProfitRatio": 0.8095444928, "researchAndDevelopmentExpenses": 67862000, "generalAndAdministrativeExpenses": 0, "sellingAndMarketingExpenses": 0, "sellingGeneralAndAdministrativeExpenses": 37351000, "otherExpenses": -10396000, "operatingExpenses": 105213000, "costAndExpenses": 231497000, "interestIncome": -200000, "interestExpense": 14900000, "depreciationAndAmortization": 26248000, "ebitda": 444102000, "ebitdaratio": 0.6697734604, "operatingIncome": 419030000, "operatingIncomeRatio": 0.6319610655, "totalOtherIncomeExpensesNet": -22932000, "incomeBeforeTax": 408634000, "incomeBeforeTaxRatio": 0.616282314, "incomeTaxExpense": 136830000, "netIncome": 271804000, "netIncomeRatio": 0.4099218325, "eps": 6.31, "epsdiluted": 6.26, "weightedAverageShsOut": 43070000, "weightedAverageShsOutDil": 43396000, "link": "https://www.sec.gov/Archives/edgar/data/1405495/000140549513000010/0001405495-13-000010-index.htm", "finalLink": "https://www.sec.gov/Archives/edgar/data/1405495/000140549513000010/idcc-20121231x10k.htm", "calculatedOtherExpenses": 12536000, "calculatedOperatingExpenses": 117749000, "calculatedNetInterest": -15100000, "calculatedOtherIncome": 4704000, "calculatedIncomeNonControlling": 0, "calculatedEbitda": 445278000}, {"date": "2011-12-31", "symbol": "IDCC", "reportedCurrency": "USD", "cik": "0001405495", "fillingDate": "2012-02-27", "acceptedDate": "2012-02-27 09:18:23", "calendarYear": "2011", "period": "FY", "revenue": 301742000, "costOfRevenue": 71736000, "grossProfit": 230006000, "grossProfitRatio": 0.7622604742, "researchAndDevelopmentExpenses": 63763000, "generalAndAdministrativeExpenses": 0, "sellingAndMarketingExpenses": 0, "sellingGeneralAndAdministrativeExpenses": 103222000, "otherExpenses": 0, "operatingExpenses": 166985000, "costAndExpenses": 166985000, "interestIncome": 0, "interestExpense": 10900000, "depreciationAndAmortization": 23805000, "ebitda": 144906000, "ebitdaratio": 0.480231456, "operatingIncome": 134757000, "operatingIncomeRatio": 0.4465967615, "totalOtherIncomeExpensesNet": -10149000, "incomeBeforeTax": 124608000, "incomeBeforeTaxRatio": 0.4129620669, "incomeTaxExpense": 35140000, "netIncome": 89468000, "netIncomeRatio": 0.2965049612, "eps": 1.97, "epsdiluted": 1.94, "weightedAverageShsOut": 45411000, "weightedAverageShsOutDil": 46014000, "link": "https://www.sec.gov/Archives/edgar/data/1405495/000140549512000009/0001405495-12-000009-index.htm", "finalLink": "https://www.sec.gov/Archives/edgar/data/1405495/000140549512000009/idcc-20111231xk.htm", "calculatedOtherExpenses": -71736000, "calculatedOperatingExpenses": 95249000, "calculatedNetInterest": -10900000, "calculatedOtherIncome": 751000, "calculatedIncomeNonControlling": 0, "calculatedEbitda": 158562000}, {"date": "2010-12-31", "symbol": "IDCC", "reportedCurrency": "USD", "cik": "0001405495", "fillingDate": "2011-02-28", "acceptedDate": "2011-02-28 17:02:03", "calendarYear": "2010", "period": "FY", "revenue": 394545000, "costOfRevenue": 58907000, "grossProfit": 335638000, "grossProfitRatio": 0.8506963718, "researchAndDevelopmentExpenses": 71464000, "generalAndAdministrativeExpenses": 0, "sellingAndMarketingExpenses": 0, "sellingGeneralAndAdministrativeExpenses": 87208000, "otherExpenses": 0, "operatingExpenses": 158672000, "costAndExpenses": 158672000, "interestIncome": 2574000, "interestExpense": 0, "depreciationAndAmortization": 22125000, "ebitda": 233299000, "ebitdaratio": 0.5913115107, "operatingIncome": 235873000, "operatingIncomeRatio": 0.5978354814, "totalOtherIncomeExpensesNet": 2574000, "incomeBeforeTax": 238447000, "incomeBeforeTaxRatio": 0.604359452, "incomeTaxExpense": 84831000, "netIncome": 153616000, "netIncomeRatio": 0.3893497573, "eps": 3.48, "epsdiluted": 3.48, "weightedAverageShsOut": 44084000, "weightedAverageShsOutDil": 44084000, "link": "https://www.sec.gov/Archives/edgar/data/1405495/000095012311019854/0000950123-11-019854-index.htm", "finalLink": "https://www.sec.gov/Archives/edgar/data/1405495/000095012311019854/w80945e10vk.htm", "calculatedOtherExpenses": -58907000, "calculatedOperatingExpenses": 99765000, "calculatedNetInterest": 2574000, "calculatedOtherIncome": 0, "calculatedIncomeNonControlling": 0, "calculatedEbitda": 257998000}, {"date": "2009-12-31", "symbol": "IDCC", "reportedCurrency": "USD", "cik": "0001405495", "fillingDate": "2010-02-26", "acceptedDate": "2010-02-26 16:40:51", "calendarYear": "2009", "period": "FY", "revenue": 297404000, "costOfRevenue": 38604000, "grossProfit": 258800000, "grossProfitRatio": 0.8701967694, "researchAndDevelopmentExpenses": 64007000, "generalAndAdministrativeExpenses": 0, "sellingAndMarketingExpenses": 0, "sellingGeneralAndAdministrativeExpenses": 80904000, "otherExpenses": 0, "operatingExpenses": 144911000, "costAndExpenses": 183515000, "interestIncome": 0, "interestExpense": 1186000, "depreciationAndAmortization": 22874000, "ebitda": 113889000, "ebitdaratio": 0.3829437398, "operatingIncome": 113889000, "operatingIncomeRatio": 0.3829437398, "totalOtherIncomeExpensesNet": -1186000, "incomeBeforeTax": 112703000, "incomeBeforeTaxRatio": 0.3789558984, "incomeTaxExpense": 25447000, "netIncome": 87256000, "netIncomeRatio": 0.2933921534, "eps": 1.98, "epsdiluted": 1.95, "weightedAverageShsOut": 43295000, "weightedAverageShsOutDil": 44080000, "link": "https://www.sec.gov/Archives/edgar/data/1405495/000095012310018213/0000950123-10-018213-index.htm", "finalLink": "https://www.sec.gov/Archives/edgar/data/1405495/000095012310018213/w77496e10vk.htm", "calculatedOtherExpenses": 0, "calculatedOperatingExpenses": 144911000, "calculatedNetInterest": -1186000, "calculatedOtherIncome": 0, "calculatedIncomeNonControlling": 0, "calculatedEbitda": 136763000}, {"date": "2008-12-31", "symbol": "IDCC", "reportedCurrency": "USD", "cik": "0001405495", "fillingDate": "2009-03-02", "acceptedDate": "2009-03-02 16:33:30", "calendarYear": "2008", "period": "FY", "revenue": 228469000, "costOfRevenue": 58885000, "grossProfit": 169584000, "grossProfitRatio": 0.7422626264, "researchAndDevelopmentExpenses": 101254000, "generalAndAdministrativeExpenses": 26576000, "sellingAndMarketingExpenses": 9161000, "sellingGeneralAndAdministrativeExpenses": 35737000, "otherExpenses": 0, "operatingExpenses": 191936000, "costAndExpenses": 191936000, "interestIncome": 5229000, "interestExpense": 1800000, "depreciationAndAmortization": 28851000, "ebitda": 33104000, "ebitdaratio": 0.144894931, "operatingIncome": 36533000, "operatingIncomeRatio": 0.1599035318, "totalOtherIncomeExpensesNet": 3429000, "incomeBeforeTax": 39962000, "incomeBeforeTaxRatio": 0.1749121325, "incomeTaxExpense": 13755000, "netIncome": 26207000, "netIncomeRatio": 0.1147070281, "eps": 0.58, "epsdiluted": 0.57, "weightedAverageShsOut": 44928000, "weightedAverageShsOutDil": 45964000, "link": "https://www.sec.gov/Archives/edgar/data/1405495/000089322009000448/0000893220-09-000448-index.htm", "finalLink": "https://www.sec.gov/Archives/edgar/data/1405495/000089322009000448/w72965e10vk.htm", "calculatedOtherExpenses": -3940000, "calculatedOperatingExpenses": 133051000, "calculatedNetInterest": 3429000, "calculatedOtherIncome": 0, "calculatedIncomeNonControlling": 0, "calculatedEbitda": 65384000}, {"date": "2007-12-31", "symbol": "IDCC", "reportedCurrency": "USD", "cik": "0001405495", "fillingDate": "2008-02-29", "acceptedDate": "2008-02-29 16:29:38", "calendarYear": "2007", "period": "FY", "revenue": 234232000, "costOfRevenue": 67587000, "grossProfit": 166645000, "grossProfitRatio": 0.7114527477, "researchAndDevelopmentExpenses": 87141000, "generalAndAdministrativeExpenses": 24210000, "sellingAndMarketingExpenses": 7828000, "sellingGeneralAndAdministrativeExpenses": 32038000, "otherExpenses": 24412000, "operatingExpenses": 143591000, "costAndExpenses": 211178000, "interestIncome": 8949000, "interestExpense": 0, "depreciationAndAmortization": 21990000, "ebitda": 69456000, "ebitdaratio": 0.2965265207, "operatingIncome": 23054000, "operatingIncomeRatio": 0.098423785, "totalOtherIncomeExpensesNet": -24412000, "incomeBeforeTax": 32003000, "incomeBeforeTaxRatio": 0.1366294955, "incomeTaxExpense": 11999000, "netIncome": 20004000, "netIncomeRatio": 0.0854025069, "eps": 0.42, "epsdiluted": 0.4, "weightedAverageShsOut": 47766000, "weightedAverageShsOutDil": 49489000, "link": "https://www.sec.gov/Archives/edgar/data/1405495/000119312508043723/0001193125-08-043723-index.htm", "finalLink": "https://www.sec.gov/Archives/edgar/data/1405495/000119312508043723/d10k.htm", "calculatedOtherExpenses": 24412000, "calculatedOperatingExpenses": 143591000, "calculatedNetInterest": 8949000, "calculatedOtherIncome": 0, "calculatedIncomeNonControlling": 0, "calculatedEbitda": 45044000}, {"date": "2006-12-31", "symbol": "IDCC", "reportedCurrency": "USD", "cik": "0001405495", "fillingDate": "2006-12-31", "acceptedDate": "2006-12-31 00:00:00", "calendarYear": "2006", "period": "FY", "revenue": 480466000, "costOfRevenue": 51060000, "grossProfit": 429406000, "grossProfitRatio": 0.8937281722, "researchAndDevelopmentExpenses": 65427000, "generalAndAdministrativeExpenses": 0, "sellingAndMarketingExpenses": 0, "sellingGeneralAndAdministrativeExpenses": 27563000, "otherExpenses": 0, "operatingExpenses": 92990000, "costAndExpenses": 144050000, "interestIncome": 0, "interestExpense": 0, "depreciationAndAmortization": 14621000, "ebitda": 351037000, "ebitdaratio": 0.7306177752, "operatingIncome": 336416000, "operatingIncomeRatio": 0.7001869019, "totalOtherIncomeExpensesNet": 13195000, "incomeBeforeTax": 349611000, "incomeBeforeTaxRatio": 0.7276498233, "incomeTaxExpense": 124389000, "netIncome": 225222000, "netIncomeRatio": 0.4687574147, "eps": 4.22, "epsdiluted": 4.04, "weightedAverageShsOut": 53426000, "weightedAverageShsOutDil": 55778000, "link": null, "finalLink": null, "calculatedOtherExpenses": 0, "calculatedOperatingExpenses": 92990000, "calculatedNetInterest": 0, "calculatedOtherIncome": 13195000, "calculatedIncomeNonControlling": 0, "calculatedEbitda": 351037000}, {"date": "2005-12-31", "symbol": "IDCC", "reportedCurrency": "USD", "cik": "0001405495", "fillingDate": "2005-12-31", "acceptedDate": "2005-12-31 00:00:00", "calendarYear": "2005", "period": "FY", "revenue": 163125000, "costOfRevenue": 0, "grossProfit": 163125000, "grossProfitRatio": 1, "researchAndDevelopmentExpenses": 63095000, "generalAndAdministrativeExpenses": 0, "sellingAndMarketingExpenses": 0, "sellingGeneralAndAdministrativeExpenses": 82943000, "otherExpenses": 0, "operatingExpenses": 146038000, "costAndExpenses": 146038000, "interestIncome": 0, "interestExpense": 0, "depreciationAndAmortization": 11421000, "ebitda": 28508000, "ebitdaratio": 0.1747616858, "operatingIncome": 17087000, "operatingIncomeRatio": 0.1047478927, "totalOtherIncomeExpensesNet": 3164000, "incomeBeforeTax": 20251000, "incomeBeforeTaxRatio": 0.1241440613, "incomeTaxExpense": -34434000, "netIncome": 54685000, "netIncomeRatio": 0.3352337165, "eps": 1.01, "epsdiluted": 0.96, "weightedAverageShsOut": 54058000, "weightedAverageShsOutDil": 57161000, "link": null, "finalLink": null, "calculatedOtherExpenses": 0, "calculatedOperatingExpenses": 146038000, "calculatedNetInterest": 0, "calculatedOtherIncome": 3164000, "calculatedIncomeNonControlling": 0, "calculatedEbitda": 28508000}, {"date": "2004-12-31", "symbol": "IDCC", "reportedCurrency": "USD", "cik": "0001405495", "fillingDate": "2004-12-31", "acceptedDate": "2004-12-31 00:00:00", "calendarYear": "2004", "period": "FY", "revenue": 103685000, "costOfRevenue": 0, "grossProfit": 103685000, "grossProfitRatio": 1, "researchAndDevelopmentExpenses": 51218000, "generalAndAdministrativeExpenses": 0, "sellingAndMarketingExpenses": 0, "sellingGeneralAndAdministrativeExpenses": 58759000, "otherExpenses": 0, "operatingExpenses": 109977000, "costAndExpenses": 109977000, "interestIncome": 0, "interestExpense": 0, "depreciationAndAmortization": 9707000, "ebitda": 3415000, "ebitdaratio": 0.0329362974, "operatingIncome": -6292000, "operatingIncomeRatio": -0.0606838019, "totalOtherIncomeExpensesNet": 1743000, "incomeBeforeTax": -4549000, "incomeBeforeTaxRatio": -0.04387327, "incomeTaxExpense": -4704000, "netIncome": 155000, "netIncomeRatio": 0.0014949125, "eps": 0.0028, "epsdiluted": 0.0026, "weightedAverageShsOut": 55264000, "weightedAverageShsOutDil": 59075000, "link": null, "finalLink": null, "calculatedOtherExpenses": 0, "calculatedOperatingExpenses": 109977000, "calculatedNetInterest": 0, "calculatedOtherIncome": 1743000, "calculatedIncomeNonControlling": 0, "calculatedEbitda": 3415000}, {"date": "2003-12-31", "symbol": "IDCC", "reportedCurrency": "USD", "cik": "0001405495", "fillingDate": "2003-12-31", "acceptedDate": "2003-12-31 00:00:00", "calendarYear": "2003", "period": "FY", "revenue": 114574000, "costOfRevenue": 0, "grossProfit": 114574000, "grossProfitRatio": 1, "researchAndDevelopmentExpenses": 45936000, "generalAndAdministrativeExpenses": 0, "sellingAndMarketingExpenses": 0, "sellingGeneralAndAdministrativeExpenses": 39097000, "otherExpenses": 0, "operatingExpenses": 85033000, "costAndExpenses": 85033000, "interestIncome": 0, "interestExpense": 0, "depreciationAndAmortization": 9735000, "ebitda": 28696000, "ebitdaratio": 0.2504582191, "operatingIncome": 29541000, "operatingIncomeRatio": 0.2578333653, "totalOtherIncomeExpensesNet": 10580000, "incomeBeforeTax": 41734000, "incomeBeforeTaxRatio": 0.3642536701, "incomeTaxExpense": 7269000, "netIncome": 34465000, "netIncomeRatio": 0.3008099569, "eps": 0.62, "epsdiluted": 0.58, "weightedAverageShsOut": 55271000, "weightedAverageShsOutDil": 59691000, "link": null, "finalLink": null, "calculatedOtherExpenses": 0, "calculatedOperatingExpenses": 85033000, "calculatedNetInterest": 0, "calculatedOtherIncome": 12193000, "calculatedIncomeNonControlling": 0, "calculatedEbitda": 39276000}, {"date": "2002-12-31", "symbol": "IDCC", "reportedCurrency": "USD", "cik": "0001405495", "fillingDate": "2002-12-31", "acceptedDate": "2002-12-31 00:00:00", "calendarYear": "2002", "period": "FY", "revenue": 87895000, "costOfRevenue": 0, "grossProfit": 87895000, "grossProfitRatio": 1, "researchAndDevelopmentExpenses": 46686000, "generalAndAdministrativeExpenses": 0, "sellingAndMarketingExpenses": 0, "sellingGeneralAndAdministrativeExpenses": 31969000, "otherExpenses": 0, "operatingExpenses": 78655000, "costAndExpenses": 78655000, "interestIncome": 0, "interestExpense": 0, "depreciationAndAmortization": 11629000, "ebitda": 20869000, "ebitdaratio": 0.2374310257, "operatingIncome": 9240000, "operatingIncomeRatio": 0.1051254338, "totalOtherIncomeExpensesNet": 2019000, "incomeBeforeTax": 11259000, "incomeBeforeTaxRatio": 0.1280960237, "incomeTaxExpense": 8748000, "netIncome": 2511000, "netIncomeRatio": 0.0285681779, "eps": 0.04, "epsdiluted": 0.04, "weightedAverageShsOut": 52981000, "weightedAverageShsOutDil": 56099000, "link": null, "finalLink": null, "calculatedOtherExpenses": 0, "calculatedOperatingExpenses": 78655000, "calculatedNetInterest": 0, "calculatedOtherIncome": 2019000, "calculatedIncomeNonControlling": 0, "calculatedEbitda": 20869000}, {"date": "2001-12-31", "symbol": "IDCC", "reportedCurrency": "USD", "cik": "0001405495", "fillingDate": "2001-12-31", "acceptedDate": "2001-12-31 00:00:00", "calendarYear": "2001", "period": "FY", "revenue": 52562000, "costOfRevenue": 0, "grossProfit": 52562000, "grossProfitRatio": 1, "researchAndDevelopmentExpenses": 44500000, "generalAndAdministrativeExpenses": 0, "sellingAndMarketingExpenses": 0, "sellingGeneralAndAdministrativeExpenses": 28555000, "otherExpenses": 0, "operatingExpenses": 73055000, "costAndExpenses": 73055000, "interestIncome": 0, "interestExpense": 0, "depreciationAndAmortization": 9338000, "ebitda": -11155000, "ebitdaratio": -0.2122255622, "operatingIncome": -20493000, "operatingIncomeRatio": -0.3898824246, "totalOtherIncomeExpensesNet": 4627000, "incomeBeforeTax": -15866000, "incomeBeforeTaxRatio": -0.3018530497, "incomeTaxExpense": 3418000, "netIncome": -19284000, "netIncomeRatio": -0.3668810167, "eps": -0.36, "epsdiluted": -0.36, "weightedAverageShsOut": 53446000, "weightedAverageShsOutDil": 53446000, "link": null, "finalLink": null, "calculatedOtherExpenses": 0, "calculatedOperatingExpenses": 73055000, "calculatedNetInterest": 0, "calculatedOtherIncome": 4627000, "calculatedIncomeNonControlling": 0, "calculatedEbitda": -11155000}, {"date": "2000-12-31", "symbol": "IDCC", "reportedCurrency": "USD", "cik": "0001405495", "fillingDate": "2000-12-31", "acceptedDate": "2000-12-31 00:00:00", "calendarYear": "2000", "period": "FY", "revenue": 56878000, "costOfRevenue": -1539000, "grossProfit": 58417000, "grossProfitRatio": 1.0270579134, "researchAndDevelopmentExpenses": 26013000, "generalAndAdministrativeExpenses": 0, "sellingAndMarketingExpenses": 0, "sellingGeneralAndAdministrativeExpenses": 22422000, "otherExpenses": 6739000, "operatingExpenses": 55174000, "costAndExpenses": 53635000, "interestIncome": 0, "interestExpense": 0, "depreciationAndAmortization": 6739000, "ebitda": 9982000, "ebitdaratio": 0.1754984352, "operatingIncome": 3243000, "operatingIncomeRatio": 0.0570167727, "totalOtherIncomeExpensesNet": 6056000, "incomeBeforeTax": 9299000, "incomeBeforeTaxRatio": 0.1634902774, "incomeTaxExpense": 3607000, "netIncome": -48183000, "netIncomeRatio": -0.8471289426, "eps": -0.91, "epsdiluted": -0.84, "weightedAverageShsOut": 52855000, "weightedAverageShsOutDil": 57306000, "link": null, "finalLink": null, "calculatedOtherExpenses": 6739000, "calculatedOperatingExpenses": 55174000, "calculatedNetInterest": 0, "calculatedOtherIncome": 6056000, "calculatedIncomeNonControlling": 53875000, "calculatedEbitda": 9982000}, {"date": "1999-12-31", "symbol": "IDCC", "reportedCurrency": "USD", "cik": "0001405495", "fillingDate": "1999-12-31", "acceptedDate": "1999-12-31 00:00:00", "calendarYear": "1999", "period": "FY", "revenue": 70667000, "costOfRevenue": 1078000, "grossProfit": 69589000, "grossProfitRatio": 0.984745355, "researchAndDevelopmentExpenses": 20481000, "generalAndAdministrativeExpenses": 0, "sellingAndMarketingExpenses": 0, "sellingGeneralAndAdministrativeExpenses": 16705000, "otherExpenses": 4798000, "operatingExpenses": 41984000, "costAndExpenses": 43062000, "interestIncome": 0, "interestExpense": 0, "depreciationAndAmortization": 4798000, "ebitda": 33616000, "ebitdaratio": 0.4756958694, "operatingIncome": 27605000, "operatingIncomeRatio": 0.3906349498, "totalOtherIncomeExpensesNet": -1213000, "incomeBeforeTax": 29952000, "incomeBeforeTaxRatio": 0.4238470573, "incomeTaxExpense": 3246000, "netIncome": 26706000, "netIncomeRatio": 0.3779133117, "eps": 0.55, "epsdiluted": 0.52, "weightedAverageShsOut": 48357000, "weightedAverageShsOutDil": 50495000, "link": null, "finalLink": null, "calculatedOtherExpenses": 4798000, "calculatedOperatingExpenses": 41984000, "calculatedNetInterest": 0, "calculatedOtherIncome": 2347000, "calculatedIncomeNonControlling": 0, "calculatedEbitda": 32403000}, {"date": "1998-12-31", "symbol": "IDCC", "reportedCurrency": "USD", "cik": "0001405495", "fillingDate": "1998-12-31", "acceptedDate": "1998-12-31 00:00:00", "calendarYear": "1998", "period": "FY", "revenue": 99200000, "costOfRevenue": 13000000, "grossProfit": 86200000, "grossProfitRatio": 0.8689516129, "researchAndDevelopmentExpenses": 17200000, "generalAndAdministrativeExpenses": 0, "sellingAndMarketingExpenses": 0, "sellingGeneralAndAdministrativeExpenses": 20300000, "otherExpenses": 4600000, "operatingExpenses": 42100000, "costAndExpenses": 55100000, "interestIncome": 0, "interestExpense": 0, "depreciationAndAmortization": 4600000, "ebitda": 46200000, "ebitdaratio": 0.4657258065, "operatingIncome": 44100000, "operatingIncomeRatio": 0.4445564516, "totalOtherIncomeExpensesNet": 2500000, "incomeBeforeTax": 46300000, "incomeBeforeTaxRatio": 0.466733871, "incomeTaxExpense": 9300000, "netIncome": 37000000, "netIncomeRatio": 0.372983871, "eps": 0.76, "epsdiluted": 0.75, "weightedAverageShsOut": 48380000, "weightedAverageShsOutDil": 48771000, "link": null, "finalLink": null, "calculatedOtherExpenses": 4600000, "calculatedOperatingExpenses": 42100000, "calculatedNetInterest": 0, "calculatedOtherIncome": 2200000, "calculatedIncomeNonControlling": 0, "calculatedEbitda": 48700000}, {"date": "1997-12-31", "symbol": "IDCC", "reportedCurrency": "USD", "cik": "0001405495", "fillingDate": "1997-12-31", "acceptedDate": "1997-12-31 00:00:00", "calendarYear": "1997", "period": "FY", "revenue": 49800000, "costOfRevenue": 37000000, "grossProfit": 12800000, "grossProfitRatio": 0.2570281124, "researchAndDevelopmentExpenses": 24200000, "generalAndAdministrativeExpenses": 0, "sellingAndMarketingExpenses": 0, "sellingGeneralAndAdministrativeExpenses": 19600000, "otherExpenses": 4900000, "operatingExpenses": 48700000, "costAndExpenses": 85700000, "interestIncome": 0, "interestExpense": 0, "depreciationAndAmortization": 4900000, "ebitda": -33100000, "ebitdaratio": -0.6646586345, "operatingIncome": -35900000, "operatingIncomeRatio": -0.7208835341, "totalOtherIncomeExpensesNet": 2100000, "incomeBeforeTax": -34300000, "incomeBeforeTaxRatio": -0.6887550201, "incomeTaxExpense": 34300000, "netIncome": -34300000, "netIncomeRatio": -0.6887550201, "eps": -0.71, "epsdiluted": -0.71, "weightedAverageShsOut": 48166000, "weightedAverageShsOutDil": 48166000, "link": null, "finalLink": null, "calculatedOtherExpenses": 4900000, "calculatedOperatingExpenses": 48700000, "calculatedNetInterest": 0, "calculatedOtherIncome": 1600000, "calculatedIncomeNonControlling": -34300000, "calculatedEbitda": -31000000}, {"date": "1996-12-31", "symbol": "IDCC", "reportedCurrency": "USD", "cik": "0001405495", "fillingDate": "1996-12-31", "acceptedDate": "1996-12-31 00:00:00", "calendarYear": "1996", "period": "FY", "revenue": 53700000, "costOfRevenue": 23700000, "grossProfit": 30000000, "grossProfitRatio": 0.5586592179, "researchAndDevelopmentExpenses": 0, "generalAndAdministrativeExpenses": 0, "sellingAndMarketingExpenses": 0, "sellingGeneralAndAdministrativeExpenses": 37400000, "otherExpenses": 3700000, "operatingExpenses": 41100000, "costAndExpenses": 64800000, "interestIncome": 0, "interestExpense": 0, "depreciationAndAmortization": 3700000, "ebitda": -11600000, "ebitdaratio": -0.2160148976, "operatingIncome": -11100000, "operatingIncomeRatio": -0.2067039106, "totalOtherIncomeExpensesNet": 4200000, "incomeBeforeTax": -8000000, "incomeBeforeTaxRatio": -0.1489757914, "incomeTaxExpense": 3600000, "netIncome": -11600000, "netIncomeRatio": -0.2160148976, "eps": -0.25, "epsdiluted": -0.24, "weightedAverageShsOut": 46462000, "weightedAverageShsOutDil": 47500000, "link": null, "finalLink": null, "calculatedOtherExpenses": 3700000, "calculatedOperatingExpenses": 41100000, "calculatedNetInterest": 0, "calculatedOtherIncome": 3100000, "calculatedIncomeNonControlling": 0, "calculatedEbitda": -7400000}, {"date": "1995-12-31", "symbol": "IDCC", "reportedCurrency": "USD", "cik": "0001405495", "fillingDate": "1995-12-31", "acceptedDate": "1995-12-31 00:00:00", "calendarYear": "1995", "period": "FY", "revenue": 85000000, "costOfRevenue": 17000000, "grossProfit": 68000000, "grossProfitRatio": 0.8, "researchAndDevelopmentExpenses": 0, "generalAndAdministrativeExpenses": 0, "sellingAndMarketingExpenses": 0, "sellingGeneralAndAdministrativeExpenses": 28100000, "otherExpenses": 1700000, "operatingExpenses": 29800000, "costAndExpenses": 46800000, "interestIncome": 0, "interestExpense": 0, "depreciationAndAmortization": 1700000, "ebitda": 36800000, "ebitdaratio": 0.4329411765, "operatingIncome": 38200000, "operatingIncomeRatio": 0.4494117647, "totalOtherIncomeExpensesNet": 3100000, "incomeBeforeTax": 37900000, "incomeBeforeTaxRatio": 0.4458823529, "incomeTaxExpense": 3300000, "netIncome": 34600000, "netIncomeRatio": 0.4070588235, "eps": 0.74, "epsdiluted": 0.74, "weightedAverageShsOut": 46503000, "weightedAverageShsOutDil": 46503000, "link": null, "finalLink": null, "calculatedOtherExpenses": 1700000, "calculatedOperatingExpenses": 29800000, "calculatedNetInterest": 0, "calculatedOtherIncome": -300000, "calculatedIncomeNonControlling": 0, "calculatedEbitda": 39900000}, {"date": "1994-12-31", "symbol": "IDCC", "reportedCurrency": "USD", "cik": "0001405495", "fillingDate": "1994-12-31", "acceptedDate": "1994-12-31 00:00:00", "calendarYear": "1994", "period": "FY", "revenue": 50000000, "costOfRevenue": 22900000, "grossProfit": 27100000, "grossProfitRatio": 0.542, "researchAndDevelopmentExpenses": 0, "generalAndAdministrativeExpenses": 0, "sellingAndMarketingExpenses": 0, "sellingGeneralAndAdministrativeExpenses": 35000000, "otherExpenses": 2000000, "operatingExpenses": 37000000, "costAndExpenses": 59900000, "interestIncome": 0, "interestExpense": 0, "depreciationAndAmortization": 2000000, "ebitda": -8000000, "ebitdaratio": -0.16, "operatingIncome": -9900000, "operatingIncomeRatio": -0.198, "totalOtherIncomeExpensesNet": 100000, "incomeBeforeTax": -12200000, "incomeBeforeTaxRatio": -0.244, "incomeTaxExpense": 1600000, "netIncome": -14100000, "netIncomeRatio": -0.282, "eps": -0.37, "epsdiluted": -0.37, "weightedAverageShsOut": 37894737, "weightedAverageShsOutDil": 37894737, "link": null, "finalLink": null, "calculatedOtherExpenses": 2000000, "calculatedOperatingExpenses": 37000000, "calculatedNetInterest": 0, "calculatedOtherIncome": -2300000, "calculatedIncomeNonControlling": 300000, "calculatedEbitda": -7900000}, {"date": "1993-12-31", "symbol": "IDCC", "reportedCurrency": "USD", "cik": "0001405495", "fillingDate": "1993-12-31", "acceptedDate": "1993-12-31 00:00:00", "calendarYear": "1993", "period": "FY", "revenue": 16400000, "costOfRevenue": 23100000, "grossProfit": -6700000, "grossProfitRatio": -0.4085365854, "researchAndDevelopmentExpenses": 0, "generalAndAdministrativeExpenses": 0, "sellingAndMarketingExpenses": 0, "sellingGeneralAndAdministrativeExpenses": 23700000, "otherExpenses": 2900000, "operatingExpenses": 26600000, "costAndExpenses": 49700000, "interestIncome": 0, "interestExpense": 0, "depreciationAndAmortization": 2900000, "ebitda": -30700000, "ebitdaratio": -1.8719512195, "operatingIncome": -33300000, "operatingIncomeRatio": -2.0304878049, "totalOtherIncomeExpensesNet": 300000, "incomeBeforeTax": -34600000, "incomeBeforeTaxRatio": -2.1097560976, "incomeTaxExpense": 100000, "netIncome": -34700000, "netIncomeRatio": -2.1158536585, "eps": -1.1, "epsdiluted": -1.1, "weightedAverageShsOut": 31531532, "weightedAverageShsOutDil": 31531532, "link": null, "finalLink": null, "calculatedOtherExpenses": 2900000, "calculatedOperatingExpenses": 26600000, "calculatedNetInterest": 0, "calculatedOtherIncome": -1300000, "calculatedIncomeNonControlling": 0, "calculatedEbitda": -30400000}, {"date": "1992-12-31", "symbol": "IDCC", "reportedCurrency": "USD", "cik": "0001405495", "fillingDate": "1992-12-31", "acceptedDate": "1992-12-31 00:00:00", "calendarYear": "1992", "period": "FY", "revenue": 42600000, "costOfRevenue": 29600000, "grossProfit": 13000000, "grossProfitRatio": 0.3051643192, "researchAndDevelopmentExpenses": 0, "generalAndAdministrativeExpenses": 0, "sellingAndMarketingExpenses": 0, "sellingGeneralAndAdministrativeExpenses": 15600000, "otherExpenses": 3600000, "operatingExpenses": 19200000, "costAndExpenses": 48800000, "interestIncome": 0, "interestExpense": 0, "depreciationAndAmortization": 3600000, "ebitda": 12300000, "ebitdaratio": 0.2887323944, "operatingIncome": -6200000, "operatingIncomeRatio": -0.1455399061, "totalOtherIncomeExpensesNet": -14900000, "incomeBeforeTax": -22500000, "incomeBeforeTaxRatio": -0.5281690141, "incomeTaxExpense": 100000, "netIncome": -22600000, "netIncomeRatio": -0.5305164319, "eps": -0.94, "epsdiluted": -0.94, "weightedAverageShsOut": 24105263, "weightedAverageShsOutDil": 24105263, "link": null, "finalLink": null, "calculatedOtherExpenses": 3600000, "calculatedOperatingExpenses": 19200000, "calculatedNetInterest": 0, "calculatedOtherIncome": -16300000, "calculatedIncomeNonControlling": 0, "calculatedEbitda": -2600000}, {"date": "1991-12-31", "symbol": "IDCC", "reportedCurrency": "USD", "cik": "0001405495", "fillingDate": "1991-12-31", "acceptedDate": "1991-12-31 00:00:00", "calendarYear": "1991", "period": "FY", "revenue": 33800000, "costOfRevenue": 23000000, "grossProfit": 10800000, "grossProfitRatio": 0.3195266272, "researchAndDevelopmentExpenses": 0, "generalAndAdministrativeExpenses": 0, "sellingAndMarketingExpenses": 0, "sellingGeneralAndAdministrativeExpenses": 14300000, "otherExpenses": 3100000, "operatingExpenses": 17400000, "costAndExpenses": 40400000, "interestIncome": 0, "interestExpense": 0, "depreciationAndAmortization": 3100000, "ebitda": -4600000, "ebitdaratio": -0.1360946746, "operatingIncome": -6600000, "operatingIncomeRatio": -0.1952662722, "totalOtherIncomeExpensesNet": 1100000, "incomeBeforeTax": -6200000, "incomeBeforeTaxRatio": -0.1834319527, "incomeTaxExpense": 6200000, "netIncome": -6200000, "netIncomeRatio": -0.1834319527, "eps": -0.31, "epsdiluted": -0.31, "weightedAverageShsOut": 19743590, "weightedAverageShsOutDil": 19743590, "link": null, "finalLink": null, "calculatedOtherExpenses": 3100000, "calculatedOperatingExpenses": 17400000, "calculatedNetInterest": 0, "calculatedOtherIncome": 400000, "calculatedIncomeNonControlling": -6200000, "calculatedEbitda": -3500000}, {"date": "1990-12-31", "symbol": "IDCC", "reportedCurrency": "USD", "cik": "0001405495", "fillingDate": "1990-12-31", "acceptedDate": "1990-12-31 00:00:00", "calendarYear": "1990", "period": "FY", "revenue": 18600000, "costOfRevenue": 11500000, "grossProfit": 7100000, "grossProfitRatio": 0.3817204301, "researchAndDevelopmentExpenses": 0, "generalAndAdministrativeExpenses": 0, "sellingAndMarketingExpenses": 0, "sellingGeneralAndAdministrativeExpenses": 13500000, "otherExpenses": 3400000, "operatingExpenses": 16900000, "costAndExpenses": 28400000, "interestIncome": 0, "interestExpense": 0, "depreciationAndAmortization": 3400000, "ebitda": -6700000, "ebitdaratio": -0.3602150538, "operatingIncome": -9800000, "operatingIncomeRatio": -0.5268817204, "totalOtherIncomeExpensesNet": 300000, "incomeBeforeTax": -12000000, "incomeBeforeTaxRatio": -0.6451612903, "incomeTaxExpense": 12000000, "netIncome": -12000000, "netIncomeRatio": -0.6451612903, "eps": -0.72, "epsdiluted": -0.72, "weightedAverageShsOut": 16666667, "weightedAverageShsOutDil": 16666667, "link": null, "finalLink": null, "calculatedOtherExpenses": 3400000, "calculatedOperatingExpenses": 16900000, "calculatedNetInterest": 0, "calculatedOtherIncome": -2200000, "calculatedIncomeNonControlling": -12000000, "calculatedEbitda": -6400000}, {"date": "1989-12-31", "symbol": "IDCC", "reportedCurrency": "USD", "cik": "0001405495", "fillingDate": "1989-12-31", "acceptedDate": "1989-12-31 00:00:00", "calendarYear": "1989", "period": "FY", "revenue": 4500000, "costOfRevenue": 1000000, "grossProfit": 3500000, "grossProfitRatio": 0.7777777778, "researchAndDevelopmentExpenses": 0, "generalAndAdministrativeExpenses": 0, "sellingAndMarketingExpenses": 0, "sellingGeneralAndAdministrativeExpenses": 19400000, "otherExpenses": 2800000, "operatingExpenses": 22200000, "costAndExpenses": 23200000, "interestIncome": 0, "interestExpense": 0, "depreciationAndAmortization": 2800000, "ebitda": -16300000, "ebitdaratio": -3.6222222222, "operatingIncome": -18700000, "operatingIncomeRatio": -4.1555555556, "totalOtherIncomeExpensesNet": 400000, "incomeBeforeTax": -19100000, "incomeBeforeTaxRatio": -4.2444444444, "incomeTaxExpense": 19100000, "netIncome": -19100000, "netIncomeRatio": -4.2444444444, "eps": -1.35, "epsdiluted": -1.35, "weightedAverageShsOut": 14193548, "weightedAverageShsOutDil": 14193548, "link": null, "finalLink": null, "calculatedOtherExpenses": 2800000, "calculatedOperatingExpenses": 22200000, "calculatedNetInterest": 0, "calculatedOtherIncome": -400000, "calculatedIncomeNonControlling": -19100000, "calculatedEbitda": -15900000}, {"date": "1988-12-31", "symbol": "IDCC", "reportedCurrency": "USD", "cik": "0001405495", "fillingDate": "1988-12-31", "acceptedDate": "1988-12-31 00:00:00", "calendarYear": "1988", "period": "FY", "revenue": 4300000, "costOfRevenue": 23300000, "grossProfit": -19000000, "grossProfitRatio": -4.4186046512, "researchAndDevelopmentExpenses": 0, "generalAndAdministrativeExpenses": 0, "sellingAndMarketingExpenses": 0, "sellingGeneralAndAdministrativeExpenses": 0, "otherExpenses": 2900000, "operatingExpenses": 2900000, "costAndExpenses": 26200000, "interestIncome": 0, "interestExpense": 0, "depreciationAndAmortization": 2900000, "ebitda": -19600000, "ebitdaratio": -4.5581395349, "operatingIncome": -21900000, "operatingIncomeRatio": -5.0930232558, "totalOtherIncomeExpensesNet": 600000, "incomeBeforeTax": -21400000, "incomeBeforeTaxRatio": -4.976744186, "incomeTaxExpense": 21400000, "netIncome": -21400000, "netIncomeRatio": -4.976744186, "eps": -1.85, "epsdiluted": -1.85, "weightedAverageShsOut": 11581633, "weightedAverageShsOutDil": 11581633, "link": null, "finalLink": null, "calculatedOtherExpenses": 2900000, "calculatedOperatingExpenses": 2900000, "calculatedNetInterest": 0, "calculatedOtherIncome": 500000, "calculatedIncomeNonControlling": -21400000, "calculatedEbitda": -19000000}, {"date": "1987-12-31", "symbol": "IDCC", "reportedCurrency": "USD", "cik": "0001405495", "fillingDate": "1987-12-31", "acceptedDate": "1987-12-31 00:00:00", "calendarYear": "1987", "period": "FY", "revenue": 2400000, "costOfRevenue": 2700000, "grossProfit": -300000, "grossProfitRatio": -0.125, "researchAndDevelopmentExpenses": 0, "generalAndAdministrativeExpenses": 0, "sellingAndMarketingExpenses": 0, "sellingGeneralAndAdministrativeExpenses": 10100000, "otherExpenses": 700000, "operatingExpenses": 10800000, "costAndExpenses": 13500000, "interestIncome": 0, "interestExpense": 0, "depreciationAndAmortization": 700000, "ebitda": -10700000, "ebitdaratio": -4.4583333333, "operatingIncome": -11100000, "operatingIncomeRatio": -4.625, "totalOtherIncomeExpensesNet": 300000, "incomeBeforeTax": -10800000, "incomeBeforeTaxRatio": -4.5, "incomeTaxExpense": 10800000, "netIncome": -10800000, "netIncomeRatio": -4.5, "eps": -0.97, "epsdiluted": -0.97, "weightedAverageShsOut": 11132075, "weightedAverageShsOutDil": 11132075, "link": null, "finalLink": null, "calculatedOtherExpenses": 700000, "calculatedOperatingExpenses": 10800000, "calculatedNetInterest": 0, "calculatedOtherIncome": 300000, "calculatedIncomeNonControlling": -10800000, "calculatedEbitda": -10400000}, {"date": "1986-12-31", "symbol": "IDCC", "reportedCurrency": "USD", "cik": "0001405495", "fillingDate": "1986-12-31", "acceptedDate": "1986-12-31 00:00:00", "calendarYear": "1986", "period": "FY", "revenue": 1600000, "costOfRevenue": 0, "grossProfit": 1600000, "grossProfitRatio": 1, "researchAndDevelopmentExpenses": 0, "generalAndAdministrativeExpenses": 0, "sellingAndMarketingExpenses": 0, "sellingGeneralAndAdministrativeExpenses": 11200000, "otherExpenses": 100000, "operatingExpenses": 11300000, "costAndExpenses": 11300000, "interestIncome": 0, "interestExpense": 0, "depreciationAndAmortization": 100000, "ebitda": -9400000, "ebitdaratio": -5.875, "operatingIncome": -9700000, "operatingIncomeRatio": -6.0625, "totalOtherIncomeExpensesNet": -200000, "incomeBeforeTax": -9600000, "incomeBeforeTaxRatio": -6, "incomeTaxExpense": 9600000, "netIncome": -9600000, "netIncomeRatio": -6, "eps": -0.93, "epsdiluted": -0.93, "weightedAverageShsOut": 10315789, "weightedAverageShsOutDil": 10315789, "link": null, "finalLink": null, "calculatedOtherExpenses": 100000, "calculatedOperatingExpenses": 11300000, "calculatedNetInterest": 0, "calculatedOtherIncome": 100000, "calculatedIncomeNonControlling": -9600000, "calculatedEbitda": -9600000}, {"date": "1985-12-31", "symbol": "IDCC", "reportedCurrency": "USD", "cik": "0001405495", "fillingDate": "1985-12-31", "acceptedDate": "1985-12-31 00:00:00", "calendarYear": "1985", "period": "FY", "revenue": 300000, "costOfRevenue": 100000, "grossProfit": 200000, "grossProfitRatio": 0.6666666667, "researchAndDevelopmentExpenses": 0, "generalAndAdministrativeExpenses": 0, "sellingAndMarketingExpenses": 0, "sellingGeneralAndAdministrativeExpenses": 7500000, "otherExpenses": 0, "operatingExpenses": 7500000, "costAndExpenses": 7600000, "interestIncome": 0, "interestExpense": 0, "depreciationAndAmortization": 400000, "ebitda": -6900000, "ebitdaratio": -23, "operatingIncome": -7300000, "operatingIncomeRatio": -24.3333333333, "totalOtherIncomeExpensesNet": -400000, "incomeBeforeTax": -7900000, "incomeBeforeTaxRatio": -26.3333333333, "incomeTaxExpense": 7900000, "netIncome": -7900000, "netIncomeRatio": -26.3333333333, "eps": -0.96, "epsdiluted": -0.96, "weightedAverageShsOut": 8229167, "weightedAverageShsOutDil": 8229167, "link": null, "finalLink": null, "calculatedOtherExpenses": 0, "calculatedOperatingExpenses": 7500000, "calculatedNetInterest": 0, "calculatedOtherIncome": -600000, "calculatedIncomeNonControlling": -7900000, "calculatedEbitda": -6900000}]}