{"originalCurrency": "USD", "convertedCurrency": "USD", "report": [{"date": "2023-12-31", "symbol": "IEP", "reportedCurrency": "USD", "cik": "0000813762", "fillingDate": "2024-02-29", "acceptedDate": "2024-02-28 21:56:11", "calendarYear": "2023", "period": "FY", "revenue": 11924000000, "costOfRevenue": 9975000000, "grossProfit": 1949000000, "grossProfitRatio": 0.1634518618, "researchAndDevelopmentExpenses": 0, "generalAndAdministrativeExpenses": 0, "sellingAndMarketingExpenses": 0, "sellingGeneralAndAdministrativeExpenses": 852000000, "otherExpenses": -95000000, "operatingExpenses": 852000000, "costAndExpenses": 10827000000, "interestIncome": 636000000, "interestExpense": 554000000, "depreciationAndAmortization": 518000000, "ebitda": 1615000000, "ebitdaratio": 0.1354411271, "operatingIncome": 1097000000, "operatingIncomeRatio": 0.0919993291, "totalOtherIncomeExpensesNet": -2019000000, "incomeBeforeTax": -922000000, "incomeBeforeTaxRatio": -0.077323046, "incomeTaxExpense": 90000000, "netIncome": -698000000, "netIncomeRatio": -0.0585374036, "eps": -1.83, "epsdiluted": -1.83, "weightedAverageShsOut": 382000000, "weightedAverageShsOutDil": 382000000, "link": "https://www.sec.gov/Archives/edgar/data/813762/000155837024002090/0001558370-24-002090-index.htm", "finalLink": "https://www.sec.gov/Archives/edgar/data/813762/000155837024002090/tmb-20231231x10k.htm", "calculatedOtherExpenses": 0, "calculatedOperatingExpenses": 852000000, "calculatedNetInterest": 82000000, "calculatedOtherIncome": -2101000000, "calculatedIncomeNonControlling": -314000000, "calculatedEbitda": 1615000000}, {"date": "2022-12-31", "symbol": "IEP", "reportedCurrency": "USD", "cik": "0000813762", "fillingDate": "2023-02-24", "acceptedDate": "2023-02-24 17:23:48", "calendarYear": "2022", "period": "FY", "revenue": 14126000000, "costOfRevenue": 11689000000, "grossProfit": 2437000000, "grossProfitRatio": 0.1725187597, "researchAndDevelopmentExpenses": 0, "generalAndAdministrativeExpenses": 0, "sellingAndMarketingExpenses": 0, "sellingGeneralAndAdministrativeExpenses": 1250000000, "otherExpenses": 583000000, "operatingExpenses": 1833000000, "costAndExpenses": 13522000000, "interestIncome": 328000000, "interestExpense": 568000000, "depreciationAndAmortization": 509000000, "ebitda": 755000000, "ebitdaratio": 0.0534475435, "operatingIncome": 246000000, "operatingIncomeRatio": 0.0174146963, "totalOtherIncomeExpensesNet": -237000000, "incomeBeforeTax": 9000000, "incomeBeforeTaxRatio": 0.000637123, "incomeTaxExpense": 34000000, "netIncome": -25000000, "netIncomeRatio": -0.0017697862, "eps": -0.0791, "epsdiluted": -0.0791, "weightedAverageShsOut": 316000000, "weightedAverageShsOutDil": 316000000, "link": "https://www.sec.gov/Archives/edgar/data/813762/000155837023002068/0001558370-23-002068-index.htm", "finalLink": "https://www.sec.gov/Archives/edgar/data/813762/000155837023002068/tmb-20221231x10k.htm", "calculatedOtherExpenses": 941000000, "calculatedOperatingExpenses": 2191000000, "calculatedNetInterest": -240000000, "calculatedOtherIncome": 3000000, "calculatedIncomeNonControlling": 0, "calculatedEbitda": 755000000}, {"date": "2021-12-31", "symbol": "IEP", "reportedCurrency": "USD", "cik": "0000813762", "fillingDate": "2022-02-25", "acceptedDate": "2022-02-25 16:16:49", "calendarYear": "2021", "period": "FY", "revenue": 10941000000, "costOfRevenue": 9481000000, "grossProfit": 1460000000, "grossProfitRatio": 0.1334430125, "researchAndDevelopmentExpenses": 0, "generalAndAdministrativeExpenses": 0, "sellingAndMarketingExpenses": 0, "sellingGeneralAndAdministrativeExpenses": 1241000000, "otherExpenses": 513000000, "operatingExpenses": 1754000000, "costAndExpenses": 11235000000, "interestIncome": 137000000, "interestExpense": 666000000, "depreciationAndAmortization": 517000000, "ebitda": -241000000, "ebitdaratio": -0.022027237, "operatingIncome": -758000000, "operatingIncomeRatio": -0.0692806873, "totalOtherIncomeExpensesNet": 180000000, "incomeBeforeTax": -578000000, "incomeBeforeTaxRatio": -0.0528288091, "incomeTaxExpense": -78000000, "netIncome": -500000000, "netIncomeRatio": -0.0456996618, "eps": -1.92, "epsdiluted": -1.92, "weightedAverageShsOut": 260000000, "weightedAverageShsOutDil": 260000000, "link": "https://www.sec.gov/Archives/edgar/data/813762/000155837022002150/0001558370-22-002150-index.htm", "finalLink": "https://www.sec.gov/Archives/edgar/data/813762/000155837022002150/tmb-20211231x10k.htm", "calculatedOtherExpenses": 977000000, "calculatedOperatingExpenses": 2218000000, "calculatedNetInterest": -529000000, "calculatedOtherIncome": 709000000, "calculatedIncomeNonControlling": 0, "calculatedEbitda": -241000000}, {"date": "2020-12-31", "symbol": "IEP", "reportedCurrency": "USD", "cik": "0000813762", "fillingDate": "2021-02-26", "acceptedDate": "2021-02-26 16:21:35", "calendarYear": "2020", "period": "FY", "revenue": 7423000000, "costOfRevenue": 6320000000, "grossProfit": 1103000000, "grossProfitRatio": 0.1485922134, "researchAndDevelopmentExpenses": 0, "generalAndAdministrativeExpenses": 0, "sellingAndMarketingExpenses": 0, "sellingGeneralAndAdministrativeExpenses": 1191000000, "otherExpenses": 487000000, "operatingExpenses": 1678000000, "costAndExpenses": 7998000000, "interestIncome": 169000000, "interestExpense": 688000000, "depreciationAndAmortization": 510000000, "ebitda": -437000000, "ebitdaratio": -0.0588710764, "operatingIncome": -947000000, "operatingIncomeRatio": -0.1275764516, "totalOtherIncomeExpensesNet": -1637000000, "incomeBeforeTax": -2584000000, "incomeBeforeTaxRatio": -0.3481072343, "incomeTaxExpense": -116000000, "netIncome": -2468000000, "netIncomeRatio": -0.3324801293, "eps": -11.17, "epsdiluted": -11.17, "weightedAverageShsOut": 221000000, "weightedAverageShsOutDil": 221000000, "link": "https://www.sec.gov/Archives/edgar/data/813762/000155837021002010/0001558370-21-002010-index.htm", "finalLink": "https://www.sec.gov/Archives/edgar/data/813762/000155837021002010/tmb-20201231x10k.htm", "calculatedOtherExpenses": 859000000, "calculatedOperatingExpenses": 2050000000, "calculatedNetInterest": -519000000, "calculatedOtherIncome": -1118000000, "calculatedIncomeNonControlling": 0, "calculatedEbitda": -437000000}, {"date": "2019-12-31", "symbol": "IEP", "reportedCurrency": "USD", "cik": "0000813762", "fillingDate": "2020-02-28", "acceptedDate": "2020-02-28 16:14:48", "calendarYear": "2019", "period": "FY", "revenue": 10386000000, "costOfRevenue": 8212000000, "grossProfit": 2174000000, "grossProfitRatio": 0.2093202388, "researchAndDevelopmentExpenses": 0, "generalAndAdministrativeExpenses": 0, "sellingAndMarketingExpenses": 0, "sellingGeneralAndAdministrativeExpenses": 1376000000, "otherExpenses": 518000000, "operatingExpenses": 1894000000, "costAndExpenses": 10106000000, "interestIncome": 265000000, "interestExpense": 605000000, "depreciationAndAmortization": 519000000, "ebitda": 564000000, "ebitdaratio": 0.0543038706, "operatingIncome": 45000000, "operatingIncomeRatio": 0.0043327556, "totalOtherIncomeExpensesNet": -1784000000, "incomeBeforeTax": -1739000000, "incomeBeforeTaxRatio": -0.1674369343, "incomeTaxExpense": 20000000, "netIncome": -1759000000, "netIncomeRatio": -0.1693626035, "eps": -8.79, "epsdiluted": -8.79, "weightedAverageShsOut": 200000000, "weightedAverageShsOutDil": 200000000, "link": "https://www.sec.gov/Archives/edgar/data/813762/000081376220000008/0000813762-20-000008-index.htm", "finalLink": "https://www.sec.gov/Archives/edgar/data/813762/000081376220000008/iep-20191231.htm", "calculatedOtherExpenses": 753000000, "calculatedOperatingExpenses": 2129000000, "calculatedNetInterest": -340000000, "calculatedOtherIncome": -1444000000, "calculatedIncomeNonControlling": 0, "calculatedEbitda": 564000000}, {"date": "2018-12-31", "symbol": "IEP", "reportedCurrency": "USD", "cik": "0000813762", "fillingDate": "2019-03-01", "acceptedDate": "2019-03-01 16:11:06", "calendarYear": "2018", "period": "FY", "revenue": 11223000000, "costOfRevenue": 8947000000, "grossProfit": 2276000000, "grossProfitRatio": 0.2027978259, "researchAndDevelopmentExpenses": 0, "generalAndAdministrativeExpenses": 0, "sellingAndMarketingExpenses": 0, "sellingGeneralAndAdministrativeExpenses": 1386000000, "otherExpenses": -3000000, "operatingExpenses": 1915000000, "costAndExpenses": 10862000000, "interestIncome": 148000000, "interestExpense": 524000000, "depreciationAndAmortization": 447000000, "ebitda": 509000000, "ebitdaratio": 0.0453532923, "operatingIncome": 361000000, "operatingIncomeRatio": 0.0321660875, "totalOtherIncomeExpensesNet": 293000000, "incomeBeforeTax": 278000000, "incomeBeforeTaxRatio": 0.0247705605, "incomeTaxExpense": -4000000, "netIncome": 1507000000, "netIncomeRatio": 0.1342778223, "eps": 8.37, "epsdiluted": 8.37, "weightedAverageShsOut": 180000000, "weightedAverageShsOutDil": 180000000, "link": "https://www.sec.gov/Archives/edgar/data/813762/000081376219000006/0000813762-19-000006-index.htm", "finalLink": "https://www.sec.gov/Archives/edgar/data/813762/000081376219000006/a10k-fy2018.htm", "calculatedOtherExpenses": 529000000, "calculatedOperatingExpenses": 1915000000, "calculatedNetInterest": -376000000, "calculatedOtherIncome": 293000000, "calculatedIncomeNonControlling": -1225000000, "calculatedEbitda": 808000000}, {"date": "2017-12-31", "symbol": "IEP", "reportedCurrency": "USD", "cik": "0000813762", "fillingDate": "2018-03-01", "acceptedDate": "2018-03-01 16:13:26", "calendarYear": "2017", "period": "FY", "revenue": 19130000000, "costOfRevenue": 15005000000, "grossProfit": 4125000000, "grossProfitRatio": 0.2156299007, "researchAndDevelopmentExpenses": 195000000, "generalAndAdministrativeExpenses": 0, "sellingAndMarketingExpenses": 0, "sellingGeneralAndAdministrativeExpenses": 2565000000, "otherExpenses": 8000000, "operatingExpenses": 3606000000, "costAndExpenses": 18611000000, "interestIncome": 136000000, "interestExpense": 843000000, "depreciationAndAmortization": 1017000000, "ebitda": 663000000, "ebitdaratio": 0.0346576059, "operatingIncome": 580000000, "operatingIncomeRatio": 0.0303188709, "totalOtherIncomeExpensesNet": 2341000000, "incomeBeforeTax": 2153000000, "incomeBeforeTaxRatio": 0.1125457397, "incomeTaxExpense": -438000000, "netIncome": 2430000000, "netIncomeRatio": 0.1270256142, "eps": 14.94, "epsdiluted": 14.94, "weightedAverageShsOut": 161000000, "weightedAverageShsOutDil": 161000000, "link": "https://www.sec.gov/Archives/edgar/data/813762/000081376218000029/0000813762-18-000029-index.htm", "finalLink": "https://www.sec.gov/Archives/edgar/data/813762/000081376218000029/a10k-fy2017.htm", "calculatedOtherExpenses": 785000000, "calculatedOperatingExpenses": 3545000000, "calculatedNetInterest": -707000000, "calculatedOtherIncome": 2280000000, "calculatedIncomeNonControlling": 161000000, "calculatedEbitda": 1597000000}, {"date": "2016-12-31", "symbol": "IEP", "reportedCurrency": "USD", "cik": "0000813762", "fillingDate": "2017-03-01", "acceptedDate": "2017-03-01 16:32:45", "calendarYear": "2016", "period": "FY", "revenue": 17469000000, "costOfRevenue": 13412000000, "grossProfit": 4057000000, "grossProfitRatio": 0.2322399679, "researchAndDevelopmentExpenses": 192000000, "generalAndAdministrativeExpenses": 0, "sellingAndMarketingExpenses": 0, "sellingGeneralAndAdministrativeExpenses": 2342000000, "otherExpenses": 121000000, "operatingExpenses": 3501000000, "costAndExpenses": 16913000000, "interestIncome": 131000000, "interestExpense": 878000000, "depreciationAndAmortization": 1034000000, "ebitda": 808000000, "ebitdaratio": 0.0462533631, "operatingIncome": 556000000, "operatingIncomeRatio": 0.0318278093, "totalOtherIncomeExpensesNet": -1993000000, "incomeBeforeTax": -2184000000, "incomeBeforeTaxRatio": -0.1250214666, "incomeTaxExpense": 36000000, "netIncome": -1128000000, "netIncomeRatio": -0.0645715267, "eps": -8.23, "epsdiluted": -8.23, "weightedAverageShsOut": 137000000, "weightedAverageShsOutDil": 137000000, "link": "https://www.sec.gov/Archives/edgar/data/813762/000081376217000010/0000813762-17-000010-index.htm", "finalLink": "https://www.sec.gov/Archives/edgar/data/813762/000081376217000010/a10k-fy2016.htm", "calculatedOtherExpenses": 967000000, "calculatedOperatingExpenses": 3501000000, "calculatedNetInterest": -747000000, "calculatedOtherIncome": -1993000000, "calculatedIncomeNonControlling": -1092000000, "calculatedEbitda": 1590000000}, {"date": "2015-12-31", "symbol": "IEP", "reportedCurrency": "USD", "cik": "0000813762", "fillingDate": "2016-02-29", "acceptedDate": "2016-02-29 16:46:13", "calendarYear": "2015", "period": "FY", "revenue": 15990000000, "costOfRevenue": 12741000000, "grossProfit": 3249000000, "grossProfitRatio": 0.2031894934, "researchAndDevelopmentExpenses": 189000000, "generalAndAdministrativeExpenses": 0, "sellingAndMarketingExpenses": 0, "sellingGeneralAndAdministrativeExpenses": 1908000000, "otherExpenses": 75000000, "operatingExpenses": 2551000000, "costAndExpenses": 15292000000, "interestIncome": 194000000, "interestExpense": 1154000000, "depreciationAndAmortization": 863000000, "ebitda": 967000000, "ebitdaratio": 0.0604752971, "operatingIncome": 698000000, "operatingIncomeRatio": 0.0436522827, "totalOtherIncomeExpensesNet": -1797000000, "incomeBeforeTax": -2059000000, "incomeBeforeTaxRatio": -0.12876798, "incomeTaxExpense": 68000000, "netIncome": -1194000000, "netIncomeRatio": -0.0746716698, "eps": -9.43, "epsdiluted": -9.43, "weightedAverageShsOut": 126671166, "weightedAverageShsOutDil": 126671202, "link": "https://www.sec.gov/Archives/edgar/data/813762/000081376216000057/0000813762-16-000057-index.htm", "finalLink": "https://www.sec.gov/Archives/edgar/data/813762/000081376216000057/iep-2015x10k.htm", "calculatedOtherExpenses": 454000000, "calculatedOperatingExpenses": 2551000000, "calculatedNetInterest": -960000000, "calculatedOtherIncome": -1797000000, "calculatedIncomeNonControlling": -933000000, "calculatedEbitda": 1561000000}, {"date": "2014-12-31", "symbol": "IEP", "reportedCurrency": "USD", "cik": "0000813762", "fillingDate": "2015-02-27", "acceptedDate": "2015-02-27 16:27:50", "calendarYear": "2014", "period": "FY", "revenue": 19322000000, "costOfRevenue": 16485000000, "grossProfit": 2837000000, "grossProfitRatio": 0.1468274506, "researchAndDevelopmentExpenses": 192000000, "generalAndAdministrativeExpenses": 0, "sellingAndMarketingExpenses": 0, "sellingGeneralAndAdministrativeExpenses": 1625000000, "otherExpenses": 182000000, "operatingExpenses": 2238000000, "costAndExpenses": 18723000000, "interestIncome": 217000000, "interestExpense": 847000000, "depreciationAndAmortization": 809000000, "ebitda": 998000000, "ebitdaratio": 0.0516509678, "operatingIncome": 631000000, "operatingIncomeRatio": 0.0326570748, "totalOtherIncomeExpensesNet": -601000000, "incomeBeforeTax": -632000000, "incomeBeforeTaxRatio": -0.0327088293, "incomeTaxExpense": -103000000, "netIncome": -373000000, "netIncomeRatio": -0.0193044198, "eps": -3.14, "epsdiluted": -3.12, "weightedAverageShsOut": 118831168, "weightedAverageShsOutDil": 119633913, "link": "https://www.sec.gov/Archives/edgar/data/813762/000081376215000011/0000813762-15-000011-index.htm", "finalLink": "https://www.sec.gov/Archives/edgar/data/813762/000081376215000011/iep-2014x10k.htm", "calculatedOtherExpenses": 389000000, "calculatedOperatingExpenses": 2206000000, "calculatedNetInterest": -630000000, "calculatedOtherIncome": -633000000, "calculatedIncomeNonControlling": -156000000, "calculatedEbitda": 1440000000}, {"date": "2013-12-31", "symbol": "IEP", "reportedCurrency": "USD", "cik": "0000813762", "fillingDate": "2014-03-03", "acceptedDate": "2014-03-03 17:06:48", "calendarYear": "2013", "period": "FY", "revenue": 18773000000, "costOfRevenue": 15809000000, "grossProfit": 2964000000, "grossProfitRatio": 0.1578863261, "researchAndDevelopmentExpenses": 177000000, "generalAndAdministrativeExpenses": 0, "sellingAndMarketingExpenses": 0, "sellingGeneralAndAdministrativeExpenses": 1417000000, "otherExpenses": 29000000, "operatingExpenses": 1944000000, "costAndExpenses": 17753000000, "interestIncome": 194000000, "interestExpense": 560000000, "depreciationAndAmortization": 742000000, "ebitda": 2011000000, "ebitdaratio": 0.1071219304, "operatingIncome": 1020000000, "operatingIncomeRatio": 0.0543333511, "totalOtherIncomeExpensesNet": 1672000000, "incomeBeforeTax": 2326000000, "incomeBeforeTaxRatio": 0.1239013477, "incomeTaxExpense": -118000000, "netIncome": 1025000000, "netIncomeRatio": 0.054599691, "eps": 9.09, "epsdiluted": 9.02, "weightedAverageShsOut": 110585970, "weightedAverageShsOutDil": 111591297, "link": "https://www.sec.gov/Archives/edgar/data/813762/000081376214000014/0000813762-14-000014-index.htm", "finalLink": "https://www.sec.gov/Archives/edgar/data/813762/000081376214000014/iep-2013x10k.htm", "calculatedOtherExpenses": 350000000, "calculatedOperatingExpenses": 1944000000, "calculatedNetInterest": -366000000, "calculatedOtherIncome": 1672000000, "calculatedIncomeNonControlling": 1419000000, "calculatedEbitda": 1762000000}, {"date": "2012-12-31", "symbol": "IEP", "reportedCurrency": "USD", "cik": "0000813762", "fillingDate": "2013-03-15", "acceptedDate": "2013-03-14 20:24:57", "calendarYear": "2012", "period": "FY", "revenue": 15394000000, "costOfRevenue": 12643000000, "grossProfit": 2751000000, "grossProfitRatio": 0.1787059893, "researchAndDevelopmentExpenses": 179000000, "generalAndAdministrativeExpenses": 0, "sellingAndMarketingExpenses": 0, "sellingGeneralAndAdministrativeExpenses": 1265000000, "otherExpenses": -3000000, "operatingExpenses": 1683000000, "costAndExpenses": 14326000000, "interestIncome": 95000000, "interestExpense": 522000000, "depreciationAndAmortization": 575000000, "ebitda": 1770000000, "ebitdaratio": 0.1149798623, "operatingIncome": 641000000, "operatingIncomeRatio": 0.0416395998, "totalOtherIncomeExpensesNet": 5000000, "incomeBeforeTax": 646000000, "incomeBeforeTaxRatio": 0.0419644017, "incomeTaxExpense": -81000000, "netIncome": 396000000, "netIncomeRatio": 0.0257243082, "eps": 3.7, "epsdiluted": 3.7, "weightedAverageShsOut": 102000007, "weightedAverageShsOutDil": 102543354, "link": "https://www.sec.gov/Archives/edgar/data/813762/000081376213000018/0000813762-13-000018-index.htm", "finalLink": "https://www.sec.gov/Archives/edgar/data/813762/000081376213000018/iep-2012x10k.htm", "calculatedOtherExpenses": 666000000, "calculatedOperatingExpenses": 2110000000, "calculatedNetInterest": -427000000, "calculatedOtherIncome": 432000000, "calculatedIncomeNonControlling": 331000000, "calculatedEbitda": 1216000000}, {"date": "2011-12-31", "symbol": "IEP", "reportedCurrency": "USD", "cik": "0000813762", "fillingDate": "2012-03-12", "acceptedDate": "2012-03-09 19:38:07", "calendarYear": "2011", "period": "FY", "revenue": 9833000000, "costOfRevenue": 7872000000, "grossProfit": 1961000000, "grossProfitRatio": 0.1994304892, "researchAndDevelopmentExpenses": 0, "generalAndAdministrativeExpenses": 0, "sellingAndMarketingExpenses": 0, "sellingGeneralAndAdministrativeExpenses": 1241000000, "otherExpenses": 426000000, "operatingExpenses": 1667000000, "costAndExpenses": 9539000000, "interestIncome": 117000000, "interestExpense": 436000000, "depreciationAndAmortization": 447000000, "ebitda": 2763000000, "ebitdaratio": 0.280992576, "operatingIncome": 2234000000, "operatingIncomeRatio": 0.2271941422, "totalOtherIncomeExpensesNet": 1823000000, "incomeBeforeTax": 1798000000, "incomeBeforeTaxRatio": 0.1828536561, "incomeTaxExpense": 34000000, "netIncome": 750000000, "netIncomeRatio": 0.076273772, "eps": 8.31, "epsdiluted": 8.11, "weightedAverageShsOut": 88468776, "weightedAverageShsOutDil": 93495411, "link": "https://www.sec.gov/Archives/edgar/data/813762/000081376212000008/0000813762-12-000008-index.htm", "finalLink": "https://www.sec.gov/Archives/edgar/data/813762/000081376212000008/iep-123111x10k.htm", "calculatedOtherExpenses": -1514000000, "calculatedOperatingExpenses": -273000000, "calculatedNetInterest": -319000000, "calculatedOtherIncome": -117000000, "calculatedIncomeNonControlling": 1014000000, "calculatedEbitda": 2681000000}, {"date": "2010-12-31", "symbol": "IEP", "reportedCurrency": "USD", "cik": "0000813762", "fillingDate": "2011-03-08", "acceptedDate": "2011-03-08 06:05:15", "calendarYear": "2010", "period": "FY", "revenue": 8111000000, "costOfRevenue": 6762000000, "grossProfit": 1349000000, "grossProfitRatio": 0.1663173468, "researchAndDevelopmentExpenses": 0, "generalAndAdministrativeExpenses": 0, "sellingAndMarketingExpenses": 0, "sellingGeneralAndAdministrativeExpenses": 1037000000, "otherExpenses": 0, "operatingExpenses": 1037000000, "costAndExpenses": 7799000000, "interestIncome": 194000000, "interestExpense": 389000000, "depreciationAndAmortization": 463000000, "ebitda": 1783000000, "ebitdaratio": 0.2198249291, "operatingIncome": 1170000000, "operatingIncomeRatio": 0.1442485514, "totalOtherIncomeExpensesNet": 636000000, "incomeBeforeTax": 753000000, "incomeBeforeTaxRatio": 0.0928368882, "incomeTaxExpense": 9000000, "netIncome": 199000000, "netIncomeRatio": 0.0245345827, "eps": 2.26, "epsdiluted": 2.25, "weightedAverageShsOut": 86458122, "weightedAverageShsOutDil": 87463449, "link": "https://www.sec.gov/Archives/edgar/data/813762/000114420411013351/0001144204-11-013351-index.htm", "finalLink": "https://www.sec.gov/Archives/edgar/data/813762/000114420411013351/v213219_10k.htm", "calculatedOtherExpenses": -858000000, "calculatedOperatingExpenses": 179000000, "calculatedNetInterest": -195000000, "calculatedOtherIncome": -222000000, "calculatedIncomeNonControlling": 545000000, "calculatedEbitda": 1633000000}, {"date": "2009-12-31", "symbol": "IEP", "reportedCurrency": "USD", "cik": "0000813762", "fillingDate": "2010-03-03", "acceptedDate": "2010-03-03 17:25:01", "calendarYear": "2009", "period": "FY", "revenue": 7865000000, "costOfRevenue": 5295000000, "grossProfit": 2570000000, "grossProfitRatio": 0.3267641449, "researchAndDevelopmentExpenses": 0, "generalAndAdministrativeExpenses": 0, "sellingAndMarketingExpenses": 0, "sellingGeneralAndAdministrativeExpenses": 1056000000, "otherExpenses": 0, "operatingExpenses": 1056000000, "costAndExpenses": 6351000000, "interestIncome": 237000000, "interestExpense": 282000000, "depreciationAndAmortization": 401000000, "ebitda": 1915000000, "ebitdaratio": 0.2434837889, "operatingIncome": 1469000000, "operatingIncomeRatio": 0.1867768595, "totalOtherIncomeExpensesNet": -91000000, "incomeBeforeTax": 1141000000, "incomeBeforeTaxRatio": 0.1450731087, "incomeTaxExpense": -53000000, "netIncome": 234000000, "netIncomeRatio": 0.0297520661, "eps": 2.96, "epsdiluted": 2.88, "weightedAverageShsOut": 77217000, "weightedAverageShsOutDil": 81335240, "link": "https://www.sec.gov/Archives/edgar/data/813762/000114420410011285/0001144204-10-011285-index.htm", "finalLink": "https://www.sec.gov/Archives/edgar/data/813762/000114420410011285/v175952_10k.htm", "calculatedOtherExpenses": 45000000, "calculatedOperatingExpenses": 1101000000, "calculatedNetInterest": -45000000, "calculatedOtherIncome": -283000000, "calculatedIncomeNonControlling": 960000000, "calculatedEbitda": 1870000000}, {"date": "2008-12-31", "symbol": "IEP", "reportedCurrency": "USD", "cik": "0000813762", "fillingDate": "2009-03-04", "acceptedDate": "2009-03-04 17:11:41", "calendarYear": "2008", "period": "FY", "revenue": 5027000000, "costOfRevenue": 8153000000, "grossProfit": -3126000000, "grossProfitRatio": -0.6218420529, "researchAndDevelopmentExpenses": 0, "generalAndAdministrativeExpenses": 0, "sellingAndMarketingExpenses": 0, "sellingGeneralAndAdministrativeExpenses": 89000000, "otherExpenses": 0, "operatingExpenses": 89000000, "costAndExpenses": 8153000000, "interestIncome": 0, "interestExpense": -95000000, "depreciationAndAmortization": 332000000, "ebitda": -5439000000, "ebitdaratio": -1.0819574299, "operatingIncome": -3126000000, "operatingIncomeRatio": -0.6218420529, "totalOtherIncomeExpensesNet": 2645000000, "incomeBeforeTax": -3126000000, "incomeBeforeTaxRatio": -0.6218420529, "incomeTaxExpense": 47000000, "netIncome": -43000000, "netIncomeRatio": -0.0085538094, "eps": -0.59, "epsdiluted": -0.59, "weightedAverageShsOut": 73098760, "weightedAverageShsOutDil": 73098760, "link": "https://www.sec.gov/Archives/edgar/data/813762/000114420409012134/0001144204-09-012134-index.htm", "finalLink": "https://www.sec.gov/Archives/edgar/data/813762/000114420409012134/v141314_10k.htm", "calculatedOtherExpenses": -89000000, "calculatedOperatingExpenses": 0, "calculatedNetInterest": 95000000, "calculatedOtherIncome": -95000000, "calculatedIncomeNonControlling": -3130000000, "calculatedEbitda": -2794000000}, {"date": "2007-12-31", "symbol": "IEP", "reportedCurrency": "USD", "cik": "0000813762", "fillingDate": "2008-03-17", "acceptedDate": "2008-03-17 16:52:01", "calendarYear": "2007", "period": "FY", "revenue": 2487626000, "costOfRevenue": 1766812000, "grossProfit": 720814000, "grossProfitRatio": 0.2897597951, "researchAndDevelopmentExpenses": 0, "generalAndAdministrativeExpenses": 0, "sellingAndMarketingExpenses": 0, "sellingGeneralAndAdministrativeExpenses": 0, "otherExpenses": 413769000, "operatingExpenses": 413769000, "costAndExpenses": 2180581000, "interestIncome": 0, "interestExpense": 134296000000, "depreciationAndAmortization": 35956000, "ebitda": 29019000, "ebitdaratio": 0.0116653388, "operatingIncome": 307045000, "operatingIncomeRatio": 0.1234289238, "totalOtherIncomeExpensesNet": 313982000, "incomeBeforeTax": 486731000, "incomeBeforeTaxRatio": 0.1956608429, "incomeTaxExpense": 8436000, "netIncome": 308319000, "netIncomeRatio": 0.1239410587, "eps": 1.53, "epsdiluted": 1.53, "weightedAverageShsOut": 66921400, "weightedAverageShsOutDil": 66921400, "link": "https://www.sec.gov/Archives/edgar/data/813762/000114420408015862/0001144204-08-015862-index.htm", "finalLink": "https://www.sec.gov/Archives/edgar/data/813762/000114420408015862/v106776_10k.htm", "calculatedOtherExpenses": 413769000, "calculatedOperatingExpenses": 413769000, "calculatedNetInterest": -134296000000, "calculatedOtherIncome": 134475686000, "calculatedIncomeNonControlling": 169976000, "calculatedEbitda": 343001000}, {"date": "2006-12-31", "symbol": "IEP", "reportedCurrency": "USD", "cik": "0000813762", "fillingDate": "2007-03-06", "acceptedDate": "2007-03-06 08:39:19", "calendarYear": "2006", "period": "FY", "revenue": 1477930000, "costOfRevenue": 1567720000, "grossProfit": -89790000, "grossProfitRatio": -0.0607538923, "researchAndDevelopmentExpenses": 0, "generalAndAdministrativeExpenses": 108977000, "sellingAndMarketingExpenses": 0, "sellingGeneralAndAdministrativeExpenses": 108977000, "otherExpenses": 0, "operatingExpenses": -343815000, "costAndExpenses": 1567720000, "interestIncome": 52672000, "interestExpense": 106612000, "depreciationAndAmortization": 71454000, "ebitda": -130233000, "ebitdaratio": -0.0881185171, "operatingIncome": -89790000, "operatingIncomeRatio": -0.0607538923, "totalOtherIncomeExpensesNet": 111897000, "incomeBeforeTax": -31833000, "incomeBeforeTaxRatio": -0.0215389091, "incomeTaxExpense": 13271000, "netIncome": 798833000, "netIncomeRatio": 0.5405080078, "eps": 7.98, "epsdiluted": 7.98, "weightedAverageShsOut": 63685492, "weightedAverageShsOutDil": 63685492, "link": "https://www.sec.gov/Archives/edgar/data/813762/000114420407011271/0001144204-07-011271-index.htm", "finalLink": "https://www.sec.gov/Archives/edgar/data/813762/000114420407011271/v06668810k.htm", "calculatedOtherExpenses": -108977000, "calculatedOperatingExpenses": 0, "calculatedNetInterest": -53940000, "calculatedOtherIncome": 111897000, "calculatedIncomeNonControlling": -843937000, "calculatedEbitda": -18336000}, {"date": "2005-12-31", "symbol": "IEP", "reportedCurrency": "USD", "cik": "0000813762", "fillingDate": "2006-03-16", "acceptedDate": "2006-03-16 17:16:19", "calendarYear": "2005", "period": "FY", "revenue": 1262493000, "costOfRevenue": 1018979000, "grossProfit": 243514000, "grossProfitRatio": 0.1928834457, "researchAndDevelopmentExpenses": 0, "generalAndAdministrativeExpenses": 188380000, "sellingAndMarketingExpenses": 0, "sellingGeneralAndAdministrativeExpenses": 188380000, "otherExpenses": -27047000, "operatingExpenses": 161333000, "costAndExpenses": 1180312000, "interestIncome": 45889000, "interestExpense": 104014000, "depreciationAndAmortization": 158581000, "ebitda": 294032000, "ebitdaratio": 0.232897925, "operatingIncome": 77517000, "operatingIncomeRatio": 0.0613999444, "totalOtherIncomeExpensesNet": -53270000, "incomeBeforeTax": -29214000, "incomeBeforeTaxRatio": -0.0231399303, "incomeTaxExpense": 21092000, "netIncome": -27044000, "netIncomeRatio": -0.0214211089, "eps": -0.49, "epsdiluted": -0.49, "weightedAverageShsOut": 55683752, "weightedAverageShsOutDil": 55683752, "link": "https://www.sec.gov/Archives/edgar/data/813762/000095012306003289/0000950123-06-003289-index.htm", "finalLink": "https://www.sec.gov/Archives/edgar/data/813762/000095012306003289/y18546e10vk.htm", "calculatedOtherExpenses": -22383000, "calculatedOperatingExpenses": 165997000, "calculatedNetInterest": -58125000, "calculatedOtherIncome": -48606000, "calculatedIncomeNonControlling": -23262000, "calculatedEbitda": 236098000}, {"date": "2004-12-31", "symbol": "IEP", "reportedCurrency": "USD", "cik": "0000813762", "fillingDate": "2005-03-16", "acceptedDate": "2005-03-16 16:34:53", "calendarYear": "2004", "period": "FY", "revenue": 453581000, "costOfRevenue": 18486000, "grossProfit": 435095000, "grossProfitRatio": 0.9592443246, "researchAndDevelopmentExpenses": 0, "generalAndAdministrativeExpenses": 20952000, "sellingAndMarketingExpenses": 0, "sellingGeneralAndAdministrativeExpenses": 20952000, "otherExpenses": 280230000, "operatingExpenses": 301182000, "costAndExpenses": 319668000, "interestIncome": 44418000000, "interestExpense": 46099000000, "depreciationAndAmortization": 29955000, "ebitda": 157666000, "ebitdaratio": 0.3476027435, "operatingIncome": 87814000, "operatingIncomeRatio": 0.1936015838, "totalOtherIncomeExpensesNet": 6202000, "incomeBeforeTax": 94016000, "incomeBeforeTaxRatio": 0.2072749961, "incomeTaxExpense": 16763000, "netIncome": 160973000, "netIncomeRatio": 0.3548936133, "eps": 2.76, "epsdiluted": 2.76, "weightedAverageShsOut": 47460949, "weightedAverageShsOutDil": 53391692, "link": "https://www.sec.gov/Archives/edgar/data/813762/000095012305003242/0000950123-05-003242-index.htm", "finalLink": "https://www.sec.gov/Archives/edgar/data/813762/000095012305003242/y06341e10vk.htm", "calculatedOtherExpenses": 326329000, "calculatedOperatingExpenses": 347281000, "calculatedNetInterest": -1681000000, "calculatedOtherIncome": 1687202000, "calculatedIncomeNonControlling": -83720000, "calculatedEbitda": 117769000}, {"date": "2003-12-31", "symbol": "IEP", "reportedCurrency": "USD", "cik": "0000813762", "fillingDate": "2004-03-15", "acceptedDate": "2004-03-15 16:41:42", "calendarYear": "2003", "period": "FY", "revenue": 283773000, "costOfRevenue": 9129000, "grossProfit": 274644000, "grossProfitRatio": 0.9678299204, "researchAndDevelopmentExpenses": 0, "generalAndAdministrativeExpenses": 14081000, "sellingAndMarketingExpenses": 0, "sellingGeneralAndAdministrativeExpenses": 14081000, "otherExpenses": 154549000, "operatingExpenses": 168630000, "costAndExpenses": 177759000, "interestIncome": 35658000, "interestExpense": 20640000, "depreciationAndAmortization": 18598000, "ebitda": 155152000, "ebitdaratio": 0.5467468716, "operatingIncome": 65615000, "operatingIncomeRatio": 0.2312235484, "totalOtherIncomeExpensesNet": -30540000, "incomeBeforeTax": 54834000, "incomeBeforeTaxRatio": 0.1932319142, "incomeTaxExpense": -6495000, "netIncome": 68097000, "netIncomeRatio": 0.239969976, "eps": 1.02, "epsdiluted": 1.02, "weightedAverageShsOut": 47460949, "weightedAverageShsOutDil": 56436901, "link": "https://www.sec.gov/Archives/edgar/data/813762/000095011704000986/0000950117-04-000986-index.htm", "finalLink": "https://www.sec.gov/Archives/edgar/data/813762/000095011704000986/a37240.txt", "calculatedOtherExpenses": 194948000, "calculatedOperatingExpenses": 209029000, "calculatedNetInterest": 15018000, "calculatedOtherIncome": -25799000, "calculatedIncomeNonControlling": -6768000, "calculatedEbitda": 84213000}, {"date": "2002-12-31", "symbol": "IEP", "reportedCurrency": "USD", "cik": "0000813762", "fillingDate": "2003-03-31", "acceptedDate": "2003-03-31 13:47:09", "calendarYear": "2002", "period": "FY", "revenue": 326916000, "costOfRevenue": 54640000, "grossProfit": 272276000, "grossProfitRatio": 0.8328622643, "researchAndDevelopmentExpenses": 0, "generalAndAdministrativeExpenses": 7029000, "sellingAndMarketingExpenses": 0, "sellingGeneralAndAdministrativeExpenses": 7029000, "otherExpenses": 169833000, "operatingExpenses": 176862000, "costAndExpenses": 231502000, "interestIncome": 0, "interestExpense": 0, "depreciationAndAmortization": 21229000, "ebitda": 119879000, "ebitdaratio": 0.3666966438, "operatingIncome": 86938000, "operatingIncomeRatio": 0.2659337567, "totalOtherIncomeExpensesNet": -3236000, "incomeBeforeTax": 83702000, "incomeBeforeTaxRatio": 0.2560351895, "incomeTaxExpense": 30963000, "netIncome": 64451000, "netIncomeRatio": 0.197148503, "eps": 1.23, "epsdiluted": 1.09, "weightedAverageShsOut": 47460656, "weightedAverageShsOutDil": 58136164, "link": "https://www.sec.gov/Archives/edgar/data/813762/000095011703001233/0000950117-03-001233-index.htm", "finalLink": "https://www.sec.gov/Archives/edgar/data/813762/000095011703001233/a34760.txt", "calculatedOtherExpenses": 178309000, "calculatedOperatingExpenses": 185338000, "calculatedNetInterest": 0, "calculatedOtherIncome": -3236000, "calculatedIncomeNonControlling": -11712000, "calculatedEbitda": 108167000}, {"date": "2001-12-31", "symbol": "IEP", "reportedCurrency": "USD", "cik": "0000813762", "fillingDate": "2002-04-01", "acceptedDate": "2002-04-01 00:00:00", "calendarYear": "2001", "period": "FY", "revenue": 297323000, "costOfRevenue": 42599000, "grossProfit": 254724000, "grossProfitRatio": 0.8567248413, "researchAndDevelopmentExpenses": 0, "generalAndAdministrativeExpenses": 7080000, "sellingAndMarketingExpenses": 0, "sellingGeneralAndAdministrativeExpenses": 7080000, "otherExpenses": 165822000, "operatingExpenses": 172902000, "costAndExpenses": 215501000, "interestIncome": 0, "interestExpense": 0, "depreciationAndAmortization": 18034000, "ebitda": 91370000, "ebitdaratio": 0.3073088863, "operatingIncome": 81822000, "operatingIncomeRatio": 0.2751956626, "totalOtherIncomeExpensesNet": 8486000, "incomeBeforeTax": 90308000, "incomeBeforeTaxRatio": 0.3037370133, "incomeTaxExpense": 14288000, "netIncome": 67534000, "netIncomeRatio": 0.2271401809, "eps": 1.31, "epsdiluted": 1.16, "weightedAverageShsOut": 47460949, "weightedAverageShsOutDil": 57242621, "link": "https://www.sec.gov/Archives/edgar/data/813762/000095011702000723/0000950117-02-000723-index.htm", "finalLink": "https://www.sec.gov/Archives/edgar/data/813762/000095011702000723/a32279.txt", "calculatedOtherExpenses": 165822000, "calculatedOperatingExpenses": 172902000, "calculatedNetInterest": 0, "calculatedOtherIncome": 8486000, "calculatedIncomeNonControlling": 8486000, "calculatedEbitda": 99856000}, {"date": "2000-12-31", "symbol": "IEP", "reportedCurrency": "USD", "cik": "0000813762", "fillingDate": "2001-04-02", "acceptedDate": "2001-04-02 00:00:00", "calendarYear": "2000", "period": "FY", "revenue": 314980000, "costOfRevenue": 58493000, "grossProfit": 256487000, "grossProfitRatio": 0.8142961458, "researchAndDevelopmentExpenses": 0, "generalAndAdministrativeExpenses": 7475000, "sellingAndMarketingExpenses": 0, "sellingGeneralAndAdministrativeExpenses": 7475000, "otherExpenses": 162168000, "operatingExpenses": 169643000, "costAndExpenses": 228136000, "interestIncome": 0, "interestExpense": 0, "depreciationAndAmortization": 15098000, "ebitda": 91718000, "ebitdaratio": 0.291186742, "operatingIncome": 86844000, "operatingIncomeRatio": 0.2757127437, "totalOtherIncomeExpensesNet": 10224000, "incomeBeforeTax": 97068000, "incomeBeforeTaxRatio": 0.3081719474, "incomeTaxExpense": 11694000, "netIncome": 75150000, "netIncomeRatio": 0.2385865769, "eps": 1.44, "epsdiluted": 1.25, "weightedAverageShsOut": 47460949, "weightedAverageShsOutDil": 57817082, "link": "https://www.sec.gov/Archives/edgar/data/813762/000095012301003009/0000950123-01-003009-index.htm", "finalLink": "https://www.sec.gov/Archives/edgar/data/813762/000095012301003009/y47048e10-k405.txt", "calculatedOtherExpenses": 162168000, "calculatedOperatingExpenses": 169643000, "calculatedNetInterest": 0, "calculatedOtherIncome": 10224000, "calculatedIncomeNonControlling": 10224000, "calculatedEbitda": 101942000}, {"date": "1999-12-31", "symbol": "IEP", "reportedCurrency": "USD", "cik": "0000813762", "fillingDate": "2000-03-30", "acceptedDate": "2000-03-30 00:00:00", "calendarYear": "1999", "period": "FY", "revenue": 98540000, "costOfRevenue": 0, "grossProfit": 98540000, "grossProfitRatio": 1, "researchAndDevelopmentExpenses": 0, "generalAndAdministrativeExpenses": 4133000, "sellingAndMarketingExpenses": 0, "sellingGeneralAndAdministrativeExpenses": 4133000, "otherExpenses": 24307000, "operatingExpenses": 28440000, "costAndExpenses": 28440000, "interestIncome": 0, "interestExpense": 0, "depreciationAndAmortization": 5576000, "ebitda": 75676000, "ebitdaratio": 0.767972397, "operatingIncome": 70100000, "operatingIncomeRatio": 0.7113862391, "totalOtherIncomeExpensesNet": 0, "incomeBeforeTax": 0, "incomeBeforeTaxRatio": 0, "incomeTaxExpense": -25716000, "netIncome": 95816000, "netIncomeRatio": 0.9723564035, "eps": 1.89, "epsdiluted": 1.62, "weightedAverageShsOut": 47460949, "weightedAverageShsOutDil": 57736071, "link": "https://www.sec.gov/Archives/edgar/data/813762/000095012300002982/0000950123-00-002982-index.htm", "finalLink": "https://www.sec.gov/Archives/edgar/data/813762/000095012300002982/0000950123-00-002982.txt", "calculatedOtherExpenses": 24307000, "calculatedOperatingExpenses": 28440000, "calculatedNetInterest": 0, "calculatedOtherIncome": -70100000, "calculatedIncomeNonControlling": -70100000, "calculatedEbitda": 75676000}, {"date": "1998-12-31", "symbol": "IEP", "reportedCurrency": "USD", "cik": "0000813762", "fillingDate": "1999-03-31", "acceptedDate": "1999-03-31 00:00:00", "calendarYear": "1998", "period": "FY", "revenue": 93306000, "costOfRevenue": 0, "grossProfit": 93306000, "grossProfitRatio": 1, "researchAndDevelopmentExpenses": 0, "generalAndAdministrativeExpenses": 3808000, "sellingAndMarketingExpenses": 0, "sellingGeneralAndAdministrativeExpenses": 3808000, "otherExpenses": 15217000, "operatingExpenses": 19025000, "costAndExpenses": 19025000, "interestIncome": 0, "interestExpense": 0, "depreciationAndAmortization": 4923000, "ebitda": 79204000, "ebitdaratio": 0.8488628813, "operatingIncome": 74281000, "operatingIncomeRatio": 0.796101001, "totalOtherIncomeExpensesNet": 0, "incomeBeforeTax": 0, "incomeBeforeTaxRatio": 0, "incomeTaxExpense": 3643000, "netIncome": 70638000, "netIncomeRatio": 0.757057424, "eps": 1.38, "epsdiluted": 1.24, "weightedAverageShsOut": 47538166, "weightedAverageShsOutDil": 66156469, "link": "https://www.sec.gov/Archives/edgar/data/813762/000095012399002851/0000950123-99-002851-index.htm", "finalLink": "https://www.sec.gov/Archives/edgar/data/813762/0000950123-99-002851.txt", "calculatedOtherExpenses": 15217000, "calculatedOperatingExpenses": 19025000, "calculatedNetInterest": 0, "calculatedOtherIncome": -74281000, "calculatedIncomeNonControlling": -74281000, "calculatedEbitda": 79204000}, {"date": "1997-12-31", "symbol": "IEP", "reportedCurrency": "USD", "cik": "0000813762", "fillingDate": "1998-03-31", "acceptedDate": "1998-03-31 00:00:00", "calendarYear": "1997", "period": "FY", "revenue": 70918000, "costOfRevenue": 0, "grossProfit": 70918000, "grossProfitRatio": 1, "researchAndDevelopmentExpenses": 0, "generalAndAdministrativeExpenses": 3188000, "sellingAndMarketingExpenses": 0, "sellingGeneralAndAdministrativeExpenses": 3188000, "otherExpenses": 13521000, "operatingExpenses": 16709000, "costAndExpenses": 16709000, "interestIncome": 0, "interestExpense": 0, "depreciationAndAmortization": 5112000, "ebitda": 59321000, "ebitdaratio": 0.8364731098, "operatingIncome": 54209000, "operatingIncomeRatio": 0.7643898587, "totalOtherIncomeExpensesNet": 0, "incomeBeforeTax": 0, "incomeBeforeTaxRatio": 0, "incomeTaxExpense": -21175000, "netIncome": 75384000, "netIncomeRatio": 1.0629741391, "eps": 2.2, "epsdiluted": 2.07, "weightedAverageShsOut": 34197735, "weightedAverageShsOutDil": 36445457, "link": "https://www.sec.gov/Archives/edgar/data/813762/000095012398003136/0000950123-98-003136-index.htm", "finalLink": "https://www.sec.gov/Archives/edgar/data/813762/0000950123-98-003136.txt", "calculatedOtherExpenses": 13521000, "calculatedOperatingExpenses": 16709000, "calculatedNetInterest": 0, "calculatedOtherIncome": -54209000, "calculatedIncomeNonControlling": -54209000, "calculatedEbitda": 59321000}, {"date": "1996-12-31", "symbol": "IEP", "reportedCurrency": "USD", "cik": "0000813762", "fillingDate": "1997-03-31", "acceptedDate": "1997-03-31 00:00:00", "calendarYear": "1996", "period": "FY", "revenue": 71773403, "costOfRevenue": 0, "grossProfit": 71773403, "grossProfitRatio": 1, "researchAndDevelopmentExpenses": 0, "generalAndAdministrativeExpenses": 2938684, "sellingAndMarketingExpenses": 0, "sellingGeneralAndAdministrativeExpenses": 2938684, "otherExpenses": 17752115, "operatingExpenses": 20690799, "costAndExpenses": 20690799, "interestIncome": 0, "interestExpense": 0, "depreciationAndAmortization": 5680025, "ebitda": 56762629, "ebitdaratio": 0.7908588227, "operatingIncome": 51082604, "operatingIncomeRatio": 0.7117205241, "totalOtherIncomeExpensesNet": 0, "incomeBeforeTax": 0, "incomeBeforeTaxRatio": 0, "incomeTaxExpense": -6739448, "netIncome": 57822052, "netIncomeRatio": 0.8056194855, "eps": 2.09, "epsdiluted": 1.94, "weightedAverageShsOut": 27678417, "weightedAverageShsOutDil": 29754299, "link": "https://www.sec.gov/Archives/edgar/data/813762/000095012397002791/0000950123-97-002791-index.htm", "finalLink": "https://www.sec.gov/Archives/edgar/data/813762/0000950123-97-002791.txt", "calculatedOtherExpenses": 17752115, "calculatedOperatingExpenses": 20690799, "calculatedNetInterest": 0, "calculatedOtherIncome": -51082604, "calculatedIncomeNonControlling": -51082604, "calculatedEbitda": 56762629}, {"date": "1995-12-31", "symbol": "IEP", "reportedCurrency": "USD", "cik": "0000813762", "fillingDate": "1996-04-01", "acceptedDate": "1996-04-01 00:00:00", "calendarYear": "1995", "period": "FY", "revenue": 69920466, "costOfRevenue": 0, "grossProfit": 69920466, "grossProfitRatio": 1, "researchAndDevelopmentExpenses": 0, "generalAndAdministrativeExpenses": 2605331, "sellingAndMarketingExpenses": 0, "sellingGeneralAndAdministrativeExpenses": 2605331, "otherExpenses": 16868399, "operatingExpenses": 19473730, "costAndExpenses": 19473730, "interestIncome": 0, "interestExpense": 0, "depreciationAndAmortization": 5337884, "ebitda": 55784620, "ebitdaratio": 0.7978296369, "operatingIncome": 50446736, "operatingIncomeRatio": 0.7214874111, "totalOtherIncomeExpensesNet": 0, "incomeBeforeTax": 0, "incomeBeforeTaxRatio": 0, "incomeTaxExpense": 15291116, "netIncome": 35155620, "netIncomeRatio": 0.5027944179, "eps": 1.29, "epsdiluted": 1.29, "weightedAverageShsOut": 26425345, "weightedAverageShsOutDil": 26516026, "link": "https://www.sec.gov/Archives/edgar/data/813762/000095012396001504/0000950123-96-001504-index.htm", "finalLink": "https://www.sec.gov/Archives/edgar/data/813762/0000950123-96-001504.txt", "calculatedOtherExpenses": 16868399, "calculatedOperatingExpenses": 19473730, "calculatedNetInterest": 0, "calculatedOtherIncome": -50446736, "calculatedIncomeNonControlling": -50446736, "calculatedEbitda": 55784620}, {"date": "1994-12-31", "symbol": "IEP", "reportedCurrency": "USD", "cik": "0000813762", "fillingDate": "1995-03-31", "acceptedDate": "1995-03-31 00:00:00", "calendarYear": "1994", "period": "FY", "revenue": 61550726, "costOfRevenue": 0, "grossProfit": 61550726, "grossProfitRatio": 1, "researchAndDevelopmentExpenses": 0, "generalAndAdministrativeExpenses": 2791123, "sellingAndMarketingExpenses": 0, "sellingGeneralAndAdministrativeExpenses": 2791123, "otherExpenses": 16446996, "operatingExpenses": 19238119, "costAndExpenses": 19238119, "interestIncome": 0, "interestExpense": 0, "depreciationAndAmortization": 4960704, "ebitda": 47273311, "ebitdaratio": 0.7680382356, "operatingIncome": 42312607, "operatingIncomeRatio": 0.6874428581, "totalOtherIncomeExpensesNet": 0, "incomeBeforeTax": 0, "incomeBeforeTaxRatio": 0, "incomeTaxExpense": 19144043, "netIncome": 23168564, "netIncomeRatio": 0.3764141466, "eps": 1.59, "epsdiluted": 1.59, "weightedAverageShsOut": 14221106, "weightedAverageShsOutDil": 14445764, "link": "https://www.sec.gov/Archives/edgar/data/813762/000089720495000029/0000897204-95-000029-index.html", "finalLink": "https://www.sec.gov/Archives/edgar/data/813762/", "calculatedOtherExpenses": 16446996, "calculatedOperatingExpenses": 19238119, "calculatedNetInterest": 0, "calculatedOtherIncome": -42312607, "calculatedIncomeNonControlling": -42312607, "calculatedEbitda": 47273311}, {"date": "1993-12-31", "symbol": "IEP", "reportedCurrency": "USD", "cik": "0000813762", "fillingDate": "1993-12-31", "acceptedDate": "1993-12-30 19:00:00", "calendarYear": "1993", "period": "FY", "revenue": 65000000, "costOfRevenue": 0, "grossProfit": 65000000, "grossProfitRatio": 1, "researchAndDevelopmentExpenses": 0, "generalAndAdministrativeExpenses": 2500000, "sellingAndMarketingExpenses": 0, "sellingGeneralAndAdministrativeExpenses": 2500000, "otherExpenses": -17200000, "operatingExpenses": -14700000, "costAndExpenses": -14700000, "interestIncome": 0, "interestExpense": 0, "depreciationAndAmortization": 4400000, "ebitda": 79600000, "ebitdaratio": 1.2246153846, "operatingIncome": 79700000, "operatingIncomeRatio": 1.2261538462, "totalOtherIncomeExpensesNet": 4500000, "incomeBeforeTax": 84200000, "incomeBeforeTaxRatio": 1.2953846154, "incomeTaxExpense": 57000000, "netIncome": 22700000, "netIncomeRatio": 0.3492307692, "eps": 1.55, "epsdiluted": 1.55, "weightedAverageShsOut": 14606883, "weightedAverageShsOutDil": 14606883, "link": "", "finalLink": "", "calculatedOtherExpenses": -17200000, "calculatedOperatingExpenses": -14700000, "calculatedNetInterest": 0, "calculatedOtherIncome": 4500000, "calculatedIncomeNonControlling": 4500000, "calculatedEbitda": 84100000}, {"date": "1992-12-31", "symbol": "IEP", "reportedCurrency": "USD", "cik": "0000813762", "fillingDate": "1992-12-31", "acceptedDate": "1992-12-30 19:00:00", "calendarYear": "1992", "period": "FY", "revenue": 58200000, "costOfRevenue": 0, "grossProfit": 58200000, "grossProfitRatio": 1, "researchAndDevelopmentExpenses": 0, "generalAndAdministrativeExpenses": 2300000, "sellingAndMarketingExpenses": 0, "sellingGeneralAndAdministrativeExpenses": 2300000, "otherExpenses": -20100000, "operatingExpenses": -17800000, "costAndExpenses": -17800000, "interestIncome": 0, "interestExpense": 0, "depreciationAndAmortization": 4300000, "ebitda": 80000000, "ebitdaratio": 1.3745704467, "operatingIncome": 76000000, "operatingIncomeRatio": 1.3058419244, "totalOtherIncomeExpensesNet": 300000, "incomeBeforeTax": 76300000, "incomeBeforeTaxRatio": 1.3109965636, "incomeTaxExpense": 64700000, "netIncome": 11300000, "netIncomeRatio": 0.1941580756, "eps": 0.77, "epsdiluted": 0.77, "weightedAverageShsOut": 14726618, "weightedAverageShsOutDil": 14726618, "link": "", "finalLink": "", "calculatedOtherExpenses": -20100000, "calculatedOperatingExpenses": -17800000, "calculatedNetInterest": 0, "calculatedOtherIncome": 300000, "calculatedIncomeNonControlling": 300000, "calculatedEbitda": 80300000}, {"date": "1991-12-31", "symbol": "IEP", "reportedCurrency": "USD", "cik": "0000813762", "fillingDate": "1991-12-31", "acceptedDate": "1991-12-30 19:00:00", "calendarYear": "1991", "period": "FY", "revenue": 58000000, "costOfRevenue": 0, "grossProfit": 58000000, "grossProfitRatio": 1, "researchAndDevelopmentExpenses": 0, "generalAndAdministrativeExpenses": 0, "sellingAndMarketingExpenses": 0, "sellingGeneralAndAdministrativeExpenses": 0, "otherExpenses": -7100000, "operatingExpenses": -7100000, "costAndExpenses": -7100000, "interestIncome": 0, "interestExpense": 0, "depreciationAndAmortization": 4000000, "ebitda": 67700000, "ebitdaratio": 1.1672413793, "operatingIncome": 65100000, "operatingIncomeRatio": 1.1224137931, "totalOtherIncomeExpensesNet": 1400000, "incomeBeforeTax": 66500000, "incomeBeforeTaxRatio": 1.1465517241, "incomeTaxExpense": 45700000, "netIncome": 19400000, "netIncomeRatio": 0.3344827586, "eps": 1.31, "epsdiluted": 1.31, "weightedAverageShsOut": 14795159, "weightedAverageShsOutDil": 14795159, "link": "", "finalLink": "", "calculatedOtherExpenses": -7100000, "calculatedOperatingExpenses": -7100000, "calculatedNetInterest": 0, "calculatedOtherIncome": 1400000, "calculatedIncomeNonControlling": 1400000, "calculatedEbitda": 69100000}, {"date": "1990-12-31", "symbol": "IEP", "reportedCurrency": "USD", "cik": "0000813762", "fillingDate": "1990-12-31", "acceptedDate": "1990-12-30 19:00:00", "calendarYear": "1990", "period": "FY", "revenue": 56800000, "costOfRevenue": 0, "grossProfit": 56800000, "grossProfitRatio": 1, "researchAndDevelopmentExpenses": 0, "generalAndAdministrativeExpenses": 0, "sellingAndMarketingExpenses": 0, "sellingGeneralAndAdministrativeExpenses": 0, "otherExpenses": -10800000, "operatingExpenses": -10800000, "costAndExpenses": -10800000, "interestIncome": 0, "interestExpense": 0, "depreciationAndAmortization": 0, "ebitda": 67600000, "ebitdaratio": 1.1901408451, "operatingIncome": 67600000, "operatingIncomeRatio": 1.1901408451, "totalOtherIncomeExpensesNet": 0, "incomeBeforeTax": 0, "incomeBeforeTaxRatio": 0, "incomeTaxExpense": -18100000, "netIncome": 18100000, "netIncomeRatio": 0.3186619718, "eps": 1.19, "epsdiluted": 1.19, "weightedAverageShsOut": 15150436, "weightedAverageShsOutDil": 15150436, "link": "", "finalLink": "", "calculatedOtherExpenses": -10800000, "calculatedOperatingExpenses": -10800000, "calculatedNetInterest": 0, "calculatedOtherIncome": -67600000, "calculatedIncomeNonControlling": 0, "calculatedEbitda": 67600000}, {"date": "1989-12-31", "symbol": "IEP", "reportedCurrency": "USD", "cik": "0000813762", "fillingDate": "1989-12-31", "acceptedDate": "1989-12-30 19:00:00", "calendarYear": "1989", "period": "FY", "revenue": 62800000, "costOfRevenue": 0, "grossProfit": 62800000, "grossProfitRatio": 1, "researchAndDevelopmentExpenses": 0, "generalAndAdministrativeExpenses": 0, "sellingAndMarketingExpenses": 0, "sellingGeneralAndAdministrativeExpenses": 0, "otherExpenses": -7600000, "operatingExpenses": -7600000, "costAndExpenses": -7600000, "interestIncome": 0, "interestExpense": 0, "depreciationAndAmortization": 0, "ebitda": 70400000, "ebitdaratio": 1.1210191083, "operatingIncome": 70400000, "operatingIncomeRatio": 1.1210191083, "totalOtherIncomeExpensesNet": 0, "incomeBeforeTax": 0, "incomeBeforeTaxRatio": 0, "incomeTaxExpense": -27400000, "netIncome": 27400000, "netIncomeRatio": 0.4363057325, "eps": 1.79, "epsdiluted": 1.79, "weightedAverageShsOut": 15331491, "weightedAverageShsOutDil": 15331491, "link": "", "finalLink": "", "calculatedOtherExpenses": -7600000, "calculatedOperatingExpenses": -7600000, "calculatedNetInterest": 0, "calculatedOtherIncome": -70400000, "calculatedIncomeNonControlling": 0, "calculatedEbitda": 70400000}, {"date": "1988-12-31", "symbol": "IEP", "reportedCurrency": "USD", "cik": "0000813762", "fillingDate": "1988-12-31", "acceptedDate": "1988-12-30 19:00:00", "calendarYear": "1988", "period": "FY", "revenue": 62300000, "costOfRevenue": 0, "grossProfit": 62300000, "grossProfitRatio": 1, "researchAndDevelopmentExpenses": 0, "generalAndAdministrativeExpenses": 0, "sellingAndMarketingExpenses": 0, "sellingGeneralAndAdministrativeExpenses": 0, "otherExpenses": -6300000, "operatingExpenses": -6300000, "costAndExpenses": -6300000, "interestIncome": 0, "interestExpense": 0, "depreciationAndAmortization": 0, "ebitda": 68600000, "ebitdaratio": 1.1011235955, "operatingIncome": 68600000, "operatingIncomeRatio": 1.1011235955, "totalOtherIncomeExpensesNet": 0, "incomeBeforeTax": 0, "incomeBeforeTaxRatio": 0, "incomeTaxExpense": -27900000, "netIncome": 27900000, "netIncomeRatio": 0.4478330658, "eps": 1.8, "epsdiluted": 1.8, "weightedAverageShsOut": 15526878, "weightedAverageShsOutDil": 15526878, "link": "", "finalLink": "", "calculatedOtherExpenses": -6300000, "calculatedOperatingExpenses": -6300000, "calculatedNetInterest": 0, "calculatedOtherIncome": -68600000, "calculatedIncomeNonControlling": 0, "calculatedEbitda": 68600000}, {"date": "1987-12-31", "symbol": "IEP", "reportedCurrency": "USD", "cik": "0000813762", "fillingDate": "1987-12-31", "acceptedDate": "1987-12-30 19:00:00", "calendarYear": "1987", "period": "FY", "revenue": 58500000, "costOfRevenue": 0, "grossProfit": 58500000, "grossProfitRatio": 1, "researchAndDevelopmentExpenses": 0, "generalAndAdministrativeExpenses": 0, "sellingAndMarketingExpenses": 0, "sellingGeneralAndAdministrativeExpenses": 0, "otherExpenses": -6100000, "operatingExpenses": -6100000, "costAndExpenses": -6100000, "interestIncome": 0, "interestExpense": 0, "depreciationAndAmortization": 0, "ebitda": 64600000, "ebitdaratio": 1.1042735043, "operatingIncome": 64600000, "operatingIncomeRatio": 1.1042735043, "totalOtherIncomeExpensesNet": 0, "incomeBeforeTax": 0, "incomeBeforeTaxRatio": 0, "incomeTaxExpense": -26600000, "netIncome": 26600000, "netIncomeRatio": 0.4547008547, "eps": 1.71, "epsdiluted": 1.71, "weightedAverageShsOut": 15560395, "weightedAverageShsOutDil": 15560395, "link": "", "finalLink": "", "calculatedOtherExpenses": -6100000, "calculatedOperatingExpenses": -6100000, "calculatedNetInterest": 0, "calculatedOtherIncome": -64600000, "calculatedIncomeNonControlling": 0, "calculatedEbitda": 64600000}, {"date": "1986-12-31", "symbol": "IEP", "reportedCurrency": "USD", "cik": "0000813762", "fillingDate": "1986-12-31", "acceptedDate": "1986-12-30 19:00:00", "calendarYear": "1986", "period": "FY", "revenue": 18500000, "costOfRevenue": 0, "grossProfit": 18500000, "grossProfitRatio": 1, "researchAndDevelopmentExpenses": 0, "generalAndAdministrativeExpenses": 0, "sellingAndMarketingExpenses": 0, "sellingGeneralAndAdministrativeExpenses": 0, "otherExpenses": -1200000, "operatingExpenses": -1200000, "costAndExpenses": -1200000, "interestIncome": 0, "interestExpense": 0, "depreciationAndAmortization": 0, "ebitda": 19700000, "ebitdaratio": 1.0648648649, "operatingIncome": 19700000, "operatingIncomeRatio": 1.0648648649, "totalOtherIncomeExpensesNet": 0, "incomeBeforeTax": 0, "incomeBeforeTaxRatio": 0, "incomeTaxExpense": -8700000, "netIncome": 8700000, "netIncomeRatio": 0.4702702703, "eps": 1.7, "epsdiluted": 1.7, "weightedAverageShsOut": 5118384, "weightedAverageShsOutDil": 5118384, "link": "", "finalLink": "", "calculatedOtherExpenses": -1200000, "calculatedOperatingExpenses": -1200000, "calculatedNetInterest": 0, "calculatedOtherIncome": -19700000, "calculatedIncomeNonControlling": 0, "calculatedEbitda": 19700000}]}