{"originalCurrency": "USD", "convertedCurrency": "USD", "report": [{"date": "2023-09-30", "symbol": "IESC", "reportedCurrency": "USD", "cik": "0001048268", "fillingDate": "2023-12-07", "acceptedDate": "2023-12-07 07:50:25", "calendarYear": "2023", "period": "FY", "revenue": 2377227000, "costOfRevenue": 1932688000, "grossProfit": 444539000, "grossProfitRatio": 0.1869989698, "researchAndDevelopmentExpenses": 0, "generalAndAdministrativeExpenses": 0, "sellingAndMarketingExpenses": 0, "sellingGeneralAndAdministrativeExpenses": 298625000, "otherExpenses": 1794000, "operatingExpenses": 298625000, "costAndExpenses": 2231313000, "interestIncome": 0, "interestExpense": 2754000, "depreciationAndAmortization": 29407000, "ebitda": 176847000, "ebitdaratio": 0.0743921384, "operatingIncome": 159776000, "operatingIncomeRatio": 0.0672110825, "totalOtherIncomeExpensesNet": 15656000, "incomeBeforeTax": 158548000, "incomeBeforeTaxRatio": 0.0666945142, "incomeTaxExpense": 38761000, "netIncome": 108288000, "netIncomeRatio": 0.0455522338, "eps": 4.58, "epsdiluted": 4.54, "weightedAverageShsOut": 20196850, "weightedAverageShsOutDil": 20413032, "link": "https://www.sec.gov/Archives/edgar/data/1048268/000104826823000097/0001048268-23-000097-index.htm", "finalLink": "https://www.sec.gov/Archives/edgar/data/1048268/000104826823000097/iesc-20230930.htm", "calculatedOtherExpenses": -13862000, "calculatedOperatingExpenses": 284763000, "calculatedNetInterest": -2754000, "calculatedOtherIncome": 1526000, "calculatedIncomeNonControlling": 11499000, "calculatedEbitda": 189183000}, {"date": "2022-09-30", "symbol": "IESC", "reportedCurrency": "USD", "cik": "0001048268", "fillingDate": "2022-12-06", "acceptedDate": "2022-12-06 07:48:21", "calendarYear": "2022", "period": "FY", "revenue": 2166800000, "costOfRevenue": 1847900000, "grossProfit": 318900000, "grossProfitRatio": 0.1471755584, "researchAndDevelopmentExpenses": 0, "generalAndAdministrativeExpenses": 0, "sellingAndMarketingExpenses": 0, "sellingGeneralAndAdministrativeExpenses": 262700000, "otherExpenses": -37000, "operatingExpenses": 262700000, "costAndExpenses": 2110600000, "interestIncome": 2970000, "interestExpense": 3000000, "depreciationAndAmortization": 25700000, "ebitda": 81700000, "ebitdaratio": 0.037705372, "operatingIncome": 56000000, "operatingIncomeRatio": 0.0258445634, "totalOtherIncomeExpensesNet": -3000000, "incomeBeforeTax": 53000000, "incomeBeforeTaxRatio": 0.0244600332, "incomeTaxExpense": 12800000, "netIncome": 34762000, "netIncomeRatio": 0.0160430127, "eps": 1.45, "epsdiluted": 1.44, "weightedAverageShsOut": 20667745, "weightedAverageShsOutDil": 20894625, "link": "https://www.sec.gov/Archives/edgar/data/1048268/000104826822000099/0001048268-22-000099-index.htm", "finalLink": "https://www.sec.gov/Archives/edgar/data/1048268/000104826822000099/iesc-20220930.htm", "calculatedOtherExpenses": 200000, "calculatedOperatingExpenses": 262900000, "calculatedNetInterest": -30000, "calculatedOtherIncome": -2970000, "calculatedIncomeNonControlling": 5438000, "calculatedEbitda": 81700000}, {"date": "2021-09-30", "symbol": "IESC", "reportedCurrency": "USD", "cik": "0001048268", "fillingDate": "2021-12-03", "acceptedDate": "2021-12-03 07:50:57", "calendarYear": "2021", "period": "FY", "revenue": 1536500000, "costOfRevenue": 1248500000, "grossProfit": 288000000, "grossProfitRatio": 0.1874389847, "researchAndDevelopmentExpenses": 0, "generalAndAdministrativeExpenses": 0, "sellingAndMarketingExpenses": 0, "sellingGeneralAndAdministrativeExpenses": 202300000, "otherExpenses": 300000, "operatingExpenses": 202300000, "costAndExpenses": 1450800000, "interestIncome": 962000, "interestExpense": 1000000, "depreciationAndAmortization": 22400000, "ebitda": 108000000, "ebitdaratio": 0.0702896193, "operatingIncome": 85600000, "operatingIncomeRatio": 0.0557110316, "totalOtherIncomeExpensesNet": -700000, "incomeBeforeTax": 84900000, "incomeBeforeTaxRatio": 0.0552554507, "incomeTaxExpense": 16200000, "netIncome": 66658000, "netIncomeRatio": 0.0433830133, "eps": 3.21, "epsdiluted": 3.16, "weightedAverageShsOut": 20790307, "weightedAverageShsOutDil": 21086432, "link": "https://www.sec.gov/Archives/edgar/data/1048268/000104826821000162/0001048268-21-000162-index.htm", "finalLink": "https://www.sec.gov/Archives/edgar/data/1048268/000104826821000162/iesc-20210930.htm", "calculatedOtherExpenses": 100000, "calculatedOperatingExpenses": 202400000, "calculatedNetInterest": -38000, "calculatedOtherIncome": -662000, "calculatedIncomeNonControlling": 2042000, "calculatedEbitda": 108000000}, {"date": "2020-09-30", "symbol": "IESC", "reportedCurrency": "USD", "cik": "0001048268", "fillingDate": "2020-12-07", "acceptedDate": "2020-12-07 08:36:03", "calendarYear": "2020", "period": "FY", "revenue": 1190900000, "costOfRevenue": 962900000, "grossProfit": 228000000, "grossProfitRatio": 0.1914518431, "researchAndDevelopmentExpenses": 0, "generalAndAdministrativeExpenses": 0, "sellingAndMarketingExpenses": 0, "sellingGeneralAndAdministrativeExpenses": 170900000, "otherExpenses": -12000, "operatingExpenses": 170900000, "costAndExpenses": 1133800000, "interestIncome": 777000, "interestExpense": 800000, "depreciationAndAmortization": 19500000, "ebitda": 69600000, "ebitdaratio": 0.0584431942, "operatingIncome": 50100000, "operatingIncomeRatio": 0.0420690234, "totalOtherIncomeExpensesNet": -800000, "incomeBeforeTax": 49300000, "incomeBeforeTaxRatio": 0.0413972626, "incomeTaxExpense": 8700000, "netIncome": 41599000, "netIncomeRatio": 0.0349307247, "eps": 2, "epsdiluted": 1.97, "weightedAverageShsOut": 20795892, "weightedAverageShsOutDil": 21092410, "link": "https://www.sec.gov/Archives/edgar/data/1048268/000104826820000033/0001048268-20-000033-index.htm", "finalLink": "https://www.sec.gov/Archives/edgar/data/1048268/000104826820000033/iesc-20200930.htm", "calculatedOtherExpenses": 7000000, "calculatedOperatingExpenses": 177900000, "calculatedNetInterest": -23000, "calculatedOtherIncome": -777000, "calculatedIncomeNonControlling": -999000, "calculatedEbitda": 69600000}, {"date": "2019-09-30", "symbol": "IESC", "reportedCurrency": "USD", "cik": "0001048268", "fillingDate": "2019-12-06", "acceptedDate": "2019-12-06 09:10:42", "calendarYear": "2019", "period": "FY", "revenue": 1077000000, "costOfRevenue": 894900000, "grossProfit": 182100000, "grossProfitRatio": 0.1690807799, "researchAndDevelopmentExpenses": 0, "generalAndAdministrativeExpenses": 0, "sellingAndMarketingExpenses": 0, "sellingGeneralAndAdministrativeExpenses": 140600000, "otherExpenses": 100000, "operatingExpenses": 140600000, "costAndExpenses": 1035500000, "interestIncome": 1857000, "interestExpense": 1900000, "depreciationAndAmortization": 9400000, "ebitda": 51300000, "ebitdaratio": 0.047632312, "operatingIncome": 41900000, "operatingIncomeRatio": 0.038904364, "totalOtherIncomeExpensesNet": -1800000, "incomeBeforeTax": 40100000, "incomeBeforeTaxRatio": 0.0372330548, "incomeTaxExpense": 6700000, "netIncome": 33200000, "netIncomeRatio": 0.0308263695, "eps": 1.58, "epsdiluted": 1.56, "weightedAverageShsOut": 21082012, "weightedAverageShsOutDil": 21315245, "link": "https://www.sec.gov/Archives/edgar/data/1048268/000104826819000007/0001048268-19-000007-index.htm", "finalLink": "https://www.sec.gov/Archives/edgar/data/1048268/000104826819000007/a201910-k.htm", "calculatedOtherExpenses": -400000, "calculatedOperatingExpenses": 140200000, "calculatedNetInterest": -43000, "calculatedOtherIncome": -1757000, "calculatedIncomeNonControlling": 200000, "calculatedEbitda": 51300000}, {"date": "2018-09-30", "symbol": "IESC", "reportedCurrency": "USD", "cik": "0001048268", "fillingDate": "2018-12-07", "acceptedDate": "2018-12-07 08:44:18", "calendarYear": "2018", "period": "FY", "revenue": 876800000, "costOfRevenue": 726900000, "grossProfit": 149900000, "grossProfitRatio": 0.1709625912, "researchAndDevelopmentExpenses": 0, "generalAndAdministrativeExpenses": 123920000, "sellingAndMarketingExpenses": -20000, "sellingGeneralAndAdministrativeExpenses": 123900000, "otherExpenses": 300000, "operatingExpenses": 123900000, "costAndExpenses": 850800000, "interestIncome": 0, "interestExpense": 1900000, "depreciationAndAmortization": 8900000, "ebitda": 35200000, "ebitdaratio": 0.0401459854, "operatingIncome": 26000000, "operatingIncomeRatio": 0.0296532847, "totalOtherIncomeExpensesNet": 200000, "incomeBeforeTax": 24300000, "incomeBeforeTaxRatio": 0.0277144161, "incomeTaxExpense": 38200000, "netIncome": -14200000, "netIncomeRatio": -0.0161952555, "eps": -0.67, "epsdiluted": -0.67, "weightedAverageShsOut": 21064179, "weightedAverageShsOutDil": 21196388, "link": "https://www.sec.gov/Archives/edgar/data/1048268/000119312518344274/0001193125-18-344274-index.htm", "finalLink": "https://www.sec.gov/Archives/edgar/data/1048268/000119312518344274/d668006d10k.htm", "calculatedOtherExpenses": 0, "calculatedOperatingExpenses": 123900000, "calculatedNetInterest": -1900000, "calculatedOtherIncome": 200000, "calculatedIncomeNonControlling": 300000, "calculatedEbitda": 34900000}, {"date": "2017-09-30", "symbol": "IESC", "reportedCurrency": "USD", "cik": "0001048268", "fillingDate": "2017-12-08", "acceptedDate": "2017-12-08 08:29:28", "calendarYear": "2017", "period": "FY", "revenue": 810700000, "costOfRevenue": 670200000, "grossProfit": 140500000, "grossProfitRatio": 0.1733070186, "researchAndDevelopmentExpenses": 0, "generalAndAdministrativeExpenses": 120370000, "sellingAndMarketingExpenses": 30000, "sellingGeneralAndAdministrativeExpenses": 120400000, "otherExpenses": 200000, "operatingExpenses": 120400000, "costAndExpenses": 790600000, "interestIncome": 0, "interestExpense": 1408000, "depreciationAndAmortization": 9600000, "ebitda": 29500000, "ebitdaratio": 0.0363883064, "operatingIncome": 20300000, "operatingIncomeRatio": 0.0250400888, "totalOtherIncomeExpensesNet": 400000, "incomeBeforeTax": 18800000, "incomeBeforeTaxRatio": 0.0231898359, "incomeTaxExpense": 5200000, "netIncome": 13400000, "netIncomeRatio": 0.0165289256, "eps": 0.62, "epsdiluted": 0.62, "weightedAverageShsOut": 21281000, "weightedAverageShsOutDil": 21533000, "link": "https://www.sec.gov/Archives/edgar/data/1048268/000119312517364439/0001193125-17-364439-index.htm", "finalLink": "https://www.sec.gov/Archives/edgar/data/1048268/000119312517364439/d506165d10k.htm", "calculatedOtherExpenses": -200000, "calculatedOperatingExpenses": 120200000, "calculatedNetInterest": -1408000, "calculatedOtherIncome": -92000, "calculatedIncomeNonControlling": 200000, "calculatedEbitda": 29900000}, {"date": "2016-09-30", "symbol": "IESC", "reportedCurrency": "USD", "cik": "0001048268", "fillingDate": "2016-12-09", "acceptedDate": "2016-12-09 08:36:21", "calendarYear": "2016", "period": "FY", "revenue": 696000000, "costOfRevenue": 569000000, "grossProfit": 127000000, "grossProfitRatio": 0.1824712644, "researchAndDevelopmentExpenses": 0, "generalAndAdministrativeExpenses": 100558000, "sellingAndMarketingExpenses": 42000, "sellingGeneralAndAdministrativeExpenses": 100600000, "otherExpenses": 100000, "operatingExpenses": 100600000, "costAndExpenses": 669600000, "interestIncome": 0, "interestExpense": 937000, "depreciationAndAmortization": 5700000, "ebitda": 33600000, "ebitdaratio": 0.0482758621, "operatingIncome": 25000000, "operatingIncomeRatio": 0.0359195402, "totalOtherIncomeExpensesNet": -1400000, "incomeBeforeTax": 23800000, "incomeBeforeTaxRatio": 0.0341954023, "incomeTaxExpense": -97100000, "netIncome": 120800000, "netIncomeRatio": 0.1735632184, "eps": 5.63, "epsdiluted": 5.62, "weightedAverageShsOut": 21279000, "weightedAverageShsOutDil": 21492000, "link": "https://www.sec.gov/Archives/edgar/data/1048268/000119312516789187/0001193125-16-789187-index.htm", "finalLink": "https://www.sec.gov/Archives/edgar/data/1048268/000119312516789187/d310826d10k.htm", "calculatedOtherExpenses": 1400000, "calculatedOperatingExpenses": 102000000, "calculatedNetInterest": -937000, "calculatedOtherIncome": -263000, "calculatedIncomeNonControlling": 100000, "calculatedEbitda": 30700000}, {"date": "2015-09-30", "symbol": "IESC", "reportedCurrency": "USD", "cik": "0001048268", "fillingDate": "2015-12-11", "acceptedDate": "2015-12-11 07:31:55", "calendarYear": "2015", "period": "FY", "revenue": 573900000, "costOfRevenue": 474000000, "grossProfit": 99900000, "grossProfitRatio": 0.174072138, "researchAndDevelopmentExpenses": 0, "generalAndAdministrativeExpenses": 81416000, "sellingAndMarketingExpenses": -16000, "sellingGeneralAndAdministrativeExpenses": 81400000, "otherExpenses": 200000, "operatingExpenses": 81400000, "costAndExpenses": 555400000, "interestIncome": 0, "interestExpense": 813000, "depreciationAndAmortization": 2509000, "ebitda": 18500000, "ebitdaratio": 0.0322355811, "operatingIncome": 18500000, "operatingIncomeRatio": 0.0322355811, "totalOtherIncomeExpensesNet": 200000, "incomeBeforeTax": 17600000, "incomeBeforeTaxRatio": 0.0306673637, "incomeTaxExpense": 700000, "netIncome": 16500000, "netIncomeRatio": 0.0287506534, "eps": 0.77, "epsdiluted": 0.77, "weightedAverageShsOut": 21481000, "weightedAverageShsOutDil": 21526000, "link": "https://www.sec.gov/Archives/edgar/data/1048268/000119312515400802/0001193125-15-400802-index.htm", "finalLink": "https://www.sec.gov/Archives/edgar/data/1048268/000119312515400802/d103295d10k.htm", "calculatedOtherExpenses": 0, "calculatedOperatingExpenses": 81400000, "calculatedNetInterest": -813000, "calculatedOtherIncome": -87000, "calculatedIncomeNonControlling": 400000, "calculatedEbitda": 21009000}, {"date": "2014-09-30", "symbol": "IESC", "reportedCurrency": "USD", "cik": "0001048268", "fillingDate": "2014-12-12", "acceptedDate": "2014-12-12 07:02:04", "calendarYear": "2014", "period": "FY", "revenue": 512395000, "costOfRevenue": 429269000, "grossProfit": 83126000, "grossProfitRatio": 0.1622303106, "researchAndDevelopmentExpenses": 0, "generalAndAdministrativeExpenses": 75571000, "sellingAndMarketingExpenses": 0, "sellingGeneralAndAdministrativeExpenses": 75571000, "otherExpenses": 203000, "operatingExpenses": 75571000, "costAndExpenses": 504840000, "interestIncome": 0, "interestExpense": 1189000, "depreciationAndAmortization": 2526000, "ebitda": 9899000, "ebitdaratio": 0.01931908, "operatingIncome": 7641000, "operatingIncomeRatio": 0.0149123235, "totalOtherIncomeExpensesNet": 289000, "incomeBeforeTax": 6270000, "incomeBeforeTaxRatio": 0.0122366534, "incomeTaxExpense": 748000, "netIncome": 5324000, "netIncomeRatio": 0.0103904215, "eps": 0.29, "epsdiluted": 0.29, "weightedAverageShsOut": 18417564, "weightedAverageShsOutDil": 18473420, "link": "https://www.sec.gov/Archives/edgar/data/1048268/000119312514440606/0001193125-14-440606-index.htm", "finalLink": "https://www.sec.gov/Archives/edgar/data/1048268/000119312514440606/d835642d10k.htm", "calculatedOtherExpenses": -86000, "calculatedOperatingExpenses": 75485000, "calculatedNetInterest": -1189000, "calculatedOtherIncome": -182000, "calculatedIncomeNonControlling": 198000, "calculatedEbitda": 10167000}, {"date": "2013-09-30", "symbol": "IESC", "reportedCurrency": "USD", "cik": "0001048268", "fillingDate": "2013-12-17", "acceptedDate": "2013-12-17 17:24:26", "calendarYear": "2013", "period": "FY", "revenue": 494593000, "costOfRevenue": 427633000, "grossProfit": 66960000, "grossProfitRatio": 0.135384043, "researchAndDevelopmentExpenses": 0, "generalAndAdministrativeExpenses": 66598000, "sellingAndMarketingExpenses": 0, "sellingGeneralAndAdministrativeExpenses": 66598000, "otherExpenses": -659000, "operatingExpenses": 66598000, "costAndExpenses": 494231000, "interestIncome": 152000, "interestExpense": 1249000, "depreciationAndAmortization": 2552000, "ebitda": 1885000, "ebitdaratio": 0.0038112145, "operatingIncome": 426000, "operatingIncomeRatio": 0.0008613143, "totalOtherIncomeExpensesNet": -595000, "incomeBeforeTax": -1852000, "incomeBeforeTaxRatio": -0.0037444929, "incomeTaxExpense": 326000, "netIncome": -3573000, "netIncomeRatio": -0.0072241217, "eps": -0.23, "epsdiluted": -0.23, "weightedAverageShsOut": 15460424, "weightedAverageShsOutDil": 15460424, "link": "https://www.sec.gov/Archives/edgar/data/1048268/000119312513476228/0001193125-13-476228-index.htm", "finalLink": "https://www.sec.gov/Archives/edgar/data/1048268/000119312513476228/d641755d10k.htm", "calculatedOtherExpenses": -64000, "calculatedOperatingExpenses": 66534000, "calculatedNetInterest": -1097000, "calculatedOtherIncome": -1181000, "calculatedIncomeNonControlling": 1395000, "calculatedEbitda": 2978000}, {"date": "2012-09-30", "symbol": "IESC", "reportedCurrency": "USD", "cik": "0001048268", "fillingDate": "2012-12-14", "acceptedDate": "2012-12-14 17:12:09", "calendarYear": "2012", "period": "FY", "revenue": 456115000, "costOfRevenue": 398063000, "grossProfit": 58052000, "grossProfitRatio": 0.1272749197, "researchAndDevelopmentExpenses": 0, "generalAndAdministrativeExpenses": 58609000, "sellingAndMarketingExpenses": 0, "sellingGeneralAndAdministrativeExpenses": 58609000, "otherExpenses": 0, "operatingExpenses": 58609000, "costAndExpenses": 456672000, "interestIncome": 34000, "interestExpense": 1755000, "depreciationAndAmortization": 2355000, "ebitda": 1832000, "ebitdaratio": 0.0040165309, "operatingIncome": -389000, "operatingIncomeRatio": -0.0008528551, "totalOtherIncomeExpensesNet": -339000, "incomeBeforeTax": -2617000, "incomeBeforeTaxRatio": -0.0057375881, "incomeTaxExpense": 38000, "netIncome": -11802000, "netIncomeRatio": -0.0258750534, "eps": -0.8, "epsdiluted": -0.78, "weightedAverageShsOut": 14750081, "weightedAverageShsOutDil": 15123052, "link": "https://www.sec.gov/Archives/edgar/data/1048268/000119312512503507/0001193125-12-503507-index.htm", "finalLink": "https://www.sec.gov/Archives/edgar/data/1048268/000119312512503507/d452277d10k.htm", "calculatedOtherExpenses": -168000, "calculatedOperatingExpenses": 58441000, "calculatedNetInterest": -1721000, "calculatedOtherIncome": -507000, "calculatedIncomeNonControlling": 9147000, "calculatedEbitda": 1966000}, {"date": "2011-09-30", "symbol": "IESC", "reportedCurrency": "USD", "cik": "0001048268", "fillingDate": "2011-12-20", "acceptedDate": "2011-12-19 20:26:43", "calendarYear": "2011", "period": "FY", "revenue": 481607000, "costOfRevenue": 445585000, "grossProfit": 36022000, "grossProfitRatio": 0.0747954245, "researchAndDevelopmentExpenses": 0, "generalAndAdministrativeExpenses": 69365000, "sellingAndMarketingExpenses": 0, "sellingGeneralAndAdministrativeExpenses": 69365000, "otherExpenses": -6583000, "operatingExpenses": 62782000, "costAndExpenses": 508367000, "interestIncome": 68000, "interestExpense": 2277000, "depreciationAndAmortization": 6356000, "ebitda": -20336000, "ebitdaratio": -0.0422252999, "operatingIncome": -35348000, "operatingIncomeRatio": -0.0733959432, "totalOtherIncomeExpensesNet": -8578000, "incomeBeforeTax": -37547000, "incomeBeforeTaxRatio": -0.0779619067, "incomeTaxExpense": 146000, "netIncome": -37693000, "netIncomeRatio": -0.0782650584, "eps": -2.6, "epsdiluted": -2.6, "weightedAverageShsOut": 14493747, "weightedAverageShsOutDil": 14493747, "link": "https://www.sec.gov/Archives/edgar/data/1048268/000119312511346104/0001193125-11-346104-index.htm", "finalLink": "https://www.sec.gov/Archives/edgar/data/1048268/000119312511346104/d270674d10k.htm", "calculatedOtherExpenses": 2005000, "calculatedOperatingExpenses": 71370000, "calculatedNetInterest": -2209000, "calculatedOtherIncome": 10000, "calculatedIncomeNonControlling": 0, "calculatedEbitda": -28992000}, {"date": "2010-09-30", "symbol": "IESC", "reportedCurrency": "USD", "cik": "0001048268", "fillingDate": "2010-12-14", "acceptedDate": "2010-12-14 17:02:01", "calendarYear": "2010", "period": "FY", "revenue": 460600000, "costOfRevenue": 404100000, "grossProfit": 56500000, "grossProfitRatio": 0.1226660877, "researchAndDevelopmentExpenses": 0, "generalAndAdministrativeExpenses": 84920000, "sellingAndMarketingExpenses": -20000, "sellingGeneralAndAdministrativeExpenses": 84900000, "otherExpenses": -174000, "operatingExpenses": 84700000, "costAndExpenses": 488800000, "interestIncome": 242000, "interestExpense": 3100000, "depreciationAndAmortization": 5291000, "ebitda": -28200000, "ebitdaratio": -0.0612244898, "operatingIncome": -29000000, "operatingIncomeRatio": -0.0629613548, "totalOtherIncomeExpensesNet": -800000, "incomeBeforeTax": -32100000, "incomeBeforeTaxRatio": -0.0696917065, "incomeTaxExpense": -31000, "netIncome": -32100000, "netIncomeRatio": -0.0696917065, "eps": -2.23, "epsdiluted": -2.23, "weightedAverageShsOut": 14409000, "weightedAverageShsOutDil": 14409000, "link": "https://www.sec.gov/Archives/edgar/data/1048268/000095012310113518/0000950123-10-113518-index.htm", "finalLink": "https://www.sec.gov/Archives/edgar/data/1048268/000095012310113518/c09596e10vk.htm", "calculatedOtherExpenses": 600000, "calculatedOperatingExpenses": 85500000, "calculatedNetInterest": -2858000, "calculatedOtherIncome": -242000, "calculatedIncomeNonControlling": 31000, "calculatedEbitda": -23709000}, {"date": "2009-09-30", "symbol": "IESC", "reportedCurrency": "USD", "cik": "0001048268", "fillingDate": "2009-12-14", "acceptedDate": "2009-12-14 17:30:32", "calendarYear": "2009", "period": "FY", "revenue": 665997000, "costOfRevenue": 556469000, "grossProfit": 109528000, "grossProfitRatio": 0.1644571973, "researchAndDevelopmentExpenses": 0, "generalAndAdministrativeExpenses": 108328000, "sellingAndMarketingExpenses": 0, "sellingGeneralAndAdministrativeExpenses": 108328000, "otherExpenses": -465000, "operatingExpenses": 107863000, "costAndExpenses": 664332000, "interestIncome": 432000, "interestExpense": 4526000, "depreciationAndAmortization": 8258000, "ebitda": 10355000, "ebitdaratio": 0.0155481181, "operatingIncome": -5742000, "operatingIncomeRatio": -0.0086216605, "totalOtherIncomeExpensesNet": -9015000, "incomeBeforeTax": -11444000, "incomeBeforeTaxRatio": -0.0171832606, "incomeTaxExpense": 495000, "netIncome": -11820000, "netIncomeRatio": -0.0177478277, "eps": -0.82, "epsdiluted": -0.82, "weightedAverageShsOut": 14331614, "weightedAverageShsOutDil": 14331614, "link": "https://www.sec.gov/Archives/edgar/data/1048268/000095012309070626/0000950123-09-070626-index.htm", "finalLink": "https://www.sec.gov/Archives/edgar/data/1048268/000095012309070626/h69034e10vk.htm", "calculatedOtherExpenses": 6942000, "calculatedOperatingExpenses": 115270000, "calculatedNetInterest": -4094000, "calculatedOtherIncome": -1608000, "calculatedIncomeNonControlling": -119000, "calculatedEbitda": 2516000}, {"date": "2008-09-30", "symbol": "IESC", "reportedCurrency": "USD", "cik": "0001048268", "fillingDate": "2008-12-15", "acceptedDate": "2008-12-15 17:13:54", "calendarYear": "2008", "period": "FY", "revenue": 818287000, "costOfRevenue": 686407000, "grossProfit": 131880000, "grossProfitRatio": 0.1611659479, "researchAndDevelopmentExpenses": 0, "generalAndAdministrativeExpenses": 117366000, "sellingAndMarketingExpenses": 0, "sellingGeneralAndAdministrativeExpenses": 117366000, "otherExpenses": -114000, "operatingExpenses": 117252000, "costAndExpenses": 803659000, "interestIncome": 0, "interestExpense": 6529000, "depreciationAndAmortization": 9628000, "ebitda": 28284000, "ebitdaratio": 0.0345648898, "operatingIncome": 9813000, "operatingIncomeRatio": 0.011992125, "totalOtherIncomeExpensesNet": -4028000, "incomeBeforeTax": 3957000, "incomeBeforeTaxRatio": 0.0048357117, "incomeTaxExpense": 2921000, "netIncome": 684000, "netIncomeRatio": 0.0008358925, "eps": 0.05, "epsdiluted": 0.05, "weightedAverageShsOut": 14938619, "weightedAverageShsOutDil": 15025023, "link": "https://www.sec.gov/Archives/edgar/data/1048268/000104746908013171/0001047469-08-013171-index.htm", "finalLink": "https://www.sec.gov/Archives/edgar/data/1048268/000104746908013171/a2188873z10-k.htm", "calculatedOtherExpenses": 4701000, "calculatedOperatingExpenses": 122067000, "calculatedNetInterest": -6529000, "calculatedOtherIncome": 673000, "calculatedIncomeNonControlling": 352000, "calculatedEbitda": 19441000}, {"date": "2007-09-30", "symbol": "IESC", "reportedCurrency": "USD", "cik": "0001048268", "fillingDate": "2007-12-13", "acceptedDate": "2007-12-13 14:11:48", "calendarYear": "2007", "period": "FY", "revenue": 892758000, "costOfRevenue": 747840000, "grossProfit": 144918000, "grossProfitRatio": 0.1623261847, "researchAndDevelopmentExpenses": 0, "generalAndAdministrativeExpenses": 137638000, "sellingAndMarketingExpenses": 0, "sellingGeneralAndAdministrativeExpenses": 137638000, "otherExpenses": -59000, "operatingExpenses": 137579000, "costAndExpenses": 885419000, "interestIncome": 0, "interestExpense": 5835000, "depreciationAndAmortization": 11135000, "ebitda": 18903000, "ebitdaratio": 0.0211737111, "operatingIncome": 6515000, "operatingIncomeRatio": 0.0072976103, "totalOtherIncomeExpensesNet": -429000, "incomeBeforeTax": 1016000, "incomeBeforeTaxRatio": 0.0011380464, "incomeTaxExpense": 2041000, "netIncome": -4412000, "netIncomeRatio": -0.0049419888, "eps": -0.29, "epsdiluted": -0.29, "weightedAverageShsOut": 15058972, "weightedAverageShsOutDil": 15058972, "link": "https://www.sec.gov/Archives/edgar/data/1048268/000104746907010007/0001047469-07-010007-index.htm", "finalLink": "https://www.sec.gov/Archives/edgar/data/1048268/000104746907010007/a2181647z10-k.htm", "calculatedOtherExpenses": 765000, "calculatedOperatingExpenses": 138403000, "calculatedNetInterest": -5835000, "calculatedOtherIncome": 336000, "calculatedIncomeNonControlling": 3387000, "calculatedEbitda": 17650000}, {"date": "2006-09-30", "symbol": "IESC", "reportedCurrency": "USD", "cik": "0001048268", "fillingDate": "2006-12-21", "acceptedDate": "2006-12-21 06:02:32", "calendarYear": "2006", "period": "FY", "revenue": 419853000, "costOfRevenue": 361010000, "grossProfit": 58843000, "grossProfitRatio": 0.140151434, "researchAndDevelopmentExpenses": 0, "generalAndAdministrativeExpenses": 53800000, "sellingAndMarketingExpenses": 0, "sellingGeneralAndAdministrativeExpenses": 53800000, "otherExpenses": -1419000, "operatingExpenses": 52381000, "costAndExpenses": 413391000, "interestIncome": 0, "interestExpense": 0, "depreciationAndAmortization": 4349000, "ebitda": 12243000, "ebitdaratio": 0.0291602061, "operatingIncome": 5043000, "operatingIncomeRatio": 0.0120113468, "totalOtherIncomeExpensesNet": -1432000, "incomeBeforeTax": 1041000, "incomeBeforeTaxRatio": 0.0024794392, "incomeTaxExpense": 425000, "netIncome": -8171000, "netIncomeRatio": -0.0194615735, "eps": -0.55, "epsdiluted": -0.53, "weightedAverageShsOut": 14970502, "weightedAverageShsOutDil": 15373969, "link": "https://www.sec.gov/Archives/edgar/data/1048268/000095013406023507/0000950134-06-023507-index.htm", "finalLink": "https://www.sec.gov/Archives/edgar/data/1048268/000095013406023507/h42104e10vk.htm", "calculatedOtherExpenses": 0, "calculatedOperatingExpenses": 53800000, "calculatedNetInterest": 0, "calculatedOtherIncome": -4002000, "calculatedIncomeNonControlling": 8787000, "calculatedEbitda": 9392000}, {"date": "2005-09-30", "symbol": "IESC", "reportedCurrency": "USD", "cik": "0001048268", "fillingDate": "2005-12-21", "acceptedDate": "2005-12-21 17:24:41", "calendarYear": "2005", "period": "FY", "revenue": 1102814000, "costOfRevenue": 975900000, "grossProfit": 126914000, "grossProfitRatio": 0.1150819631, "researchAndDevelopmentExpenses": 0, "generalAndAdministrativeExpenses": 153561000, "sellingAndMarketingExpenses": 0, "sellingGeneralAndAdministrativeExpenses": 153561000, "otherExpenses": 57339000, "operatingExpenses": 210900000, "costAndExpenses": 1186800000, "interestIncome": 0, "interestExpense": -28291000, "depreciationAndAmortization": 16459000, "ebitda": -8816000, "ebitdaratio": -0.0079940951, "operatingIncome": -83986000, "operatingIncomeRatio": -0.076156088, "totalOtherIncomeExpensesNet": -58711000, "incomeBeforeTax": -113649000, "incomeBeforeTaxRatio": -0.1030536428, "incomeTaxExpense": 894000, "netIncome": -127752000, "netIncomeRatio": -0.1158418373, "eps": -3.27, "epsdiluted": -3.27, "weightedAverageShsOut": 39122174, "weightedAverageShsOutDil": 39122174, "link": "https://www.sec.gov/Archives/edgar/data/1048268/000095012905012142/0000950129-05-012142-index.htm", "finalLink": "https://www.sec.gov/Archives/edgar/data/1048268/000095012905012142/h30959e10vk.htm", "calculatedOtherExpenses": 57339000, "calculatedOperatingExpenses": 210900000, "calculatedNetInterest": 28291000, "calculatedOtherIncome": -57954000, "calculatedIncomeNonControlling": 13209000, "calculatedEbitda": -67527000}, {"date": "2004-09-30", "symbol": "IESC", "reportedCurrency": "USD", "cik": "0001048268", "fillingDate": "2004-12-14", "acceptedDate": "2004-12-14 17:06:30", "calendarYear": "2004", "period": "FY", "revenue": 1424100000, "costOfRevenue": 1250170000, "grossProfit": 173930000, "grossProfitRatio": 0.1221332772, "researchAndDevelopmentExpenses": 0, "generalAndAdministrativeExpenses": 158906000, "sellingAndMarketingExpenses": 0, "sellingGeneralAndAdministrativeExpenses": 158906000, "otherExpenses": 99798000, "operatingExpenses": 258704000, "costAndExpenses": 1508874000, "interestIncome": 0, "interestExpense": -23187000, "depreciationAndAmortization": 13635000, "ebitda": 34478000, "ebitdaratio": 0.0242103785, "operatingIncome": -84774000, "operatingIncomeRatio": -0.059528123, "totalOtherIncomeExpensesNet": -105617000, "incomeBeforeTax": -113780000, "incomeBeforeTaxRatio": -0.0798960747, "incomeTaxExpense": 11084000, "netIncome": -124864000, "netIncomeRatio": -0.087679236, "eps": -3.23, "epsdiluted": -3.23, "weightedAverageShsOut": 38610326, "weightedAverageShsOutDil": 38610326, "link": "https://www.sec.gov/Archives/edgar/data/1048268/000119312504212863/0001193125-04-212863-index.htm", "finalLink": "https://www.sec.gov/Archives/edgar/data/1048268/000119312504212863/d10k.htm", "calculatedOtherExpenses": 99798000, "calculatedOperatingExpenses": 258704000, "calculatedNetInterest": 23187000, "calculatedOtherIncome": -52193000, "calculatedIncomeNonControlling": 0, "calculatedEbitda": -71139000}, {"date": "2003-09-30", "symbol": "IESC", "reportedCurrency": "USD", "cik": "0001048268", "fillingDate": "2003-11-26", "acceptedDate": "2003-11-26 09:57:56", "calendarYear": "2003", "period": "FY", "revenue": 1448553000, "costOfRevenue": 1241330000, "grossProfit": 207223000, "grossProfitRatio": 0.143055173, "researchAndDevelopmentExpenses": 0, "generalAndAdministrativeExpenses": 153651000, "sellingAndMarketingExpenses": 0, "sellingGeneralAndAdministrativeExpenses": 153651000, "otherExpenses": 0, "operatingExpenses": 153651000, "costAndExpenses": 1394981000, "interestIncome": 0, "interestExpense": 0, "depreciationAndAmortization": 16315000, "ebitda": 69887000, "ebitdaratio": 0.0482460773, "operatingIncome": 53572000, "operatingIncomeRatio": 0.0369831135, "totalOtherIncomeExpensesNet": -24963000, "incomeBeforeTax": 28609000, "incomeBeforeTaxRatio": 0.019750054, "incomeTaxExpense": 8179000, "netIncome": 20430000, "netIncomeRatio": 0.0141037297, "eps": 1.3, "epsdiluted": 1.26, "weightedAverageShsOut": 14970502, "weightedAverageShsOutDil": 15373969, "link": "https://www.sec.gov/Archives/edgar/data/1048268/000095012903005863/0000950129-03-005863-index.htm", "finalLink": "https://www.sec.gov/Archives/edgar/data/1048268/000095012903005863/h10818e10vk.txt", "calculatedOtherExpenses": 0, "calculatedOperatingExpenses": 153651000, "calculatedNetInterest": 0, "calculatedOtherIncome": -24963000, "calculatedIncomeNonControlling": 0, "calculatedEbitda": 69887000}, {"date": "2002-09-30", "symbol": "IESC", "reportedCurrency": "USD", "cik": "0001048268", "fillingDate": "2002-11-27", "acceptedDate": "2002-11-27 12:35:56", "calendarYear": "2002", "period": "FY", "revenue": 1475430000, "costOfRevenue": 1253844000, "grossProfit": 221586000, "grossProfitRatio": 0.1501840142, "researchAndDevelopmentExpenses": 0, "generalAndAdministrativeExpenses": 174184000, "sellingAndMarketingExpenses": 0, "sellingGeneralAndAdministrativeExpenses": 174184000, "otherExpenses": 0, "operatingExpenses": 174184000, "costAndExpenses": 1428028000, "interestIncome": 0, "interestExpense": 0, "depreciationAndAmortization": 18633000, "ebitda": 71591000, "ebitdaratio": 0.0485221258, "operatingIncome": 41846000, "operatingIncomeRatio": 0.0283619013, "totalOtherIncomeExpensesNet": -5556000, "incomeBeforeTax": 16108000, "incomeBeforeTaxRatio": 0.0109174952, "incomeTaxExpense": 6175000, "netIncome": -273351000, "netIncomeRatio": -0.1852687013, "eps": -6.86, "epsdiluted": -6.86, "weightedAverageShsOut": 39847591, "weightedAverageShsOutDil": 39847591, "link": "https://www.sec.gov/Archives/edgar/data/1048268/000095012902005947/0000950129-02-005947-index.htm", "finalLink": "https://www.sec.gov/Archives/edgar/data/1048268/000095012902005947/h01657e10vk.txt", "calculatedOtherExpenses": 5556000, "calculatedOperatingExpenses": 179740000, "calculatedNetInterest": 0, "calculatedOtherIncome": -25738000, "calculatedIncomeNonControlling": 283284000, "calculatedEbitda": 60479000}, {"date": "2001-09-30", "symbol": "IESC", "reportedCurrency": "USD", "cik": "0001048268", "fillingDate": "2001-12-14", "acceptedDate": "2001-12-14 00:00:00", "calendarYear": "2001", "period": "FY", "revenue": 1693213000, "costOfRevenue": 1385589000, "grossProfit": 307624000, "grossProfitRatio": 0.1816806273, "researchAndDevelopmentExpenses": 0, "generalAndAdministrativeExpenses": 214073000, "sellingAndMarketingExpenses": 0, "sellingGeneralAndAdministrativeExpenses": 214073000, "otherExpenses": 12983000, "operatingExpenses": 227056000, "costAndExpenses": 1612645000, "interestIncome": 0, "interestExpense": 0, "depreciationAndAmortization": 30345000, "ebitda": 111047000, "ebitdaratio": 0.0655835976, "operatingIncome": 80568000, "operatingIncomeRatio": 0.0475829089, "totalOtherIncomeExpensesNet": -134000, "incomeBeforeTax": 54381000, "incomeBeforeTaxRatio": 0.0321170461, "incomeTaxExpense": 25671000, "netIncome": 28710000, "netIncomeRatio": 0.0169559293, "eps": 0.71, "epsdiluted": 0.7, "weightedAverageShsOut": 40402533, "weightedAverageShsOutDil": 40899790, "link": "https://www.sec.gov/Archives/edgar/data/1048268/000095012901504510/0000950129-01-504510-index.htm", "finalLink": "https://www.sec.gov/Archives/edgar/data/1048268/000095012901504510/h92673e10-k.txt", "calculatedOtherExpenses": 12983000, "calculatedOperatingExpenses": 227056000, "calculatedNetInterest": 0, "calculatedOtherIncome": -26187000, "calculatedIncomeNonControlling": 0, "calculatedEbitda": 110913000}, {"date": "2000-09-30", "symbol": "IESC", "reportedCurrency": "USD", "cik": "0001048268", "fillingDate": "2000-12-19", "acceptedDate": "2000-12-19 00:00:00", "calendarYear": "2000", "period": "FY", "revenue": 1672288000, "costOfRevenue": 1372537000, "grossProfit": 299751000, "grossProfitRatio": 0.179246039, "researchAndDevelopmentExpenses": 0, "generalAndAdministrativeExpenses": 221519000, "sellingAndMarketingExpenses": 0, "sellingGeneralAndAdministrativeExpenses": 221519000, "otherExpenses": 13211000, "operatingExpenses": 234730000, "costAndExpenses": 1607267000, "interestIncome": 0, "interestExpense": 0, "depreciationAndAmortization": 32656000, "ebitda": 96669000, "ebitdaratio": 0.0578064305, "operatingIncome": 65021000, "operatingIncomeRatio": 0.0388814606, "totalOtherIncomeExpensesNet": 1008000, "incomeBeforeTax": 42799000, "incomeBeforeTaxRatio": 0.0255930797, "incomeTaxExpense": 21643000, "netIncome": 21156000, "netIncomeRatio": 0.0126509309, "eps": 0.53, "epsdiluted": 0.52, "weightedAverageShsOut": 40207940, "weightedAverageShsOutDil": 40410400, "link": "https://www.sec.gov/Archives/edgar/data/1048268/000095012900006032/0000950129-00-006032-index.htm", "finalLink": "https://www.sec.gov/Archives/edgar/data/1048268/000095012900006032/h82657e10-k405.txt", "calculatedOtherExpenses": 13211000, "calculatedOperatingExpenses": 234730000, "calculatedNetInterest": 0, "calculatedOtherIncome": -22222000, "calculatedIncomeNonControlling": 0, "calculatedEbitda": 97677000}, {"date": "1999-09-30", "symbol": "IESC", "reportedCurrency": "USD", "cik": "0001048268", "fillingDate": "1999-12-16", "acceptedDate": "1999-12-16 00:00:00", "calendarYear": "1999", "period": "FY", "revenue": 1035888000, "costOfRevenue": 816715000, "grossProfit": 219173000, "grossProfitRatio": 0.2115798233, "researchAndDevelopmentExpenses": 0, "generalAndAdministrativeExpenses": 113871000, "sellingAndMarketingExpenses": 0, "sellingGeneralAndAdministrativeExpenses": 113871000, "otherExpenses": 9305000, "operatingExpenses": 123176000, "costAndExpenses": 939891000, "interestIncome": 0, "interestExpense": 0, "depreciationAndAmortization": 16947000, "ebitda": 112341000, "ebitdaratio": 0.1084489829, "operatingIncome": 95997000, "operatingIncomeRatio": 0.0926712154, "totalOtherIncomeExpensesNet": 603000, "incomeBeforeTax": 83455000, "incomeBeforeTaxRatio": 0.0805637289, "incomeTaxExpense": 35348000, "netIncome": 48107000, "netIncomeRatio": 0.0464403488, "eps": 1.41, "epsdiluted": 1.39, "weightedAverageShsOut": 34200532, "weightedAverageShsOutDil": 34613644, "link": "https://www.sec.gov/Archives/edgar/data/1048268/000095012999005433/0000950129-99-005433-index.html", "finalLink": "https://www.sec.gov/Archives/edgar/data/1048268/000095012999005433/", "calculatedOtherExpenses": 9305000, "calculatedOperatingExpenses": 123176000, "calculatedNetInterest": 0, "calculatedOtherIncome": -12542000, "calculatedIncomeNonControlling": 0, "calculatedEbitda": 112944000}, {"date": "1998-09-30", "symbol": "IESC", "reportedCurrency": "USD", "cik": "0001048268", "fillingDate": "1998-12-21", "acceptedDate": "1998-12-21 00:00:00", "calendarYear": "1998", "period": "FY", "revenue": 386721000, "costOfRevenue": 306052000, "grossProfit": 80669000, "grossProfitRatio": 0.2085974126, "researchAndDevelopmentExpenses": 0, "generalAndAdministrativeExpenses": 47390000, "sellingAndMarketingExpenses": 0, "sellingGeneralAndAdministrativeExpenses": 47390000, "otherExpenses": 20248000, "operatingExpenses": 67638000, "costAndExpenses": 373690000, "interestIncome": 0, "interestExpense": 0, "depreciationAndAmortization": 5557000, "ebitda": 18253000, "ebitdaratio": 0.0471994022, "operatingIncome": 13031000, "operatingIncomeRatio": 0.0336961272, "totalOtherIncomeExpensesNet": 335000, "incomeBeforeTax": 12638000, "incomeBeforeTaxRatio": 0.0326798907, "incomeTaxExpense": 12690000, "netIncome": -52000, "netIncomeRatio": -0.0001344639, "eps": -0.0026, "epsdiluted": -0.0026, "weightedAverageShsOut": 19753060, "weightedAverageShsOutDil": 19753060, "link": "https://www.sec.gov/Archives/edgar/data/1048268/000095012998005103/0000950129-98-005103-index.html", "finalLink": "https://www.sec.gov/Archives/edgar/data/1048268/", "calculatedOtherExpenses": 20248000, "calculatedOperatingExpenses": 67638000, "calculatedNetInterest": 0, "calculatedOtherIncome": -393000, "calculatedIncomeNonControlling": 0, "calculatedEbitda": 18588000}, {"date": "1997-09-30", "symbol": "IESC", "reportedCurrency": "USD", "cik": "0001048268", "fillingDate": "1997-09-30", "acceptedDate": "1997-09-29 20:00:00", "calendarYear": "1997", "period": "FY", "revenue": 92400000, "costOfRevenue": 76300000, "grossProfit": 16100000, "grossProfitRatio": 0.1742424242, "researchAndDevelopmentExpenses": 0, "generalAndAdministrativeExpenses": 10200000, "sellingAndMarketingExpenses": 0, "sellingGeneralAndAdministrativeExpenses": 10200000, "otherExpenses": 3.725290298461914e-09, "operatingExpenses": 10200000, "costAndExpenses": 86500000, "interestIncome": 0, "interestExpense": -200000, "depreciationAndAmortization": 320000, "ebitda": 6220000, "ebitdaratio": 0.0673160173, "operatingIncome": 5900000, "operatingIncomeRatio": 0.0638528139, "totalOtherIncomeExpensesNet": 200000, "incomeBeforeTax": 6100000, "incomeBeforeTaxRatio": 0.066017316, "incomeTaxExpense": 2400000, "netIncome": 3700000, "netIncomeRatio": 0.04004329, "eps": 0.82, "epsdiluted": 0.82, "weightedAverageShsOut": 4500000, "weightedAverageShsOutDil": 4500000, "link": "", "finalLink": "", "calculatedOtherExpenses": 0, "calculatedOperatingExpenses": 10200000, "calculatedNetInterest": 200000, "calculatedOtherIncome": 0, "calculatedIncomeNonControlling": 0, "calculatedEbitda": 6220000}, {"date": "1996-12-31", "symbol": "IESC", "reportedCurrency": "USD", "cik": "0001048268", "fillingDate": "1996-12-31", "acceptedDate": "1996-12-30 19:00:00", "calendarYear": "1996", "period": "FY", "revenue": 101400000, "costOfRevenue": 85100000, "grossProfit": 16300000, "grossProfitRatio": 0.1607495069, "researchAndDevelopmentExpenses": 0, "generalAndAdministrativeExpenses": 10200000, "sellingAndMarketingExpenses": 0, "sellingGeneralAndAdministrativeExpenses": 10200000, "otherExpenses": 3.725290298461914e-09, "operatingExpenses": 10200000, "costAndExpenses": 95300000, "interestIncome": 0, "interestExpense": -200000, "depreciationAndAmortization": 300000, "ebitda": 6300000, "ebitdaratio": 0.0621301775, "operatingIncome": 6100000, "operatingIncomeRatio": 0.0601577909, "totalOtherIncomeExpensesNet": 0, "incomeBeforeTax": 6100000, "incomeBeforeTaxRatio": 0.0601577909, "incomeTaxExpense": 2500000, "netIncome": 3700000, "netIncomeRatio": 0.0364891519, "eps": 0.82, "epsdiluted": 0.82, "weightedAverageShsOut": 4500000, "weightedAverageShsOutDil": 4500000, "link": "", "finalLink": "", "calculatedOtherExpenses": 0, "calculatedOperatingExpenses": 10200000, "calculatedNetInterest": 200000, "calculatedOtherIncome": -200000, "calculatedIncomeNonControlling": -100000, "calculatedEbitda": 6400000}]}