{"originalCurrency": "USD", "convertedCurrency": "USD", "report": [{"date": "2023-12-31", "symbol": "IEX", "reportedCurrency": "USD", "cik": "0000832101", "fillingDate": "2024-02-22", "acceptedDate": "2024-02-22 11:56:07", "calendarYear": "2023", "period": "FY", "revenue": 3273900000, "costOfRevenue": 1827000000, "grossProfit": 1446900000, "grossProfitRatio": 0.4419499679, "researchAndDevelopmentExpenses": 175900000, "generalAndAdministrativeExpenses": 0, "sellingAndMarketingExpenses": 0, "sellingGeneralAndAdministrativeExpenses": 703500000, "otherExpenses": -5200000, "operatingExpenses": 703500000, "costAndExpenses": 2530500000, "interestIncome": 0, "interestExpense": 51700000, "depreciationAndAmortization": 152100000, "ebitda": 895500000, "ebitdaratio": 0.2735269862, "operatingIncome": 743400000, "operatingIncomeRatio": 0.2270686337, "totalOtherIncomeExpensesNet": 16900000, "incomeBeforeTax": 760300000, "incomeBeforeTaxRatio": 0.2322306729, "incomeTaxExpense": 164700000, "netIncome": 596100000, "netIncomeRatio": 0.1820764226, "eps": 7.88, "epsdiluted": 7.85, "weightedAverageShsOut": 75600000, "weightedAverageShsOutDil": 75900000, "link": "https://www.sec.gov/Archives/edgar/data/832101/000083210124000009/0000832101-24-000009-index.htm", "finalLink": "https://www.sec.gov/Archives/edgar/data/832101/000083210124000009/iex-20231231.htm", "calculatedOtherExpenses": -175900000, "calculatedOperatingExpenses": 703500000, "calculatedNetInterest": -51700000, "calculatedOtherIncome": 68600000, "calculatedIncomeNonControlling": -500000, "calculatedEbitda": 895500000}, {"date": "2022-12-31", "symbol": "IEX", "reportedCurrency": "USD", "cik": "0000832101", "fillingDate": "2023-02-23", "acceptedDate": "2023-02-23 12:07:06", "calendarYear": "2022", "period": "FY", "revenue": 3181900000, "costOfRevenue": 1755000000, "grossProfit": 1426900000, "grossProfitRatio": 0.4484427543, "researchAndDevelopmentExpenses": 156800000, "generalAndAdministrativeExpenses": 637800000, "sellingAndMarketingExpenses": 14900000, "sellingGeneralAndAdministrativeExpenses": 652700000, "otherExpenses": 3900000, "operatingExpenses": 652700000, "costAndExpenses": 2407700000, "interestIncome": 40700000, "interestExpense": 40700000, "depreciationAndAmortization": 146400000, "ebitda": 897800000, "ebitdaratio": 0.2821584588, "operatingIncome": 751400000, "operatingIncomeRatio": 0.2361482133, "totalOtherIncomeExpensesNet": -2000000, "incomeBeforeTax": 749400000, "incomeBeforeTaxRatio": 0.2355196581, "incomeTaxExpense": 162700000, "netIncome": 586900000, "netIncomeRatio": 0.1844495427, "eps": 7.75, "epsdiluted": 7.72, "weightedAverageShsOut": 75700000, "weightedAverageShsOutDil": 76000000, "link": "https://www.sec.gov/Archives/edgar/data/832101/000083210123000013/0000832101-23-000013-index.htm", "finalLink": "https://www.sec.gov/Archives/edgar/data/832101/000083210123000013/iex-20221231.htm", "calculatedOtherExpenses": -134000000, "calculatedOperatingExpenses": 675500000, "calculatedNetInterest": 0, "calculatedOtherIncome": -2000000, "calculatedIncomeNonControlling": -200000, "calculatedEbitda": 897800000}, {"date": "2021-12-31", "symbol": "IEX", "reportedCurrency": "USD", "cik": "0000832101", "fillingDate": "2022-02-24", "acceptedDate": "2022-02-24 13:47:55", "calendarYear": "2021", "period": "FY", "revenue": 2764800000, "costOfRevenue": 1540300000, "grossProfit": 1224500000, "grossProfitRatio": 0.4428891782, "researchAndDevelopmentExpenses": 133000000, "generalAndAdministrativeExpenses": 567500000, "sellingAndMarketingExpenses": 10700000, "sellingGeneralAndAdministrativeExpenses": 578200000, "otherExpenses": -16200000, "operatingExpenses": 578200000, "costAndExpenses": 2118500000, "interestIncome": 41000000, "interestExpense": 41000000, "depreciationAndAmortization": 96100000, "ebitda": 733100000, "ebitdaratio": 0.2651548032, "operatingIncome": 637000000, "operatingIncomeRatio": 0.230396412, "totalOtherIncomeExpensesNet": -57200000, "incomeBeforeTax": 579800000, "incomeBeforeTaxRatio": 0.2097077546, "incomeTaxExpense": 130500000, "netIncome": 449400000, "netIncomeRatio": 0.1625434028, "eps": 5.91, "epsdiluted": 5.88, "weightedAverageShsOut": 76000000, "weightedAverageShsOutDil": 76400000, "link": "https://www.sec.gov/Archives/edgar/data/832101/000083210122000008/0000832101-22-000008-index.htm", "finalLink": "https://www.sec.gov/Archives/edgar/data/832101/000083210122000008/iex-20211231.htm", "calculatedOtherExpenses": -123700000, "calculatedOperatingExpenses": 587500000, "calculatedNetInterest": 0, "calculatedOtherIncome": -57200000, "calculatedIncomeNonControlling": -100000, "calculatedEbitda": 733100000}, {"date": "2020-12-31", "symbol": "IEX", "reportedCurrency": "USD", "cik": "0000832101", "fillingDate": "2021-02-25", "acceptedDate": "2021-02-25 13:09:33", "calendarYear": "2020", "period": "FY", "revenue": 2351646000, "costOfRevenue": 1324222000, "grossProfit": 1027424000, "grossProfitRatio": 0.4368956892, "researchAndDevelopmentExpenses": 130500000, "generalAndAdministrativeExpenses": 485035000, "sellingAndMarketingExpenses": 9900000, "sellingGeneralAndAdministrativeExpenses": 494935000, "otherExpenses": -5627000, "operatingExpenses": 494935000, "costAndExpenses": 1819157000, "interestIncome": 44800000, "interestExpense": 44746000, "depreciationAndAmortization": 89644000, "ebitda": 610357000, "ebitdaratio": 0.2595445913, "operatingIncome": 520713000, "operatingIncomeRatio": 0.2214249083, "totalOtherIncomeExpensesNet": -50373000, "incomeBeforeTax": 470340000, "incomeBeforeTaxRatio": 0.2000045925, "incomeTaxExpense": 92562000, "netIncome": 377800000, "netIncomeRatio": 0.1606534317, "eps": 4.99, "epsdiluted": 4.94, "weightedAverageShsOut": 75741000, "weightedAverageShsOutDil": 76400000, "link": "https://www.sec.gov/Archives/edgar/data/832101/000083210121000017/0000832101-21-000017-index.htm", "finalLink": "https://www.sec.gov/Archives/edgar/data/832101/000083210121000017/iex-20201231.htm", "calculatedOtherExpenses": -118724000, "calculatedOperatingExpenses": 506711000, "calculatedNetInterest": 54000, "calculatedOtherIncome": -50427000, "calculatedIncomeNonControlling": -22000, "calculatedEbitda": 610357000}, {"date": "2019-12-31", "symbol": "IEX", "reportedCurrency": "USD", "cik": "0000832101", "fillingDate": "2020-02-21", "acceptedDate": "2020-02-21 14:33:15", "calendarYear": "2019", "period": "FY", "revenue": 2494573000, "costOfRevenue": 1369539000, "grossProfit": 1125034000, "grossProfitRatio": 0.4509926148, "researchAndDevelopmentExpenses": 148800000, "generalAndAdministrativeExpenses": 509287000, "sellingAndMarketingExpenses": 15700000, "sellingGeneralAndAdministrativeExpenses": 524987000, "otherExpenses": -1759000, "operatingExpenses": 524987000, "costAndExpenses": 1894526000, "interestIncome": 44300000, "interestExpense": 44341000, "depreciationAndAmortization": 96161000, "ebitda": 675164000, "ebitdaratio": 0.2706531338, "operatingIncome": 579003000, "operatingIncomeRatio": 0.2321050537, "totalOtherIncomeExpensesNet": -46100000, "incomeBeforeTax": 532903000, "incomeBeforeTaxRatio": 0.213624937, "incomeTaxExpense": 107382000, "netIncome": 425521000, "netIncomeRatio": 0.1705786922, "eps": 5.63, "epsdiluted": 5.57, "weightedAverageShsOut": 75594000, "weightedAverageShsOutDil": 76454000, "link": "https://www.sec.gov/Archives/edgar/data/832101/000083210120000007/0000832101-20-000007-index.htm", "finalLink": "https://www.sec.gov/Archives/edgar/data/832101/000083210120000007/iex-20191231x10k.htm", "calculatedOtherExpenses": -127756000, "calculatedOperatingExpenses": 546031000, "calculatedNetInterest": -41000, "calculatedOtherIncome": -46059000, "calculatedIncomeNonControlling": 0, "calculatedEbitda": 675164000}, {"date": "2018-12-31", "symbol": "IEX", "reportedCurrency": "USD", "cik": "0000832101", "fillingDate": "2019-02-28", "acceptedDate": "2019-02-28 17:22:58", "calendarYear": "2018", "period": "FY", "revenue": 2483666000, "costOfRevenue": 1365771000, "grossProfit": 1117895000, "grossProfitRatio": 0.4500987653, "researchAndDevelopmentExpenses": 48000000, "generalAndAdministrativeExpenses": 536724000, "sellingAndMarketingExpenses": 17000000, "sellingGeneralAndAdministrativeExpenses": 536724000, "otherExpenses": 3985000, "operatingExpenses": 536724000, "costAndExpenses": 1902495000, "interestIncome": 0, "interestExpense": 44134000, "depreciationAndAmortization": 77544000, "ebitda": 662700000, "ebitdaratio": 0.2668233168, "operatingIncome": 569088000, "operatingIncomeRatio": 0.2291322585, "totalOtherIncomeExpensesNet": -8098000, "incomeBeforeTax": 528939000, "incomeBeforeTaxRatio": 0.2129670415, "incomeTaxExpense": 118366000, "netIncome": 410573000, "netIncomeRatio": 0.1653092646, "eps": 5.37, "epsdiluted": 5.29, "weightedAverageShsOut": 76412000, "weightedAverageShsOutDil": 77563000, "link": "https://www.sec.gov/Archives/edgar/data/832101/000083210119000005/0000832101-19-000005-index.htm", "finalLink": "https://www.sec.gov/Archives/edgar/data/832101/000083210119000005/iex-20181231x10k.htm", "calculatedOtherExpenses": -35917000, "calculatedOperatingExpenses": 548807000, "calculatedNetInterest": -44134000, "calculatedOtherIncome": 3985000, "calculatedIncomeNonControlling": 0, "calculatedEbitda": 646632000}, {"date": "2017-12-31", "symbol": "IEX", "reportedCurrency": "USD", "cik": "0000832101", "fillingDate": "2018-02-22", "acceptedDate": "2018-02-22 16:15:56", "calendarYear": "2017", "period": "FY", "revenue": 2287312000, "costOfRevenue": 1260634000, "grossProfit": 1026678000, "grossProfitRatio": 0.4488578733, "researchAndDevelopmentExpenses": 42400000, "generalAndAdministrativeExpenses": 524940000, "sellingAndMarketingExpenses": 15800000, "sellingGeneralAndAdministrativeExpenses": 524940000, "otherExpenses": -2394000, "operatingExpenses": 524940000, "costAndExpenses": 1785574000, "interestIncome": 0, "interestExpense": 44889000, "depreciationAndAmortization": 84216000, "ebitda": 583560000, "ebitdaratio": 0.2551291647, "operatingIncome": 502556000, "operatingIncomeRatio": 0.2197146694, "totalOtherIncomeExpensesNet": -1576000, "incomeBeforeTax": 455273000, "incomeBeforeTaxRatio": 0.1990428066, "incomeTaxExpense": 118016000, "netIncome": 337257000, "netIncomeRatio": 0.1474468721, "eps": 4.41, "epsdiluted": 4.36, "weightedAverageShsOut": 76232000, "weightedAverageShsOutDil": 77333000, "link": "https://www.sec.gov/Archives/edgar/data/832101/000083210118000019/0000832101-18-000019-index.htm", "finalLink": "https://www.sec.gov/Archives/edgar/data/832101/000083210118000019/iex-20171231x10k.htm", "calculatedOtherExpenses": -43218000, "calculatedOperatingExpenses": 524122000, "calculatedNetInterest": -44889000, "calculatedOtherIncome": -2394000, "calculatedIncomeNonControlling": 0, "calculatedEbitda": 586772000}, {"date": "2016-12-31", "symbol": "IEX", "reportedCurrency": "USD", "cik": "0000832101", "fillingDate": "2017-02-23", "acceptedDate": "2017-02-23 12:49:53", "calendarYear": "2016", "period": "FY", "revenue": 2113043000, "costOfRevenue": 1182276000, "grossProfit": 930767000, "grossProfitRatio": 0.44048654, "researchAndDevelopmentExpenses": 39400000, "generalAndAdministrativeExpenses": 498994000, "sellingAndMarketingExpenses": 15300000, "sellingGeneralAndAdministrativeExpenses": 498994000, "otherExpenses": 8327000, "operatingExpenses": 498994000, "costAndExpenses": 1681270000, "interestIncome": 0, "interestExpense": 45616000, "depreciationAndAmortization": 86892000, "ebitda": 526992000, "ebitdaratio": 0.2493995626, "operatingIncome": 405801000, "operatingIncomeRatio": 0.1920457842, "totalOtherIncomeExpensesNet": -17645000, "incomeBeforeTax": 368512000, "incomeBeforeTaxRatio": 0.1743987226, "incomeTaxExpense": 97403000, "netIncome": 271109000, "netIncomeRatio": 0.1283026422, "eps": 3.57, "epsdiluted": 3.53, "weightedAverageShsOut": 75803000, "weightedAverageShsOutDil": 76758000, "link": "https://www.sec.gov/Archives/edgar/data/832101/000083210117000016/0000832101-17-000016-index.htm", "finalLink": "https://www.sec.gov/Archives/edgar/data/832101/000083210117000016/iex-20161231x10k.htm", "calculatedOtherExpenses": -13428000, "calculatedOperatingExpenses": 524966000, "calculatedNetInterest": -45616000, "calculatedOtherIncome": 8327000, "calculatedIncomeNonControlling": 0, "calculatedEbitda": 492693000}, {"date": "2015-12-31", "symbol": "IEX", "reportedCurrency": "USD", "cik": "0000832101", "fillingDate": "2016-02-19", "acceptedDate": "2016-02-19 15:42:11", "calendarYear": "2015", "period": "FY", "revenue": 2020668000, "costOfRevenue": 1116353000, "grossProfit": 904315000, "grossProfitRatio": 0.4475326971, "researchAndDevelopmentExpenses": 33600000, "generalAndAdministrativeExpenses": 479408000, "sellingAndMarketingExpenses": 16100000, "sellingGeneralAndAdministrativeExpenses": 479408000, "otherExpenses": 2243000, "operatingExpenses": 479408000, "costAndExpenses": 1595761000, "interestIncome": 0, "interestExpense": 41636000, "depreciationAndAmortization": 78120000, "ebitda": 505270000, "ebitdaratio": 0.2500509732, "operatingIncome": 431738000, "operatingIncomeRatio": 0.2136610269, "totalOtherIncomeExpensesNet": 9074000, "incomeBeforeTax": 392345000, "incomeBeforeTaxRatio": 0.1941659887, "incomeTaxExpense": 109538000, "netIncome": 282807000, "netIncomeRatio": 0.1399571825, "eps": 3.65, "epsdiluted": 3.62, "weightedAverageShsOut": 77126000, "weightedAverageShsOutDil": 77972000, "link": "https://www.sec.gov/Archives/edgar/data/832101/000083210116000057/0000832101-16-000057-index.htm", "finalLink": "https://www.sec.gov/Archives/edgar/data/832101/000083210116000057/iex-20151231x10k.htm", "calculatedOtherExpenses": -40431000, "calculatedOperatingExpenses": 472577000, "calculatedNetInterest": -41636000, "calculatedOtherIncome": 2243000, "calculatedIncomeNonControlling": 0, "calculatedEbitda": 509858000}, {"date": "2014-12-31", "symbol": "IEX", "reportedCurrency": "USD", "cik": "0000832101", "fillingDate": "2015-02-23", "acceptedDate": "2015-02-23 14:32:59", "calendarYear": "2014", "period": "FY", "revenue": 2147767000, "costOfRevenue": 1198452000, "grossProfit": 949315000, "grossProfitRatio": 0.4420009247, "researchAndDevelopmentExpenses": 36800000, "generalAndAdministrativeExpenses": 504419000, "sellingAndMarketingExpenses": 14500000, "sellingGeneralAndAdministrativeExpenses": 504419000, "otherExpenses": 3111000, "operatingExpenses": 504419000, "costAndExpenses": 1702871000, "interestIncome": 0, "interestExpense": 41895000, "depreciationAndAmortization": 76907000, "ebitda": 524914000, "ebitdaratio": 0.2443998814, "operatingIncome": 431224000, "operatingIncomeRatio": 0.2007778311, "totalOtherIncomeExpensesNet": -10561000, "incomeBeforeTax": 392440000, "incomeBeforeTaxRatio": 0.1827200064, "incomeTaxExpense": 113054000, "netIncome": 279386000, "netIncomeRatio": 0.1300820806, "eps": 3.48, "epsdiluted": 3.45, "weightedAverageShsOut": 79715000, "weightedAverageShsOutDil": 80728000, "link": "https://www.sec.gov/Archives/edgar/data/832101/000083210115000009/0000832101-15-000009-index.htm", "finalLink": "https://www.sec.gov/Archives/edgar/data/832101/000083210115000009/iex-20141231x10k.htm", "calculatedOtherExpenses": -23128000, "calculatedOperatingExpenses": 518091000, "calculatedNetInterest": -41895000, "calculatedOtherIncome": 3111000, "calculatedIncomeNonControlling": 0, "calculatedEbitda": 508131000}, {"date": "2013-12-31", "symbol": "IEX", "reportedCurrency": "USD", "cik": "0000832101", "fillingDate": "2014-02-13", "acceptedDate": "2014-02-13 14:56:29", "calendarYear": "2013", "period": "FY", "revenue": 2024130000, "costOfRevenue": 1150766000, "grossProfit": 873364000, "grossProfitRatio": 0.4314762392, "researchAndDevelopmentExpenses": 33000000, "generalAndAdministrativeExpenses": 477851000, "sellingAndMarketingExpenses": 14600000, "sellingGeneralAndAdministrativeExpenses": 477851000, "otherExpenses": -178000, "operatingExpenses": 477851000, "costAndExpenses": 1628617000, "interestIncome": 0, "interestExpense": 42206000, "depreciationAndAmortization": 79334000, "ebitda": 395335000, "ebitdaratio": 0.1953110719, "operatingIncome": 395513000, "operatingIncomeRatio": 0.1953990109, "totalOtherIncomeExpensesNet": -178000, "incomeBeforeTax": 353129000, "incomeBeforeTaxRatio": 0.1744596444, "incomeTaxExpense": 97914000, "netIncome": 255215000, "netIncomeRatio": 0.1260862692, "eps": 3.11, "epsdiluted": 3.09, "weightedAverageShsOut": 81517000, "weightedAverageShsOutDil": 82489000, "link": "https://www.sec.gov/Archives/edgar/data/832101/000144530514000435/0001445305-14-000435-index.htm", "finalLink": "https://www.sec.gov/Archives/edgar/data/832101/000144530514000435/iex-20131231x10k.htm", "calculatedOtherExpenses": -33000000, "calculatedOperatingExpenses": 477851000, "calculatedNetInterest": -42206000, "calculatedOtherIncome": -178000, "calculatedIncomeNonControlling": 0, "calculatedEbitda": 474847000}, {"date": "2012-12-31", "symbol": "IEX", "reportedCurrency": "USD", "cik": "0000832101", "fillingDate": "2013-02-21", "acceptedDate": "2013-02-21 16:47:17", "calendarYear": "2012", "period": "FY", "revenue": 1954258000, "costOfRevenue": 1150558000, "grossProfit": 803700000, "grossProfitRatio": 0.4112558321, "researchAndDevelopmentExpenses": 36400000, "generalAndAdministrativeExpenses": 444490000, "sellingAndMarketingExpenses": 15300000, "sellingGeneralAndAdministrativeExpenses": 444490000, "otherExpenses": 236000, "operatingExpenses": 444490000, "costAndExpenses": 1595048000, "interestIncome": 0, "interestExpense": 42250000, "depreciationAndAmortization": 78312000, "ebitda": 359446000, "ebitdaratio": 0.1839296551, "operatingIncome": 128218000, "operatingIncomeRatio": 0.0656095562, "totalOtherIncomeExpensesNet": -230756000, "incomeBeforeTax": 86204000, "incomeBeforeTaxRatio": 0.0441108595, "incomeTaxExpense": 48574000, "netIncome": 37630000, "netIncomeRatio": 0.01925539, "eps": 0.45, "epsdiluted": 0.45, "weightedAverageShsOut": 82689000, "weightedAverageShsOutDil": 83641000, "link": "https://www.sec.gov/Archives/edgar/data/832101/000119312513069436/0001193125-13-069436-index.htm", "finalLink": "https://www.sec.gov/Archives/edgar/data/832101/000119312513069436/d442705d10k.htm", "calculatedOtherExpenses": 194592000, "calculatedOperatingExpenses": 675482000, "calculatedNetInterest": -42250000, "calculatedOtherIncome": 236000, "calculatedIncomeNonControlling": 0, "calculatedEbitda": 206530000}, {"date": "2011-12-31", "symbol": "IEX", "reportedCurrency": "USD", "cik": "0000832101", "fillingDate": "2012-02-24", "acceptedDate": "2012-02-24 16:35:05", "calendarYear": "2011", "period": "FY", "revenue": 1838451000, "costOfRevenue": 1099778000, "grossProfit": 738673000, "grossProfitRatio": 0.4017909642, "researchAndDevelopmentExpenses": 0, "generalAndAdministrativeExpenses": 421703000, "sellingAndMarketingExpenses": 0, "sellingGeneralAndAdministrativeExpenses": 421703000, "otherExpenses": 0, "operatingExpenses": 421703000, "costAndExpenses": 1521481000, "interestIncome": 0, "interestExpense": 29332000, "depreciationAndAmortization": 72386000, "ebitda": 316970000, "ebitdaratio": 0.1724114486, "operatingIncome": 304656000, "operatingIncomeRatio": 0.1657134185, "totalOtherIncomeExpensesNet": -13757000, "incomeBeforeTax": 273881000, "incomeBeforeTaxRatio": 0.1489737828, "incomeTaxExpense": 80024000, "netIncome": 193857000, "netIncomeRatio": 0.1054458346, "eps": 2.34, "epsdiluted": 2.32, "weightedAverageShsOut": 82145000, "weightedAverageShsOutDil": 83543000, "link": "https://www.sec.gov/Archives/edgar/data/832101/000119312512078246/0001193125-12-078246-index.htm", "finalLink": "https://www.sec.gov/Archives/edgar/data/832101/000119312512078246/d270136d10k.htm", "calculatedOtherExpenses": 12314000, "calculatedOperatingExpenses": 434017000, "calculatedNetInterest": -29332000, "calculatedOtherIncome": -1443000, "calculatedIncomeNonControlling": 0, "calculatedEbitda": 377042000}, {"date": "2010-12-31", "symbol": "IEX", "reportedCurrency": "USD", "cik": "0000832101", "fillingDate": "2011-02-25", "acceptedDate": "2011-02-25 15:10:15", "calendarYear": "2010", "period": "FY", "revenue": 1513073000, "costOfRevenue": 894590000, "grossProfit": 618483000, "grossProfitRatio": 0.4087595245, "researchAndDevelopmentExpenses": 0, "generalAndAdministrativeExpenses": 358272000, "sellingAndMarketingExpenses": 0, "sellingGeneralAndAdministrativeExpenses": 358272000, "otherExpenses": 0, "operatingExpenses": 358272000, "costAndExpenses": 1252862000, "interestIncome": 0, "interestExpense": 16150000, "depreciationAndAmortization": 58108000, "ebitda": 260211000, "ebitdaratio": 0.171975179, "operatingIncome": 249116000, "operatingIncomeRatio": 0.1646424198, "totalOtherIncomeExpensesNet": -12187000, "incomeBeforeTax": 231874000, "incomeBeforeTaxRatio": 0.1532470674, "incomeTaxExpense": 74774000, "netIncome": 157100000, "netIncomeRatio": 0.1038284339, "eps": 1.93, "epsdiluted": 1.9, "weightedAverageShsOut": 80466000, "weightedAverageShsOutDil": 81983000, "link": "https://www.sec.gov/Archives/edgar/data/832101/000095012311018609/0000950123-11-018609-index.htm", "finalLink": "https://www.sec.gov/Archives/edgar/data/832101/000095012311018609/c62090e10vk.htm", "calculatedOtherExpenses": 11095000, "calculatedOperatingExpenses": 369367000, "calculatedNetInterest": -16150000, "calculatedOtherIncome": -1092000, "calculatedIncomeNonControlling": 0, "calculatedEbitda": 307224000}, {"date": "2009-12-31", "symbol": "IEX", "reportedCurrency": "USD", "cik": "0000832101", "fillingDate": "2010-03-01", "acceptedDate": "2010-03-01 13:51:11", "calendarYear": "2009", "period": "FY", "revenue": 1329661000, "costOfRevenue": 807275000, "grossProfit": 522386000, "grossProfitRatio": 0.3928715665, "researchAndDevelopmentExpenses": 0, "generalAndAdministrativeExpenses": 325453000, "sellingAndMarketingExpenses": 0, "sellingGeneralAndAdministrativeExpenses": 325453000, "otherExpenses": 0, "operatingExpenses": 325453000, "costAndExpenses": 1132728000, "interestIncome": 0, "interestExpense": 17178000, "depreciationAndAmortization": 56346000, "ebitda": 196933000, "ebitdaratio": 0.1481076756, "operatingIncome": 184854000, "operatingIncomeRatio": 0.1390234052, "totalOtherIncomeExpensesNet": -10928000, "incomeBeforeTax": 168827000, "incomeBeforeTaxRatio": 0.126969957, "incomeTaxExpense": 55436000, "netIncome": 113391000, "netIncomeRatio": 0.0852781273, "eps": 1.41, "epsdiluted": 1.4, "weightedAverageShsOut": 79716000, "weightedAverageShsOutDil": 80727000, "link": "https://www.sec.gov/Archives/edgar/data/832101/000095012310019117/0000950123-10-019117-index.htm", "finalLink": "https://www.sec.gov/Archives/edgar/data/832101/000095012310019117/c55886e10vk.htm", "calculatedOtherExpenses": 12079000, "calculatedOperatingExpenses": 337532000, "calculatedNetInterest": -17178000, "calculatedOtherIncome": 1151000, "calculatedIncomeNonControlling": 0, "calculatedEbitda": 241200000}, {"date": "2008-12-31", "symbol": "IEX", "reportedCurrency": "USD", "cik": "0000832101", "fillingDate": "2009-03-02", "acceptedDate": "2009-02-27 18:38:51", "calendarYear": "2008", "period": "FY", "revenue": 1489471000, "costOfRevenue": 885562000, "grossProfit": 603909000, "grossProfitRatio": 0.4054520028, "researchAndDevelopmentExpenses": 0, "generalAndAdministrativeExpenses": 343392000, "sellingAndMarketingExpenses": 0, "sellingGeneralAndAdministrativeExpenses": 343392000, "otherExpenses": 30090000, "operatingExpenses": 373482000, "costAndExpenses": 1259044000, "interestIncome": 0, "interestExpense": 18852000, "depreciationAndAmortization": 48599000, "ebitda": 321988000, "ebitdaratio": 0.2161760786, "operatingIncome": 212432000, "operatingIncomeRatio": 0.1426224478, "totalOtherIncomeExpensesNet": -42962000, "incomeBeforeTax": 198703000, "incomeBeforeTaxRatio": 0.1334050814, "incomeTaxExpense": 67343000, "netIncome": 131360000, "netIncomeRatio": 0.0881923851, "eps": 1.55, "epsdiluted": 1.53, "weightedAverageShsOut": 81123000, "weightedAverageShsOutDil": 82320000, "link": "https://www.sec.gov/Archives/edgar/data/832101/000095013709001391/0000950137-09-001391-index.htm", "finalLink": "https://www.sec.gov/Archives/edgar/data/832101/000095013709001391/c48949e10vk.htm", "calculatedOtherExpenses": 48085000, "calculatedOperatingExpenses": 391477000, "calculatedNetInterest": -18852000, "calculatedOtherIncome": 5123000, "calculatedIncomeNonControlling": 0, "calculatedEbitda": 261031000}, {"date": "2007-12-31", "symbol": "IEX", "reportedCurrency": "USD", "cik": "0000832101", "fillingDate": "2008-02-29", "acceptedDate": "2008-02-29 14:32:52", "calendarYear": "2007", "period": "FY", "revenue": 1358631000, "costOfRevenue": 790182000, "grossProfit": 568449000, "grossProfitRatio": 0.4183983731, "researchAndDevelopmentExpenses": 0, "generalAndAdministrativeExpenses": 313366000, "sellingAndMarketingExpenses": 0, "sellingGeneralAndAdministrativeExpenses": 313366000, "otherExpenses": 0, "operatingExpenses": 313366000, "costAndExpenses": 1103548000, "interestIncome": 0, "interestExpense": 0, "depreciationAndAmortization": 38498000, "ebitda": 290147000, "ebitdaratio": 0.213558354, "operatingIncome": 255083000, "operatingIncomeRatio": 0.1877500219, "totalOtherIncomeExpensesNet": 3434000, "incomeBeforeTax": 235164000, "incomeBeforeTaxRatio": 0.1730889403, "incomeTaxExpense": 79300000, "netIncome": 155145000, "netIncomeRatio": 0.1141921537, "eps": 1.92, "epsdiluted": 1.89, "weightedAverageShsOut": 80666000, "weightedAverageShsOutDil": 82086000, "link": "https://www.sec.gov/Archives/edgar/data/832101/000095013708003071/0000950137-08-003071-index.htm", "finalLink": "https://www.sec.gov/Archives/edgar/data/832101/000095013708003071/c23660e10vk.txt", "calculatedOtherExpenses": 0, "calculatedOperatingExpenses": 313366000, "calculatedNetInterest": 0, "calculatedOtherIncome": -19919000, "calculatedIncomeNonControlling": 719000, "calculatedEbitda": 293581000}, {"date": "2006-12-31", "symbol": "IEX", "reportedCurrency": "USD", "cik": "0000832101", "fillingDate": "2007-03-01", "acceptedDate": "2007-03-01 17:07:09", "calendarYear": "2006", "period": "FY", "revenue": 1154940000, "costOfRevenue": 677533000, "grossProfit": 477407000, "grossProfitRatio": 0.4133608672, "researchAndDevelopmentExpenses": 0, "generalAndAdministrativeExpenses": 260201000, "sellingAndMarketingExpenses": 0, "sellingGeneralAndAdministrativeExpenses": 260201000, "otherExpenses": 0, "operatingExpenses": 260201000, "costAndExpenses": 937734000, "interestIncome": 0, "interestExpense": 0, "depreciationAndAmortization": 30412000, "ebitda": 246578000, "ebitdaratio": 0.2134985367, "operatingIncome": 217206000, "operatingIncomeRatio": 0.1880669126, "totalOtherIncomeExpensesNet": 1040000, "incomeBeforeTax": 201893000, "incomeBeforeTaxRatio": 0.1748082151, "incomeTaxExpense": 68171000, "netIncome": 146671000, "netIncomeRatio": 0.1269944759, "eps": 1.84, "epsdiluted": 1.81, "weightedAverageShsOut": 79527000, "weightedAverageShsOutDil": 80976000, "link": "https://www.sec.gov/Archives/edgar/data/832101/000095013707003137/0000950137-07-003137-index.htm", "finalLink": "https://www.sec.gov/Archives/edgar/data/832101/000095013707003137/c12786e10vk.txt", "calculatedOtherExpenses": 0, "calculatedOperatingExpenses": 260201000, "calculatedNetInterest": 0, "calculatedOtherIncome": -15313000, "calculatedIncomeNonControlling": -12949000, "calculatedEbitda": 247618000}, {"date": "2005-12-31", "symbol": "IEX", "reportedCurrency": "USD", "cik": "0000832101", "fillingDate": "2006-03-06", "acceptedDate": "2006-03-06 17:23:05", "calendarYear": "2005", "period": "FY", "revenue": 1043275000, "costOfRevenue": 619431000, "grossProfit": 423844000, "grossProfitRatio": 0.40626297, "researchAndDevelopmentExpenses": 0, "generalAndAdministrativeExpenses": 241057000, "sellingAndMarketingExpenses": 0, "sellingGeneralAndAdministrativeExpenses": 241057000, "otherExpenses": 0, "operatingExpenses": 241057000, "costAndExpenses": 860488000, "interestIncome": 0, "interestExpense": 0, "depreciationAndAmortization": 30651000, "ebitda": 212874000, "ebitdaratio": 0.2040439961, "operatingIncome": 182787000, "operatingIncomeRatio": 0.1752050035, "totalOtherIncomeExpensesNet": 564000, "incomeBeforeTax": 168928000, "incomeBeforeTaxRatio": 0.1619208742, "incomeTaxExpense": 59125000, "netIncome": 109803000, "netIncomeRatio": 0.1052483765, "eps": 1.43, "epsdiluted": 1.39, "weightedAverageShsOut": 77088000, "weightedAverageShsOutDil": 79080000, "link": "https://www.sec.gov/Archives/edgar/data/832101/000095013706002615/0000950137-06-002615-index.htm", "finalLink": "https://www.sec.gov/Archives/edgar/data/832101/000095013706002615/c02997e10vk.txt", "calculatedOtherExpenses": 0, "calculatedOperatingExpenses": 241057000, "calculatedNetInterest": 0, "calculatedOtherIncome": -13859000, "calculatedIncomeNonControlling": 0, "calculatedEbitda": 213438000}, {"date": "2004-12-31", "symbol": "IEX", "reportedCurrency": "USD", "cik": "0000832101", "fillingDate": "2005-02-28", "acceptedDate": "2005-02-28 17:15:47", "calendarYear": "2004", "period": "FY", "revenue": 928297000, "costOfRevenue": 557502000, "grossProfit": 370795000, "grossProfitRatio": 0.3994357409, "researchAndDevelopmentExpenses": 0, "generalAndAdministrativeExpenses": 221411000, "sellingAndMarketingExpenses": 0, "sellingGeneralAndAdministrativeExpenses": 221411000, "otherExpenses": 0, "operatingExpenses": 221411000, "costAndExpenses": 778913000, "interestIncome": 0, "interestExpense": 0, "depreciationAndAmortization": 31529000, "ebitda": 181656000, "ebitdaratio": 0.1956873716, "operatingIncome": 149384000, "operatingIncomeRatio": 0.1609226358, "totalOtherIncomeExpensesNet": -743000, "incomeBeforeTax": 133877000, "incomeBeforeTaxRatio": 0.1442178527, "incomeTaxExpense": 47471000, "netIncome": 86406000, "netIncomeRatio": 0.0930801241, "eps": 1.15, "epsdiluted": 1.12, "weightedAverageShsOut": 75110000, "weightedAverageShsOutDil": 77022000, "link": "https://www.sec.gov/Archives/edgar/data/832101/000095013705002422/0000950137-05-002422-index.htm", "finalLink": "https://www.sec.gov/Archives/edgar/data/832101/000095013705002422/c92427e10vk.txt", "calculatedOtherExpenses": 0, "calculatedOperatingExpenses": 221411000, "calculatedNetInterest": 0, "calculatedOtherIncome": -15507000, "calculatedIncomeNonControlling": 0, "calculatedEbitda": 180913000}, {"date": "2003-12-31", "symbol": "IEX", "reportedCurrency": "USD", "cik": "0000832101", "fillingDate": "2004-03-05", "acceptedDate": "2004-03-05 14:50:47", "calendarYear": "2003", "period": "FY", "revenue": 797920000, "costOfRevenue": 488600000, "grossProfit": 309320000, "grossProfitRatio": 0.3876579106, "researchAndDevelopmentExpenses": 0, "generalAndAdministrativeExpenses": 199458000, "sellingAndMarketingExpenses": 0, "sellingGeneralAndAdministrativeExpenses": 199458000, "otherExpenses": 0, "operatingExpenses": 199458000, "costAndExpenses": 688058000, "interestIncome": 0, "interestExpense": 0, "depreciationAndAmortization": 30055000, "ebitda": 139018000, "ebitdaratio": 0.1742254863, "operatingIncome": 109862000, "operatingIncomeRatio": 0.1376854823, "totalOtherIncomeExpensesNet": 899000, "incomeBeforeTax": 96670000, "incomeBeforeTaxRatio": 0.1211524965, "incomeTaxExpense": 34318000, "netIncome": 62352000, "netIncomeRatio": 0.0781431722, "eps": 0.85, "epsdiluted": 0.83, "weightedAverageShsOut": 73192500, "weightedAverageShsOutDil": 74958750, "link": "https://www.sec.gov/Archives/edgar/data/832101/000095013704001504/0000950137-04-001504-index.htm", "finalLink": "https://www.sec.gov/Archives/edgar/data/832101/000095013704001504/c83337e10vk.txt", "calculatedOtherExpenses": 0, "calculatedOperatingExpenses": 199458000, "calculatedNetInterest": 0, "calculatedOtherIncome": -13192000, "calculatedIncomeNonControlling": 0, "calculatedEbitda": 139917000}, {"date": "2002-12-31", "symbol": "IEX", "reportedCurrency": "USD", "cik": "0000832101", "fillingDate": "2003-02-28", "acceptedDate": "2003-02-28 16:29:14", "calendarYear": "2002", "period": "FY", "revenue": 742014000, "costOfRevenue": 460576000, "grossProfit": 281438000, "grossProfitRatio": 0.3792893396, "researchAndDevelopmentExpenses": 0, "generalAndAdministrativeExpenses": 181269000, "sellingAndMarketingExpenses": 0, "sellingGeneralAndAdministrativeExpenses": 181269000, "otherExpenses": 0, "operatingExpenses": 181269000, "costAndExpenses": 641845000, "interestIncome": 0, "interestExpense": 0, "depreciationAndAmortization": 30105000, "ebitda": 130194000, "ebitdaratio": 0.1754603013, "operatingIncome": 100372000, "operatingIncomeRatio": 0.1352696849, "totalOtherIncomeExpensesNet": 80000, "incomeBeforeTax": 83895000, "incomeBeforeTaxRatio": 0.1130639045, "incomeTaxExpense": 29783000, "netIncome": 54112000, "netIncomeRatio": 0.0729258478, "eps": 0.76, "epsdiluted": 0.74, "weightedAverageShsOut": 71255250, "weightedAverageShsOutDil": 73086750, "link": "https://www.sec.gov/Archives/edgar/data/832101/000095013703001231/0000950137-03-001231-index.htm", "finalLink": "https://www.sec.gov/Archives/edgar/data/832101/000095013703001231/c75047e10vk.txt", "calculatedOtherExpenses": -203000, "calculatedOperatingExpenses": 181066000, "calculatedNetInterest": 0, "calculatedOtherIncome": -16477000, "calculatedIncomeNonControlling": 0, "calculatedEbitda": 130477000}, {"date": "2001-12-31", "symbol": "IEX", "reportedCurrency": "USD", "cik": "0000832101", "fillingDate": "2002-03-04", "acceptedDate": "2002-03-04 00:00:00", "calendarYear": "2001", "period": "FY", "revenue": 726947000, "costOfRevenue": 463225000, "grossProfit": 263722000, "grossProfitRatio": 0.3627802302, "researchAndDevelopmentExpenses": 0, "generalAndAdministrativeExpenses": 164893000, "sellingAndMarketingExpenses": 0, "sellingGeneralAndAdministrativeExpenses": 164893000, "otherExpenses": 14165000, "operatingExpenses": 179058000, "costAndExpenses": 642283000, "interestIncome": 0, "interestExpense": 0, "depreciationAndAmortization": 44297000, "ebitda": 139456000, "ebitdaratio": 0.1918379194, "operatingIncome": 73438000, "operatingIncomeRatio": 0.1010224955, "totalOtherIncomeExpensesNet": -10495000, "incomeBeforeTax": 53431000, "incomeBeforeTaxRatio": 0.0735005441, "incomeTaxExpense": 20721000, "netIncome": 32710000, "netIncomeRatio": 0.0449964028, "eps": 0.48, "epsdiluted": 0.47, "weightedAverageShsOut": 67999500, "weightedAverageShsOutDil": 69855750, "link": "https://www.sec.gov/Archives/edgar/data/832101/000095013702001024/0000950137-02-001024-index.htm", "finalLink": "https://www.sec.gov/Archives/edgar/data/832101/000095013702001024/c67745e10-k405.txt", "calculatedOtherExpenses": 25391000, "calculatedOperatingExpenses": 190284000, "calculatedNetInterest": 0, "calculatedOtherIncome": -20007000, "calculatedIncomeNonControlling": 0, "calculatedEbitda": 117735000}, {"date": "2000-12-31", "symbol": "IEX", "reportedCurrency": "USD", "cik": "0000832101", "fillingDate": "2001-01-31", "acceptedDate": "2001-01-31 00:00:00", "calendarYear": "2000", "period": "FY", "revenue": 704276000, "costOfRevenue": 401417000, "grossProfit": 302859000, "grossProfitRatio": 0.4300288523, "researchAndDevelopmentExpenses": 0, "generalAndAdministrativeExpenses": 149639000, "sellingAndMarketingExpenses": 0, "sellingGeneralAndAdministrativeExpenses": 149639000, "otherExpenses": 36704000, "operatingExpenses": 186343000, "costAndExpenses": 587760000, "interestIncome": 0, "interestExpense": 0, "depreciationAndAmortization": 36704000, "ebitda": 152189000, "ebitdaratio": 0.2160928386, "operatingIncome": 116516000, "operatingIncomeRatio": 0.1654408215, "totalOtherIncomeExpensesNet": 1031000, "incomeBeforeTax": 101026000, "incomeBeforeTaxRatio": 0.1434466033, "incomeTaxExpense": 37581000, "netIncome": 63445000, "netIncomeRatio": 0.0900854211, "eps": 0.95, "epsdiluted": 0.92, "weightedAverageShsOut": 66883500, "weightedAverageShsOutDil": 68922000, "link": "https://www.sec.gov/Archives/edgar/data/832101/000095013701000403/0000950137-01-000403-index.htm", "finalLink": "https://www.sec.gov/Archives/edgar/data/832101/000095013701000403/c59764e10-k405.txt", "calculatedOtherExpenses": 36704000, "calculatedOperatingExpenses": 186343000, "calculatedNetInterest": 0, "calculatedOtherIncome": -15490000, "calculatedIncomeNonControlling": 0, "calculatedEbitda": 153220000}, {"date": "1999-12-31", "symbol": "IEX", "reportedCurrency": "USD", "cik": "0000832101", "fillingDate": "2000-02-04", "acceptedDate": "2000-02-04 00:00:00", "calendarYear": "1999", "period": "FY", "revenue": 655000000, "costOfRevenue": 375100000, "grossProfit": 279900000, "grossProfitRatio": 0.4273282443, "researchAndDevelopmentExpenses": 0, "generalAndAdministrativeExpenses": 140500000, "sellingAndMarketingExpenses": 0, "sellingGeneralAndAdministrativeExpenses": 140500000, "otherExpenses": 34800000, "operatingExpenses": 175300000, "costAndExpenses": 550400000, "interestIncome": 0, "interestExpense": 0, "depreciationAndAmortization": 34800000, "ebitda": 138800000, "ebitdaratio": 0.2119083969, "operatingIncome": 104600000, "operatingIncomeRatio": 0.1596946565, "totalOtherIncomeExpensesNet": 600000, "incomeBeforeTax": 87200000, "incomeBeforeTaxRatio": 0.133129771, "incomeTaxExpense": 32800000, "netIncome": 54400000, "netIncomeRatio": 0.0830534351, "eps": 0.82, "epsdiluted": 0.8, "weightedAverageShsOut": 66474000, "weightedAverageShsOutDil": 67691250, "link": "https://www.sec.gov/Archives/edgar/data/832101/000095013700000316/0000950137-00-000316-index.html", "finalLink": "https://www.sec.gov/Archives/edgar/data/832101/000095013700000316/", "calculatedOtherExpenses": 34800000, "calculatedOperatingExpenses": 175300000, "calculatedNetInterest": 0, "calculatedOtherIncome": -17400000, "calculatedIncomeNonControlling": 0, "calculatedEbitda": 139400000}, {"date": "1998-12-31", "symbol": "IEX", "reportedCurrency": "USD", "cik": "0000832101", "fillingDate": "1999-02-05", "acceptedDate": "1999-02-05 00:00:00", "calendarYear": "1998", "period": "FY", "revenue": 640100000, "costOfRevenue": 364500000, "grossProfit": 275600000, "grossProfitRatio": 0.4305577254, "researchAndDevelopmentExpenses": 0, "generalAndAdministrativeExpenses": 132600000, "sellingAndMarketingExpenses": 0, "sellingGeneralAndAdministrativeExpenses": 132600000, "otherExpenses": 33500000, "operatingExpenses": 166100000, "costAndExpenses": 530600000, "interestIncome": 0, "interestExpense": 0, "depreciationAndAmortization": 33500000, "ebitda": 142500000, "ebitdaratio": 0.2226214654, "operatingIncome": 109500000, "operatingIncomeRatio": 0.1710670208, "totalOtherIncomeExpensesNet": 500000, "incomeBeforeTax": 87700000, "incomeBeforeTaxRatio": 0.1370098422, "incomeTaxExpense": 33300000, "netIncome": 64600000, "netIncomeRatio": 0.100921731, "eps": 0.94, "epsdiluted": 0.92, "weightedAverageShsOut": 65997000, "weightedAverageShsOutDil": 67617000, "link": "https://www.sec.gov/Archives/edgar/data/832101/000095012499000753/0000950124-99-000753-index.html", "finalLink": "https://www.sec.gov/Archives/edgar/data/832101/", "calculatedOtherExpenses": 33500000, "calculatedOperatingExpenses": 166100000, "calculatedNetInterest": 0, "calculatedOtherIncome": -21800000, "calculatedIncomeNonControlling": -10200000, "calculatedEbitda": 143000000}, {"date": "1997-12-31", "symbol": "IEX", "reportedCurrency": "USD", "cik": "0000832101", "fillingDate": "1998-02-06", "acceptedDate": "1998-02-06 00:00:00", "calendarYear": "1997", "period": "FY", "revenue": 552200000, "costOfRevenue": 313100000, "grossProfit": 239100000, "grossProfitRatio": 0.4329952916, "researchAndDevelopmentExpenses": 0, "generalAndAdministrativeExpenses": 110600000, "sellingAndMarketingExpenses": 0, "sellingGeneralAndAdministrativeExpenses": 110600000, "otherExpenses": 24900000, "operatingExpenses": 135500000, "costAndExpenses": 448600000, "interestIncome": 0, "interestExpense": 0, "depreciationAndAmortization": 24900000, "ebitda": 129200000, "ebitdaratio": 0.2339731981, "operatingIncome": 103600000, "operatingIncomeRatio": 0.1876131836, "totalOtherIncomeExpensesNet": -700000, "incomeBeforeTax": 84500000, "incomeBeforeTaxRatio": 0.1530242666, "incomeTaxExpense": 31000000, "netIncome": 58700000, "netIncomeRatio": 0.1063020645, "eps": 0.89, "epsdiluted": 0.87, "weightedAverageShsOut": 65643287, "weightedAverageShsOutDil": 67663132, "link": "https://www.sec.gov/Archives/edgar/data/832101/000095013798000353/0000950137-98-000353-index.html", "finalLink": "https://www.sec.gov/Archives/edgar/data/832101/", "calculatedOtherExpenses": 24900000, "calculatedOperatingExpenses": 135500000, "calculatedNetInterest": 0, "calculatedOtherIncome": -19100000, "calculatedIncomeNonControlling": -5200000, "calculatedEbitda": 128500000}, {"date": "1996-12-31", "symbol": "IEX", "reportedCurrency": "USD", "cik": "0000832101", "fillingDate": "1997-02-14", "acceptedDate": "1997-02-14 00:00:00", "calendarYear": "1996", "period": "FY", "revenue": 562600000, "costOfRevenue": 329500000, "grossProfit": 233100000, "grossProfitRatio": 0.414326342, "researchAndDevelopmentExpenses": 0, "generalAndAdministrativeExpenses": 111500000, "sellingAndMarketingExpenses": 0, "sellingGeneralAndAdministrativeExpenses": 111500000, "otherExpenses": 23200000, "operatingExpenses": 134700000, "costAndExpenses": 464200000, "interestIncome": 0, "interestExpense": 0, "depreciationAndAmortization": 23200000, "ebitda": 122100000, "ebitdaratio": 0.2170280839, "operatingIncome": 98400000, "operatingIncomeRatio": 0.1749022396, "totalOtherIncomeExpensesNet": -500000, "incomeBeforeTax": 78900000, "incomeBeforeTaxRatio": 0.1402417348, "incomeTaxExpense": 28700000, "netIncome": 50200000, "netIncomeRatio": 0.0892285816, "eps": 0.77, "epsdiluted": 0.75, "weightedAverageShsOut": 64848916, "weightedAverageShsOutDil": 66767483, "link": "https://www.sec.gov/Archives/edgar/data/832101/000095013797000633/0000950137-97-000633-index.html", "finalLink": "https://www.sec.gov/Archives/edgar/data/832101/", "calculatedOtherExpenses": 23200000, "calculatedOperatingExpenses": 134700000, "calculatedNetInterest": 0, "calculatedOtherIncome": -19500000, "calculatedIncomeNonControlling": 0, "calculatedEbitda": 121600000}, {"date": "1995-12-31", "symbol": "IEX", "reportedCurrency": "USD", "cik": "0000832101", "fillingDate": "1996-02-29", "acceptedDate": "1996-02-29 00:00:00", "calendarYear": "1995", "period": "FY", "revenue": 487300000, "costOfRevenue": 286500000, "grossProfit": 200800000, "grossProfitRatio": 0.4120664888, "researchAndDevelopmentExpenses": 0, "generalAndAdministrativeExpenses": 97500000, "sellingAndMarketingExpenses": 0, "sellingGeneralAndAdministrativeExpenses": 97500000, "otherExpenses": 17100000, "operatingExpenses": 114600000, "costAndExpenses": 401100000, "interestIncome": 0, "interestExpense": 0, "depreciationAndAmortization": 17100000, "ebitda": 102500000, "ebitdaratio": 0.2103427047, "operatingIncome": 86200000, "operatingIncomeRatio": 0.1768930843, "totalOtherIncomeExpensesNet": 800000, "incomeBeforeTax": 71000000, "incomeBeforeTaxRatio": 0.1457008003, "incomeTaxExpense": 25700000, "netIncome": 45300000, "netIncomeRatio": 0.0929612149, "eps": 0.68, "epsdiluted": 0.68, "weightedAverageShsOut": 66619125, "weightedAverageShsOutDil": 66643926, "link": "https://www.sec.gov/Archives/edgar/data/832101/000095013796000140/0000950137-96-000140-index.html", "finalLink": "https://www.sec.gov/Archives/edgar/data/832101/", "calculatedOtherExpenses": 17100000, "calculatedOperatingExpenses": 114600000, "calculatedNetInterest": 0, "calculatedOtherIncome": -15200000, "calculatedIncomeNonControlling": 0, "calculatedEbitda": 103300000}, {"date": "1994-12-31", "symbol": "IEX", "reportedCurrency": "USD", "cik": "0000832101", "fillingDate": "1995-03-20", "acceptedDate": "1995-03-20 00:00:00", "calendarYear": "1994", "period": "FY", "revenue": 399500000, "costOfRevenue": 232600000, "grossProfit": 166900000, "grossProfitRatio": 0.4177722153, "researchAndDevelopmentExpenses": 0, "generalAndAdministrativeExpenses": 84000000, "sellingAndMarketingExpenses": 0, "sellingGeneralAndAdministrativeExpenses": 84000000, "otherExpenses": 14300000, "operatingExpenses": 98300000, "costAndExpenses": 330900000, "interestIncome": 0, "interestExpense": 0, "depreciationAndAmortization": 14300000, "ebitda": 85500000, "ebitdaratio": 0.2140175219, "operatingIncome": 68600000, "operatingIncomeRatio": 0.1717146433, "totalOtherIncomeExpensesNet": -2600000, "incomeBeforeTax": 52500000, "incomeBeforeTaxRatio": 0.1314142678, "incomeTaxExpense": 18900000, "netIncome": 33600000, "netIncomeRatio": 0.0841051314, "eps": 0.51, "epsdiluted": 0.51, "weightedAverageShsOut": 65994750, "weightedAverageShsOutDil": 66078460, "link": "https://www.sec.gov/Archives/edgar/data/832101/000095012495000765/0000950124-95-000765-index.html", "finalLink": "https://www.sec.gov/Archives/edgar/data/832101/", "calculatedOtherExpenses": 14300000, "calculatedOperatingExpenses": 98300000, "calculatedNetInterest": 0, "calculatedOtherIncome": -16100000, "calculatedIncomeNonControlling": 0, "calculatedEbitda": 82900000}, {"date": "1993-12-31", "symbol": "IEX", "reportedCurrency": "USD", "cik": "0000832101", "fillingDate": "1993-12-31", "acceptedDate": "1993-12-30 19:00:00", "calendarYear": "1993", "period": "FY", "revenue": 308600000, "costOfRevenue": 178400000, "grossProfit": 130200000, "grossProfitRatio": 0.4219053791, "researchAndDevelopmentExpenses": 0, "generalAndAdministrativeExpenses": 0, "sellingAndMarketingExpenses": 0, "sellingGeneralAndAdministrativeExpenses": 68200000, "otherExpenses": 11900000, "operatingExpenses": 80100000, "costAndExpenses": 258500000, "interestIncome": 0, "interestExpense": 0, "depreciationAndAmortization": 11900000, "ebitda": 62000000, "ebitdaratio": 0.2009073234, "operatingIncome": 50100000, "operatingIncomeRatio": 0.1623460791, "totalOtherIncomeExpensesNet": -11800000, "incomeBeforeTax": 38300000, "incomeBeforeTaxRatio": 0.1241088788, "incomeTaxExpense": 13000000, "netIncome": 25300000, "netIncomeRatio": 0.0819831497, "eps": 0.4, "epsdiluted": 0.39, "weightedAverageShsOut": 63896795, "weightedAverageShsOutDil": 65365556, "link": "", "finalLink": "", "calculatedOtherExpenses": 11900000, "calculatedOperatingExpenses": 80100000, "calculatedNetInterest": 0, "calculatedOtherIncome": -11800000, "calculatedIncomeNonControlling": 0, "calculatedEbitda": 62000000}, {"date": "1992-12-31", "symbol": "IEX", "reportedCurrency": "USD", "cik": "0000832101", "fillingDate": "1992-12-31", "acceptedDate": "1992-12-30 19:00:00", "calendarYear": "1992", "period": "FY", "revenue": 277100000, "costOfRevenue": 160600000, "grossProfit": 116500000, "grossProfitRatio": 0.420425839, "researchAndDevelopmentExpenses": 0, "generalAndAdministrativeExpenses": 0, "sellingAndMarketingExpenses": 0, "sellingGeneralAndAdministrativeExpenses": 63100000, "otherExpenses": 10600000, "operatingExpenses": 73700000, "costAndExpenses": 234300000, "interestIncome": 0, "interestExpense": 0, "depreciationAndAmortization": 10600000, "ebitda": 53100000, "ebitdaratio": 0.1916275713, "operatingIncome": 42800000, "operatingIncomeRatio": 0.1544568748, "totalOtherIncomeExpensesNet": 300000, "incomeBeforeTax": 30900000, "incomeBeforeTaxRatio": 0.1115120895, "incomeTaxExpense": 10800000, "netIncome": 16600000, "netIncomeRatio": 0.0599061711, "eps": 0.26, "epsdiluted": 0.26, "weightedAverageShsOut": 63241709, "weightedAverageShsOutDil": 63241709, "link": "", "finalLink": "", "calculatedOtherExpenses": 10600000, "calculatedOperatingExpenses": 73700000, "calculatedNetInterest": 0, "calculatedOtherIncome": -11900000, "calculatedIncomeNonControlling": 3500000, "calculatedEbitda": 53400000}, {"date": "1991-12-31", "symbol": "IEX", "reportedCurrency": "USD", "cik": "0000832101", "fillingDate": "1991-12-31", "acceptedDate": "1991-12-30 19:00:00", "calendarYear": "1991", "period": "FY", "revenue": 228200000, "costOfRevenue": 137600000, "grossProfit": 90600000, "grossProfitRatio": 0.3970201578, "researchAndDevelopmentExpenses": 0, "generalAndAdministrativeExpenses": 0, "sellingAndMarketingExpenses": 0, "sellingGeneralAndAdministrativeExpenses": 47000000, "otherExpenses": 5500000, "operatingExpenses": 52500000, "costAndExpenses": 190100000, "interestIncome": 0, "interestExpense": 0, "depreciationAndAmortization": 5500000, "ebitda": 43200000, "ebitdaratio": 0.1893076249, "operatingIncome": 38100000, "operatingIncomeRatio": 0.1669588081, "totalOtherIncomeExpensesNet": 400000, "incomeBeforeTax": 25700000, "incomeBeforeTaxRatio": 0.1126205083, "incomeTaxExpense": 9800000, "netIncome": 15900000, "netIncomeRatio": 0.069675723, "eps": 0.3, "epsdiluted": 0.3, "weightedAverageShsOut": 52557640, "weightedAverageShsOutDil": 52557640, "link": "", "finalLink": "", "calculatedOtherExpenses": 5500000, "calculatedOperatingExpenses": 52500000, "calculatedNetInterest": 0, "calculatedOtherIncome": -12400000, "calculatedIncomeNonControlling": 0, "calculatedEbitda": 43600000}, {"date": "1990-12-31", "symbol": "IEX", "reportedCurrency": "USD", "cik": "0000832101", "fillingDate": "1990-12-31", "acceptedDate": "1990-12-30 19:00:00", "calendarYear": "1990", "period": "FY", "revenue": 228400000, "costOfRevenue": 138800000, "grossProfit": 89600000, "grossProfitRatio": 0.3922942207, "researchAndDevelopmentExpenses": 0, "generalAndAdministrativeExpenses": 0, "sellingAndMarketingExpenses": 0, "sellingGeneralAndAdministrativeExpenses": 44500000, "otherExpenses": 4700000, "operatingExpenses": 49200000, "costAndExpenses": 188000000, "interestIncome": 0, "interestExpense": 0, "depreciationAndAmortization": 4700000, "ebitda": 44100000, "ebitdaratio": 0.1930823117, "operatingIncome": 40400000, "operatingIncomeRatio": 0.176882662, "totalOtherIncomeExpensesNet": 1000000, "incomeBeforeTax": 25800000, "incomeBeforeTaxRatio": 0.1129597198, "incomeTaxExpense": 10100000, "netIncome": 15700000, "netIncomeRatio": 0.0687390543, "eps": 0.32, "epsdiluted": 0.32, "weightedAverageShsOut": 48342052, "weightedAverageShsOutDil": 48342052, "link": "", "finalLink": "", "calculatedOtherExpenses": 4700000, "calculatedOperatingExpenses": 49200000, "calculatedNetInterest": 0, "calculatedOtherIncome": -14600000, "calculatedIncomeNonControlling": 0, "calculatedEbitda": 45100000}, {"date": "1989-12-31", "symbol": "IEX", "reportedCurrency": "USD", "cik": "0000832101", "fillingDate": "1989-12-31", "acceptedDate": "1989-12-30 19:00:00", "calendarYear": "1989", "period": "FY", "revenue": 221000000, "costOfRevenue": 132100000, "grossProfit": 88900000, "grossProfitRatio": 0.4022624434, "researchAndDevelopmentExpenses": 0, "generalAndAdministrativeExpenses": 0, "sellingAndMarketingExpenses": 0, "sellingGeneralAndAdministrativeExpenses": 42600000, "otherExpenses": 4200000, "operatingExpenses": 46800000, "costAndExpenses": 178900000, "interestIncome": 0, "interestExpense": 0, "depreciationAndAmortization": 4200000, "ebitda": 45400000, "ebitdaratio": 0.2054298643, "operatingIncome": 42100000, "operatingIncomeRatio": 0.1904977376, "totalOtherIncomeExpensesNet": 900000, "incomeBeforeTax": 25100000, "incomeBeforeTaxRatio": 0.1135746606, "incomeTaxExpense": 10000000, "netIncome": 15100000, "netIncomeRatio": 0.0683257919, "eps": 0.32, "epsdiluted": 0.32, "weightedAverageShsOut": 43456543, "weightedAverageShsOutDil": 43456543, "link": "", "finalLink": "", "calculatedOtherExpenses": 4200000, "calculatedOperatingExpenses": 46800000, "calculatedNetInterest": 0, "calculatedOtherIncome": -17000000, "calculatedIncomeNonControlling": 0, "calculatedEbitda": 46300000}, {"date": "1988-12-31", "symbol": "IEX", "reportedCurrency": "USD", "cik": "0000832101", "fillingDate": "1988-12-31", "acceptedDate": "1988-12-30 19:00:00", "calendarYear": "1988", "period": "FY", "revenue": 200400000, "costOfRevenue": 158500000, "grossProfit": 41900000, "grossProfitRatio": 0.2090818363, "researchAndDevelopmentExpenses": 0, "generalAndAdministrativeExpenses": 0, "sellingAndMarketingExpenses": 0, "sellingGeneralAndAdministrativeExpenses": 0, "otherExpenses": 4800000, "operatingExpenses": 4800000, "costAndExpenses": 163300000, "interestIncome": 0, "interestExpense": 0, "depreciationAndAmortization": 4800000, "ebitda": 41800000, "ebitdaratio": 0.2085828343, "operatingIncome": 37100000, "operatingIncomeRatio": 0.1851297405, "totalOtherIncomeExpensesNet": 100000, "incomeBeforeTax": 18700000, "incomeBeforeTaxRatio": 0.0933133733, "incomeTaxExpense": 8000000, "netIncome": 10700000, "netIncomeRatio": 0.0533932136, "eps": 0.0445, "epsdiluted": 0.0445, "weightedAverageShsOut": 146103531, "weightedAverageShsOutDil": 146103531, "link": "", "finalLink": "", "calculatedOtherExpenses": 4800000, "calculatedOperatingExpenses": 4800000, "calculatedNetInterest": 0, "calculatedOtherIncome": -18400000, "calculatedIncomeNonControlling": 0, "calculatedEbitda": 41900000}]}