{"originalCurrency": "USD", "convertedCurrency": "USD", "report": [{"date": "2023-12-31", "symbol": "IFF", "reportedCurrency": "USD", "cik": "0000051253", "fillingDate": "2024-02-28", "acceptedDate": "2024-02-28 08:35:45", "calendarYear": "2023", "period": "FY", "revenue": 11479000000, "costOfRevenue": 8480000000, "grossProfit": 2999000000, "grossProfitRatio": 0.2612596916, "researchAndDevelopmentExpenses": 636000000, "generalAndAdministrativeExpenses": 0, "sellingAndMarketingExpenses": 0, "sellingGeneralAndAdministrativeExpenses": 1532000000, "otherExpenses": -28000000, "operatingExpenses": 2168000000, "costAndExpenses": 10648000000, "interestIncome": 0, "interestExpense": 380000000, "depreciationAndAmortization": 1142000000, "ebitda": 1973000000, "ebitdaratio": 0.1718790835, "operatingIncome": 831000000, "operatingIncomeRatio": 0.0723930656, "totalOtherIncomeExpensesNet": -3349000000, "incomeBeforeTax": -2518000000, "incomeBeforeTaxRatio": -0.2193570869, "incomeTaxExpense": 45000000, "netIncome": -2565000000, "netIncomeRatio": -0.2234515202, "eps": -10.06, "epsdiluted": -10.06, "weightedAverageShsOut": 255000000, "weightedAverageShsOutDil": 255000000, "link": "https://www.sec.gov/Archives/edgar/data/51253/000005125324000006/0000051253-24-000006-index.htm", "finalLink": "https://www.sec.gov/Archives/edgar/data/51253/000005125324000006/iff-20231231.htm", "calculatedOtherExpenses": 0, "calculatedOperatingExpenses": 2168000000, "calculatedNetInterest": -380000000, "calculatedOtherIncome": -2969000000, "calculatedIncomeNonControlling": 2000000, "calculatedEbitda": 1973000000}, {"date": "2022-12-31", "symbol": "IFF", "reportedCurrency": "USD", "cik": "0000051253", "fillingDate": "2023-02-27", "acceptedDate": "2023-02-27 16:23:47", "calendarYear": "2022", "period": "FY", "revenue": 12440000000, "costOfRevenue": 8289000000, "grossProfit": 4151000000, "grossProfitRatio": 0.333681672, "researchAndDevelopmentExpenses": 603000000, "generalAndAdministrativeExpenses": 0, "sellingAndMarketingExpenses": 0, "sellingGeneralAndAdministrativeExpenses": 1768000000, "otherExpenses": 727000000, "operatingExpenses": 3098000000, "costAndExpenses": 11387000000, "interestIncome": 336000000, "interestExpense": 336000000, "depreciationAndAmortization": 1179000000, "ebitda": 2269000000, "ebitdaratio": 0.1823954984, "operatingIncome": 1090000000, "operatingIncomeRatio": 0.0876205788, "totalOtherIncomeExpensesNet": -2715000000, "incomeBeforeTax": -1625000000, "incomeBeforeTaxRatio": -0.1306270096, "incomeTaxExpense": 211000000, "netIncome": -1836000000, "netIncomeRatio": -0.1475884244, "eps": -7.2, "epsdiluted": -7.2, "weightedAverageShsOut": 255000000, "weightedAverageShsOutDil": 255000000, "link": "https://www.sec.gov/Archives/edgar/data/51253/000005125323000009/0000051253-23-000009-index.htm", "finalLink": "https://www.sec.gov/Archives/edgar/data/51253/000005125323000009/iff-20221231.htm", "calculatedOtherExpenses": 690000000, "calculatedOperatingExpenses": 3061000000, "calculatedNetInterest": 0, "calculatedOtherIncome": -2715000000, "calculatedIncomeNonControlling": 0, "calculatedEbitda": 2269000000}, {"date": "2021-12-31", "symbol": "IFF", "reportedCurrency": "USD", "cik": "0000051253", "fillingDate": "2022-02-28", "acceptedDate": "2022-02-28 17:13:46", "calendarYear": "2021", "period": "FY", "revenue": 11656000000, "costOfRevenue": 7921000000, "grossProfit": 3735000000, "grossProfitRatio": 0.320435827, "researchAndDevelopmentExpenses": 629000000, "generalAndAdministrativeExpenses": 0, "sellingAndMarketingExpenses": 0, "sellingGeneralAndAdministrativeExpenses": 1749000000, "otherExpenses": 732000000, "operatingExpenses": 3110000000, "costAndExpenses": 11031000000, "interestIncome": 289000000, "interestExpense": 289000000, "depreciationAndAmortization": 1254000000, "ebitda": 1839000000, "ebitdaratio": 0.1577728209, "operatingIncome": 585000000, "operatingIncomeRatio": 0.050188744, "totalOtherIncomeExpensesNet": -231000000, "incomeBeforeTax": 354000000, "incomeBeforeTaxRatio": 0.0303706246, "incomeTaxExpense": 75000000, "netIncome": 268000000, "netIncomeRatio": 0.0229924502, "eps": 1.1, "epsdiluted": 1.1, "weightedAverageShsOut": 243000000, "weightedAverageShsOutDil": 243000000, "link": "https://www.sec.gov/Archives/edgar/data/51253/000005125322000007/0000051253-22-000007-index.htm", "finalLink": "https://www.sec.gov/Archives/edgar/data/51253/000005125322000007/iff-20211231.htm", "calculatedOtherExpenses": 772000000, "calculatedOperatingExpenses": 3150000000, "calculatedNetInterest": 0, "calculatedOtherIncome": -231000000, "calculatedIncomeNonControlling": 11000000, "calculatedEbitda": 1839000000}, {"date": "2020-12-31", "symbol": "IFF", "reportedCurrency": "USD", "cik": "0000051253", "fillingDate": "2021-02-22", "acceptedDate": "2021-02-22 17:07:48", "calendarYear": "2020", "period": "FY", "revenue": 5084239000, "costOfRevenue": 2998373000, "grossProfit": 2085866000, "grossProfitRatio": 0.4102612013, "researchAndDevelopmentExpenses": 356863000, "generalAndAdministrativeExpenses": 0, "sellingAndMarketingExpenses": 0, "sellingGeneralAndAdministrativeExpenses": 948833000, "otherExpenses": 192607000, "operatingExpenses": 1498303000, "costAndExpenses": 4496676000, "interestIncome": 132000000, "interestExpense": 131802000, "depreciationAndAmortization": 353128000, "ebitda": 919612000, "ebitdaratio": 0.1808750533, "operatingIncome": 566484000, "operatingIncomeRatio": 0.1114196245, "totalOtherIncomeExpensesNet": -125113000, "incomeBeforeTax": 441371000, "incomeBeforeTaxRatio": 0.0868116153, "incomeTaxExpense": 73999000, "netIncome": 365000000, "netIncomeRatio": 0.0717904882, "eps": 3.25, "epsdiluted": 3.2, "weightedAverageShsOut": 112162000, "weightedAverageShsOutDil": 113630000, "link": "https://www.sec.gov/Archives/edgar/data/51253/000005125321000011/0000051253-21-000011-index.htm", "finalLink": "https://www.sec.gov/Archives/edgar/data/51253/000005125321000011/iff-20201231.htm", "calculatedOtherExpenses": 213686000, "calculatedOperatingExpenses": 1519382000, "calculatedNetInterest": 198000, "calculatedOtherIncome": -125311000, "calculatedIncomeNonControlling": 2372000, "calculatedEbitda": 919612000}, {"date": "2019-12-31", "symbol": "IFF", "reportedCurrency": "USD", "cik": "0000051253", "fillingDate": "2020-03-03", "acceptedDate": "2020-03-03 17:31:14", "calendarYear": "2019", "period": "FY", "revenue": 5140084000, "costOfRevenue": 3027336000, "grossProfit": 2112748000, "grossProfitRatio": 0.4110337496, "researchAndDevelopmentExpenses": 346128000, "generalAndAdministrativeExpenses": 0, "sellingAndMarketingExpenses": 0, "sellingGeneralAndAdministrativeExpenses": 876121000, "otherExpenses": 193097000, "operatingExpenses": 1415346000, "costAndExpenses": 4442682000, "interestIncome": 138000000, "interestExpense": 138221000, "depreciationAndAmortization": 385865000, "ebitda": 1051135000, "ebitdaratio": 0.2044976308, "operatingIncome": 665270000, "operatingIncomeRatio": 0.1294278459, "totalOtherIncomeExpensesNet": -107818000, "incomeBeforeTax": 557452000, "incomeBeforeTaxRatio": 0.1084519241, "incomeTaxExpense": 97184000, "netIncome": 455873000, "netIncomeRatio": 0.0886897957, "eps": 4.04, "epsdiluted": 4, "weightedAverageShsOut": 111966000, "weightedAverageShsOutDil": 113307000, "link": "https://www.sec.gov/Archives/edgar/data/51253/000005125320000007/0000051253-20-000007-index.htm", "finalLink": "https://www.sec.gov/Archives/edgar/data/51253/000005125320000007/iff10k2019.htm", "calculatedOtherExpenses": 225229000, "calculatedOperatingExpenses": 1447478000, "calculatedNetInterest": -221000, "calculatedOtherIncome": -107597000, "calculatedIncomeNonControlling": 4395000, "calculatedEbitda": 1051135000}, {"date": "2018-12-31", "symbol": "IFF", "reportedCurrency": "USD", "cik": "0000051253", "fillingDate": "2019-02-26", "acceptedDate": "2019-02-26 16:33:04", "calendarYear": "2018", "period": "FY", "revenue": 3977539000, "costOfRevenue": 2294832000, "grossProfit": 1682707000, "grossProfitRatio": 0.4230522944, "researchAndDevelopmentExpenses": 311583000, "generalAndAdministrativeExpenses": 707461000, "sellingAndMarketingExpenses": 0, "sellingGeneralAndAdministrativeExpenses": 707461000, "otherExpenses": 35243000, "operatingExpenses": 1094923000, "costAndExpenses": 3389755000, "interestIncome": 0, "interestExpense": 132558000, "depreciationAndAmortization": 173792000, "ebitda": 796819000, "ebitdaratio": 0.2003296511, "operatingIncome": 583882000, "operatingIncomeRatio": 0.1467947894, "totalOtherIncomeExpensesNet": -7469000, "incomeBeforeTax": 447757000, "incomeBeforeTaxRatio": 0.1125713664, "incomeTaxExpense": 107976000, "netIncome": 337302000, "netIncomeRatio": 0.0848016826, "eps": 3.85, "epsdiluted": 3.83, "weightedAverageShsOut": 87551000, "weightedAverageShsOutDil": 88121000, "link": "https://www.sec.gov/Archives/edgar/data/51253/000005125319000004/0000051253-19-000004-index.htm", "finalLink": "https://www.sec.gov/Archives/edgar/data/51253/000005125319000004/iff10k2018.htm", "calculatedOtherExpenses": 79781000, "calculatedOperatingExpenses": 1098825000, "calculatedNetInterest": -132558000, "calculatedOtherIncome": -3567000, "calculatedIncomeNonControlling": 2479000, "calculatedEbitda": 757674000}, {"date": "2017-12-31", "symbol": "IFF", "reportedCurrency": "USD", "cik": "0000051253", "fillingDate": "2018-02-27", "acceptedDate": "2018-02-27 16:22:08", "calendarYear": "2017", "period": "FY", "revenue": 3398719000, "costOfRevenue": 1919718000, "grossProfit": 1479001000, "grossProfitRatio": 0.4351642486, "researchAndDevelopmentExpenses": 286026000, "generalAndAdministrativeExpenses": 557311000, "sellingAndMarketingExpenses": 0, "sellingGeneralAndAdministrativeExpenses": 557311000, "otherExpenses": 20965000, "operatingExpenses": 878031000, "costAndExpenses": 2797749000, "interestIncome": 0, "interestExpense": 65363000, "depreciationAndAmortization": 117967000, "ebitda": 739902000, "ebitdaratio": 0.2177002571, "operatingIncome": 581443000, "operatingIncomeRatio": 0.1710771029, "totalOtherIncomeExpensesNet": 1438000, "incomeBeforeTax": 537045000, "incomeBeforeTaxRatio": 0.1580139458, "incomeTaxExpense": 241380000, "netIncome": 295665000, "netIncomeRatio": 0.08699307, "eps": 3.73, "epsdiluted": 3.72, "weightedAverageShsOut": 79070000, "weightedAverageShsOutDil": 79370000, "link": "https://www.sec.gov/Archives/edgar/data/51253/000005125318000005/0000051253-18-000005-index.htm", "finalLink": "https://www.sec.gov/Archives/edgar/data/51253/000005125318000005/iff10k2017.htm", "calculatedOtherExpenses": 54221000, "calculatedOperatingExpenses": 897558000, "calculatedNetInterest": -65363000, "calculatedOtherIncome": 20965000, "calculatedIncomeNonControlling": 0, "calculatedEbitda": 699410000}, {"date": "2016-12-31", "symbol": "IFF", "reportedCurrency": "USD", "cik": "0000051253", "fillingDate": "2017-02-28", "acceptedDate": "2017-02-28 17:23:52", "calendarYear": "2016", "period": "FY", "revenue": 3116350000, "costOfRevenue": 1717280000, "grossProfit": 1399070000, "grossProfitRatio": 0.44894508, "researchAndDevelopmentExpenses": 254263000, "generalAndAdministrativeExpenses": 566224000, "sellingAndMarketingExpenses": 0, "sellingGeneralAndAdministrativeExpenses": 566224000, "otherExpenses": 9350000, "operatingExpenses": 844250000, "costAndExpenses": 2561530000, "interestIncome": 0, "interestExpense": 52989000, "depreciationAndAmortization": 102469000, "ebitda": 666639000, "ebitdaratio": 0.2139166012, "operatingIncome": 567356000, "operatingIncomeRatio": 0.1820578561, "totalOtherIncomeExpensesNet": 21886000, "incomeBeforeTax": 523717000, "incomeBeforeTaxRatio": 0.1680546152, "incomeTaxExpense": 118686000, "netIncome": 405031000, "netIncomeRatio": 0.1299696761, "eps": 5.07, "epsdiluted": 5.05, "weightedAverageShsOut": 79648000, "weightedAverageShsOutDil": 79981000, "link": "https://www.sec.gov/Archives/edgar/data/51253/000005125317000004/0000051253-17-000004-index.htm", "finalLink": "https://www.sec.gov/Archives/edgar/data/51253/000005125317000004/internationalflavors10k2016.htm", "calculatedOtherExpenses": 11227000, "calculatedOperatingExpenses": 831714000, "calculatedNetInterest": -52989000, "calculatedOtherIncome": 9350000, "calculatedIncomeNonControlling": 0, "calculatedEbitda": 669825000}, {"date": "2015-12-31", "symbol": "IFF", "reportedCurrency": "USD", "cik": "0000051253", "fillingDate": "2016-03-01", "acceptedDate": "2016-03-01 16:27:53", "calendarYear": "2015", "period": "FY", "revenue": 3023189000, "costOfRevenue": 1671590000, "grossProfit": 1351599000, "grossProfitRatio": 0.4470772419, "researchAndDevelopmentExpenses": 246101000, "generalAndAdministrativeExpenses": 509557000, "sellingAndMarketingExpenses": 10530000, "sellingGeneralAndAdministrativeExpenses": 520087000, "otherExpenses": -3184000, "operatingExpenses": 766188000, "costAndExpenses": 2437778000, "interestIncome": 0, "interestExpense": 46062000, "depreciationAndAmortization": 89597000, "ebitda": 671824000, "ebitdaratio": 0.2222236188, "operatingIncome": 577817000, "operatingIncomeRatio": 0.1911283086, "totalOtherIncomeExpensesNet": -10778000, "incomeBeforeTax": 528571000, "incomeBeforeTaxRatio": 0.174838887, "incomeTaxExpense": 116906000, "netIncome": 411665000, "netIncomeRatio": 0.1361691247, "eps": 5.19, "epsdiluted": 5.16, "weightedAverageShsOut": 80449000, "weightedAverageShsOutDil": 80891000, "link": "https://www.sec.gov/Archives/edgar/data/51253/000005125316000026/0000051253-16-000026-index.htm", "finalLink": "https://www.sec.gov/Archives/edgar/data/51253/000005125316000026/internationalflavors10k2015.htm", "calculatedOtherExpenses": 7594000, "calculatedOperatingExpenses": 773782000, "calculatedNetInterest": -46062000, "calculatedOtherIncome": -3184000, "calculatedIncomeNonControlling": 0, "calculatedEbitda": 667414000}, {"date": "2014-12-31", "symbol": "IFF", "reportedCurrency": "USD", "cik": "0000051253", "fillingDate": "2015-03-02", "acceptedDate": "2015-03-02 17:29:35", "calendarYear": "2014", "period": "FY", "revenue": 3088533000, "costOfRevenue": 1726383000, "grossProfit": 1362150000, "grossProfitRatio": 0.4410346271, "researchAndDevelopmentExpenses": 253640000, "generalAndAdministrativeExpenses": 514891000, "sellingAndMarketingExpenses": 0, "sellingGeneralAndAdministrativeExpenses": 514891000, "otherExpenses": 2807000, "operatingExpenses": 768531000, "costAndExpenses": 2494914000, "interestIncome": 0, "interestExpense": 46067000, "depreciationAndAmortization": 89354000, "ebitda": 685780000, "ebitdaratio": 0.2220406905, "operatingIncome": 592321000, "operatingIncomeRatio": 0.1917806933, "totalOtherIncomeExpensesNet": 1509000, "incomeBeforeTax": 549061000, "incomeBeforeTaxRatio": 0.1777740435, "incomeTaxExpense": 134518000, "netIncome": 414543000, "netIncomeRatio": 0.1342200326, "eps": 5.09, "epsdiluted": 5.06, "weightedAverageShsOut": 80936000, "weightedAverageShsOutDil": 81494000, "link": "https://www.sec.gov/Archives/edgar/data/51253/000005125315000004/0000051253-15-000004-index.htm", "finalLink": "https://www.sec.gov/Archives/edgar/data/51253/000005125315000004/internationalflavors10k2014.htm", "calculatedOtherExpenses": 1298000, "calculatedOperatingExpenses": 769829000, "calculatedNetInterest": -46067000, "calculatedOtherIncome": 2807000, "calculatedIncomeNonControlling": 0, "calculatedEbitda": 681675000}, {"date": "2013-12-31", "symbol": "IFF", "reportedCurrency": "USD", "cik": "0000051253", "fillingDate": "2014-02-25", "acceptedDate": "2014-02-25 16:51:59", "calendarYear": "2013", "period": "FY", "revenue": 2952896000, "costOfRevenue": 1668691000, "grossProfit": 1284205000, "grossProfitRatio": 0.4348967928, "researchAndDevelopmentExpenses": 259838000, "generalAndAdministrativeExpenses": 505877000, "sellingAndMarketingExpenses": 0, "sellingGeneralAndAdministrativeExpenses": 505877000, "otherExpenses": 15638000, "operatingExpenses": 765715000, "costAndExpenses": 2434406000, "interestIncome": 0, "interestExpense": 46767000, "depreciationAndAmortization": 83227000, "ebitda": 617355000, "ebitdaratio": 0.2090676407, "operatingIncome": 518490000, "operatingIncomeRatio": 0.1755869492, "totalOtherIncomeExpensesNet": 13487000, "incomeBeforeTax": 485210000, "incomeBeforeTaxRatio": 0.1643166573, "incomeTaxExpense": 131666000, "netIncome": 353544000, "netIncomeRatio": 0.1197278875, "eps": 4.32, "epsdiluted": 4.29, "weightedAverageShsOut": 81322000, "weightedAverageShsOutDil": 81930000, "link": "https://www.sec.gov/Archives/edgar/data/51253/000005125314000004/0000051253-14-000004-index.htm", "finalLink": "https://www.sec.gov/Archives/edgar/data/51253/000005125314000004/internationalflavors10k2013.htm", "calculatedOtherExpenses": 0, "calculatedOperatingExpenses": 765715000, "calculatedNetInterest": -46767000, "calculatedOtherIncome": 13487000, "calculatedIncomeNonControlling": 0, "calculatedEbitda": 601717000}, {"date": "2012-12-31", "symbol": "IFF", "reportedCurrency": "USD", "cik": "0000051253", "fillingDate": "2013-02-26", "acceptedDate": "2013-02-26 16:43:13", "calendarYear": "2012", "period": "FY", "revenue": 2821446000, "costOfRevenue": 1645912000, "grossProfit": 1175534000, "grossProfitRatio": 0.4166423883, "researchAndDevelopmentExpenses": 233713000, "generalAndAdministrativeExpenses": 453535000, "sellingAndMarketingExpenses": 0, "sellingGeneralAndAdministrativeExpenses": 453535000, "otherExpenses": -1450000, "operatingExpenses": 687248000, "costAndExpenses": 2333160000, "interestIncome": 0, "interestExpense": 41753000, "depreciationAndAmortization": 76667000, "ebitda": 563503000, "ebitdaratio": 0.1997213486, "operatingIncome": 488286000, "operatingIncomeRatio": 0.1730623234, "totalOtherIncomeExpensesNet": -3118000, "incomeBeforeTax": 443415000, "incomeBeforeTaxRatio": 0.157158776, "incomeTaxExpense": 189281000, "netIncome": 254134000, "netIncomeRatio": 0.0900722537, "eps": 3.11, "epsdiluted": 3.09, "weightedAverageShsOut": 81108000, "weightedAverageShsOutDil": 81833000, "link": "https://www.sec.gov/Archives/edgar/data/51253/000119312513077028/0001193125-13-077028-index.htm", "finalLink": "https://www.sec.gov/Archives/edgar/data/51253/000119312513077028/d458316d10k.htm", "calculatedOtherExpenses": 0, "calculatedOperatingExpenses": 687248000, "calculatedNetInterest": -41753000, "calculatedOtherIncome": -3118000, "calculatedIncomeNonControlling": 0, "calculatedEbitda": 564953000}, {"date": "2011-12-31", "symbol": "IFF", "reportedCurrency": "USD", "cik": "0000051253", "fillingDate": "2012-02-28", "acceptedDate": "2012-02-28 15:01:51", "calendarYear": "2011", "period": "FY", "revenue": 2788018000, "costOfRevenue": 1683362000, "grossProfit": 1104656000, "grossProfitRatio": 0.3962155194, "researchAndDevelopmentExpenses": 219781000, "generalAndAdministrativeExpenses": 443974000, "sellingAndMarketingExpenses": 0, "sellingGeneralAndAdministrativeExpenses": 443974000, "otherExpenses": 0, "operatingExpenses": 663755000, "costAndExpenses": 2347117000, "interestIncome": 0, "interestExpense": 44639000, "depreciationAndAmortization": 75327000, "ebitda": 516228000, "ebitdaratio": 0.1851594932, "operatingIncome": 440901000, "operatingIncomeRatio": 0.158141375, "totalOtherIncomeExpensesNet": -22716000, "incomeBeforeTax": 373546000, "incomeBeforeTaxRatio": 0.1339826357, "incomeTaxExpense": 106680000, "netIncome": 266866000, "netIncomeRatio": 0.0957188942, "eps": 3.3, "epsdiluted": 3.26, "weightedAverageShsOut": 80456000, "weightedAverageShsOutDil": 81467000, "link": "https://www.sec.gov/Archives/edgar/data/51253/000119312512084851/0001193125-12-084851-index.htm", "finalLink": "https://www.sec.gov/Archives/edgar/data/51253/000119312512084851/d280956d10k.htm", "calculatedOtherExpenses": 0, "calculatedOperatingExpenses": 663755000, "calculatedNetInterest": -44639000, "calculatedOtherIncome": -22716000, "calculatedIncomeNonControlling": 0, "calculatedEbitda": 516228000}, {"date": "2010-12-31", "symbol": "IFF", "reportedCurrency": "USD", "cik": "0000051253", "fillingDate": "2011-02-24", "acceptedDate": "2011-02-24 17:03:26", "calendarYear": "2010", "period": "FY", "revenue": 2622862000, "costOfRevenue": 1530260000, "grossProfit": 1092602000, "grossProfitRatio": 0.4165686186, "researchAndDevelopmentExpenses": 218772000, "generalAndAdministrativeExpenses": 447392000, "sellingAndMarketingExpenses": 0, "sellingGeneralAndAdministrativeExpenses": 447392000, "otherExpenses": 0, "operatingExpenses": 666164000, "costAndExpenses": 2196424000, "interestIncome": 0, "interestExpense": 48709000, "depreciationAndAmortization": 79242000, "ebitda": 505680000, "ebitdaratio": 0.1927970286, "operatingIncome": 416361000, "operatingIncomeRatio": 0.1587430067, "totalOtherIncomeExpensesNet": -18136000, "incomeBeforeTax": 359593000, "incomeBeforeTaxRatio": 0.1370994738, "incomeTaxExpense": 96036000, "netIncome": 263557000, "netIncomeRatio": 0.1004845089, "eps": 3.29, "epsdiluted": 3.26, "weightedAverageShsOut": 79495000, "weightedAverageShsOutDil": 80440000, "link": "https://www.sec.gov/Archives/edgar/data/51253/000095012311017927/0000950123-11-017927-index.htm", "finalLink": "https://www.sec.gov/Archives/edgar/data/51253/000095012311017927/c11287e10vk.htm", "calculatedOtherExpenses": 10077000, "calculatedOperatingExpenses": 676241000, "calculatedNetInterest": -48709000, "calculatedOtherIncome": -8059000, "calculatedIncomeNonControlling": 0, "calculatedEbitda": 495603000}, {"date": "2009-12-31", "symbol": "IFF", "reportedCurrency": "USD", "cik": "0000051253", "fillingDate": "2010-02-25", "acceptedDate": "2010-02-25 17:20:33", "calendarYear": "2009", "period": "FY", "revenue": 2326158000, "costOfRevenue": 1391032000, "grossProfit": 935126000, "grossProfitRatio": 0.402004507, "researchAndDevelopmentExpenses": 193843000, "generalAndAdministrativeExpenses": 376541000, "sellingAndMarketingExpenses": 0, "sellingGeneralAndAdministrativeExpenses": 376541000, "otherExpenses": 6153000, "operatingExpenses": 576537000, "costAndExpenses": 1967569000, "interestIncome": 0, "interestExpense": 61818000, "depreciationAndAmortization": 78525000, "ebitda": 437114000, "ebitdaratio": 0.187912429, "operatingIncome": 358589000, "operatingIncomeRatio": 0.1541550488, "totalOtherIncomeExpensesNet": -20222000, "incomeBeforeTax": 276549000, "incomeBeforeTaxRatio": 0.1188865933, "incomeTaxExpense": 81023000, "netIncome": 195526000, "netIncomeRatio": 0.0840553393, "eps": 2.48, "epsdiluted": 2.46, "weightedAverageShsOut": 78403000, "weightedAverageShsOutDil": 79094000, "link": "https://www.sec.gov/Archives/edgar/data/51253/000119312510040927/0001193125-10-040927-index.htm", "finalLink": "https://www.sec.gov/Archives/edgar/data/51253/000119312510040927/d10k.htm", "calculatedOtherExpenses": 6153000, "calculatedOperatingExpenses": 576537000, "calculatedNetInterest": -61818000, "calculatedOtherIncome": -20222000, "calculatedIncomeNonControlling": 0, "calculatedEbitda": 437114000}, {"date": "2008-12-31", "symbol": "IFF", "reportedCurrency": "USD", "cik": "0000051253", "fillingDate": "2009-02-26", "acceptedDate": "2009-02-26 16:49:21", "calendarYear": "2008", "period": "FY", "revenue": 2389372000, "costOfRevenue": 1418738000, "grossProfit": 970634000, "grossProfitRatio": 0.4062297541, "researchAndDevelopmentExpenses": 212695000, "generalAndAdministrativeExpenses": 381841000, "sellingAndMarketingExpenses": 0, "sellingGeneralAndAdministrativeExpenses": 381841000, "otherExpenses": 6153000, "operatingExpenses": 600689000, "costAndExpenses": 2019427000, "interestIncome": 0, "interestExpense": 74008000, "depreciationAndAmortization": 75986000, "ebitda": 448728000, "ebitdaratio": 0.1878016483, "operatingIncome": 351733000, "operatingIncomeRatio": 0.1472072997, "totalOtherIncomeExpensesNet": -18212000, "incomeBeforeTax": 280522000, "incomeBeforeTaxRatio": 0.117404071, "incomeTaxExpense": 50894000, "netIncome": 229628000, "netIncomeRatio": 0.0961039135, "eps": 2.89, "epsdiluted": 2.86, "weightedAverageShsOut": 79032000, "weightedAverageShsOutDil": 79723000, "link": "https://www.sec.gov/Archives/edgar/data/51253/000095012309003569/0000950123-09-003569-index.htm", "finalLink": "https://www.sec.gov/Archives/edgar/data/51253/000095012309003569/y01146e10vk.htm", "calculatedOtherExpenses": 24365000, "calculatedOperatingExpenses": 618901000, "calculatedNetInterest": -74008000, "calculatedOtherIncome": 2797000, "calculatedIncomeNonControlling": 0, "calculatedEbitda": 427719000}, {"date": "2007-12-31", "symbol": "IFF", "reportedCurrency": "USD", "cik": "0000051253", "fillingDate": "2008-02-27", "acceptedDate": "2008-02-27 12:26:03", "calendarYear": "2007", "period": "FY", "revenue": 2276638000, "costOfRevenue": 1324424000, "grossProfit": 952214000, "grossProfitRatio": 0.4182544612, "researchAndDevelopmentExpenses": 199023000, "generalAndAdministrativeExpenses": 375287000, "sellingAndMarketingExpenses": 0, "sellingGeneralAndAdministrativeExpenses": 375287000, "otherExpenses": 12878000, "operatingExpenses": 587188000, "costAndExpenses": 1911612000, "interestIncome": 0, "interestExpense": 0, "depreciationAndAmortization": 82788000, "ebitda": 442621000, "ebitdaratio": 0.1944186999, "operatingIncome": 365026000, "operatingIncomeRatio": 0.1603355474, "totalOtherIncomeExpensesNet": 5193000, "incomeBeforeTax": 328684000, "incomeBeforeTaxRatio": 0.1443725353, "incomeTaxExpense": 81556000, "netIncome": 247128000, "netIncomeRatio": 0.1085495366, "eps": 2.86, "epsdiluted": 2.82, "weightedAverageShsOut": 86541000, "weightedAverageShsOutDil": 87633000, "link": "https://www.sec.gov/Archives/edgar/data/51253/000095013608000919/0000950136-08-000919-index.htm", "finalLink": "https://www.sec.gov/Archives/edgar/data/51253/000095013608000919/file1.htm", "calculatedOtherExpenses": 12878000, "calculatedOperatingExpenses": 587188000, "calculatedNetInterest": 0, "calculatedOtherIncome": -36342000, "calculatedIncomeNonControlling": 0, "calculatedEbitda": 447814000}, {"date": "2006-12-31", "symbol": "IFF", "reportedCurrency": "USD", "cik": "0000051253", "fillingDate": "2007-02-23", "acceptedDate": "2007-02-22 21:52:47", "calendarYear": "2006", "period": "FY", "revenue": 2095390000, "costOfRevenue": 1211259000, "grossProfit": 884131000, "grossProfitRatio": 0.4219410229, "researchAndDevelopmentExpenses": 185692000, "generalAndAdministrativeExpenses": 351923000, "sellingAndMarketingExpenses": 0, "sellingGeneralAndAdministrativeExpenses": 351923000, "otherExpenses": 14843000, "operatingExpenses": 552458000, "costAndExpenses": 1763717000, "interestIncome": 0, "interestExpense": 25549000, "depreciationAndAmortization": 89733000, "ebitda": 414248000, "ebitdaratio": 0.1976949398, "operatingIncome": 328993000, "operatingIncomeRatio": 0.1570080033, "totalOtherIncomeExpensesNet": 7158000, "incomeBeforeTax": 313282000, "incomeBeforeTaxRatio": 0.1495101151, "incomeTaxExpense": 86782000, "netIncome": 226500000, "netIncomeRatio": 0.1080944359, "eps": 2.5, "epsdiluted": 2.48, "weightedAverageShsOut": 90600000, "weightedAverageShsOutDil": 91330645, "link": "https://www.sec.gov/Archives/edgar/data/51253/000095013607001053/0000950136-07-001053-index.htm", "finalLink": "https://www.sec.gov/Archives/edgar/data/51253/000095013607001053/file1.htm", "calculatedOtherExpenses": 17523000, "calculatedOperatingExpenses": 555138000, "calculatedNetInterest": -25549000, "calculatedOtherIncome": 9838000, "calculatedIncomeNonControlling": 0, "calculatedEbitda": 418726000}, {"date": "2005-12-31", "symbol": "IFF", "reportedCurrency": "USD", "cik": "0000051253", "fillingDate": "2006-03-13", "acceptedDate": "2006-03-13 17:32:33", "calendarYear": "2005", "period": "FY", "revenue": 1993393000, "costOfRevenue": 1168992000, "grossProfit": 824401000, "grossProfitRatio": 0.4135667177, "researchAndDevelopmentExpenses": 179812000, "generalAndAdministrativeExpenses": 339323000, "sellingAndMarketingExpenses": 0, "sellingGeneralAndAdministrativeExpenses": 339323000, "otherExpenses": 15071000, "operatingExpenses": 534206000, "costAndExpenses": 1703198000, "interestIncome": 0, "interestExpense": 0, "depreciationAndAmortization": 91928000, "ebitda": 402174000, "ebitdaratio": 0.2017534927, "operatingIncome": 266876000, "operatingIncomeRatio": 0.1338802735, "totalOtherIncomeExpensesNet": -20051000, "incomeBeforeTax": 246188000, "incomeBeforeTaxRatio": 0.1235019888, "incomeTaxExpense": 53122000, "netIncome": 193066000, "netIncomeRatio": 0.0968529537, "eps": 2.06, "epsdiluted": 2.04, "weightedAverageShsOut": 93721359, "weightedAverageShsOutDil": 94640196, "link": "https://www.sec.gov/Archives/edgar/data/51253/000095013606001885/0000950136-06-001885-index.htm", "finalLink": "https://www.sec.gov/Archives/edgar/data/51253/000095013606001885/file001.htm", "calculatedOtherExpenses": 38390000, "calculatedOperatingExpenses": 557525000, "calculatedNetInterest": 0, "calculatedOtherIncome": -20688000, "calculatedIncomeNonControlling": 0, "calculatedEbitda": 358804000}, {"date": "2004-12-31", "symbol": "IFF", "reportedCurrency": "USD", "cik": "0000051253", "fillingDate": "2005-03-14", "acceptedDate": "2005-03-14 17:14:03", "calendarYear": "2004", "period": "FY", "revenue": 2033653000, "costOfRevenue": 1160235000, "grossProfit": 873418000, "grossProfitRatio": 0.4294823158, "researchAndDevelopmentExpenses": 175173000, "generalAndAdministrativeExpenses": 341306000, "sellingAndMarketingExpenses": 0, "sellingGeneralAndAdministrativeExpenses": 341306000, "otherExpenses": 14830000, "operatingExpenses": 531309000, "costAndExpenses": 1691544000, "interestIncome": 0, "interestExpense": 0, "depreciationAndAmortization": 90996000, "ebitda": 470210000, "ebitdaratio": 0.2312144697, "operatingIncome": 310279000, "operatingIncomeRatio": 0.1525722432, "totalOtherIncomeExpensesNet": -37105000, "incomeBeforeTax": 281002000, "incomeBeforeTaxRatio": 0.1381759818, "incomeTaxExpense": 84931000, "netIncome": 196071000, "netIncomeRatio": 0.0964132032, "eps": 2.08, "epsdiluted": 2.05, "weightedAverageShsOut": 94264904, "weightedAverageShsOutDil": 95644390, "link": "https://www.sec.gov/Archives/edgar/data/51253/000095013605001337/0000950136-05-001337-index.htm", "finalLink": "https://www.sec.gov/Archives/edgar/data/51253/000095013605001337/file001.htm", "calculatedOtherExpenses": 46660000, "calculatedOperatingExpenses": 563139000, "calculatedNetInterest": 0, "calculatedOtherIncome": -29277000, "calculatedIncomeNonControlling": 0, "calculatedEbitda": 401275000}, {"date": "2003-12-31", "symbol": "IFF", "reportedCurrency": "USD", "cik": "0000051253", "fillingDate": "2004-03-11", "acceptedDate": "2004-03-11 11:02:26", "calendarYear": "2003", "period": "FY", "revenue": 1901520000, "costOfRevenue": 1092456000, "grossProfit": 809064000, "grossProfitRatio": 0.4254827717, "researchAndDevelopmentExpenses": 159286000, "generalAndAdministrativeExpenses": 308951000, "sellingAndMarketingExpenses": 0, "sellingGeneralAndAdministrativeExpenses": 308951000, "otherExpenses": 12632000, "operatingExpenses": 480869000, "costAndExpenses": 1573325000, "interestIncome": 0, "interestExpense": 0, "depreciationAndAmortization": 86721000, "ebitda": 462774000, "ebitdaratio": 0.2433705667, "operatingIncome": 285774000, "operatingIncomeRatio": 0.1502871387, "totalOtherIncomeExpensesNet": -47858000, "incomeBeforeTax": 251860000, "incomeBeforeTaxRatio": 0.1324519332, "incomeTaxExpense": 79263000, "netIncome": 172597000, "netIncomeRatio": 0.090767912, "eps": 1.84, "epsdiluted": 1.83, "weightedAverageShsOut": 93802717, "weightedAverageShsOutDil": 94315301, "link": "https://www.sec.gov/Archives/edgar/data/51253/000095013604000700/0000950136-04-000700-index.htm", "finalLink": "https://www.sec.gov/Archives/edgar/data/51253/000095013604000700/file001.txt", "calculatedOtherExpenses": 55053000, "calculatedOperatingExpenses": 523290000, "calculatedNetInterest": 0, "calculatedOtherIncome": -33914000, "calculatedIncomeNonControlling": 0, "calculatedEbitda": 372495000}, {"date": "2002-12-31", "symbol": "IFF", "reportedCurrency": "USD", "cik": "0000051253", "fillingDate": "2003-03-25", "acceptedDate": "2003-03-25 13:21:32", "calendarYear": "2002", "period": "FY", "revenue": 1809249000, "costOfRevenue": 1035835000, "grossProfit": 773414000, "grossProfitRatio": 0.4274779204, "researchAndDevelopmentExpenses": 144027000, "generalAndAdministrativeExpenses": 305156000, "sellingAndMarketingExpenses": 0, "sellingGeneralAndAdministrativeExpenses": 305156000, "otherExpenses": 12632000, "operatingExpenses": 461815000, "costAndExpenses": 1497650000, "interestIncome": 0, "interestExpense": 0, "depreciationAndAmortization": 84458000, "ebitda": 404203000, "ebitdaratio": 0.2234092709, "operatingIncome": 311599000, "operatingIncomeRatio": 0.172225603, "totalOtherIncomeExpensesNet": -8146000, "incomeBeforeTax": 266417000, "incomeBeforeTaxRatio": 0.1472528104, "incomeTaxExpense": 90473000, "netIncome": 175944000, "netIncomeRatio": 0.0972469793, "eps": 1.86, "epsdiluted": 1.84, "weightedAverageShsOut": 94593548, "weightedAverageShsOutDil": 95621739, "link": "https://www.sec.gov/Archives/edgar/data/51253/000095013603000643/0000950136-03-000643-index.htm", "finalLink": "https://www.sec.gov/Archives/edgar/data/51253/000095013603000643/file001.txt", "calculatedOtherExpenses": 12632000, "calculatedOperatingExpenses": 461815000, "calculatedNetInterest": 0, "calculatedOtherIncome": -45182000, "calculatedIncomeNonControlling": 0, "calculatedEbitda": 396057000}, {"date": "2001-12-31", "symbol": "IFF", "reportedCurrency": "USD", "cik": "0000051253", "fillingDate": "2002-03-27", "acceptedDate": "2002-03-27 00:00:00", "calendarYear": "2001", "period": "FY", "revenue": 1843766000, "costOfRevenue": 1063433000, "grossProfit": 780333000, "grossProfitRatio": 0.4232277849, "researchAndDevelopmentExpenses": 135248000, "generalAndAdministrativeExpenses": 313335000, "sellingAndMarketingExpenses": 0, "sellingGeneralAndAdministrativeExpenses": 313335000, "otherExpenses": 46089000, "operatingExpenses": 494672000, "costAndExpenses": 1558105000, "interestIncome": 0, "interestExpense": 0, "depreciationAndAmortization": 123493000, "ebitda": 436614000, "ebitdaratio": 0.2368055382, "operatingIncome": 285661000, "operatingIncomeRatio": 0.1549334352, "totalOtherIncomeExpensesNet": -27460000, "incomeBeforeTax": 187777000, "incomeBeforeTaxRatio": 0.1018442687, "incomeTaxExpense": 71775000, "netIncome": 116002000, "netIncomeRatio": 0.062915793, "eps": 1.21, "epsdiluted": 1.2, "weightedAverageShsOut": 95869421, "weightedAverageShsOutDil": 96668333, "link": "https://www.sec.gov/Archives/edgar/data/51253/000095013002002044/0000950130-02-002044-index.htm", "finalLink": "https://www.sec.gov/Archives/edgar/data/51253/000095013002002044/d10k.txt", "calculatedOtherExpenses": 46089000, "calculatedOperatingExpenses": 494672000, "calculatedNetInterest": 0, "calculatedOtherIncome": -97884000, "calculatedIncomeNonControlling": 0, "calculatedEbitda": 409154000}, {"date": "2000-12-31", "symbol": "IFF", "reportedCurrency": "USD", "cik": "0000051253", "fillingDate": "2001-03-30", "acceptedDate": "2001-03-30 00:00:00", "calendarYear": "2000", "period": "FY", "revenue": 1462795000, "costOfRevenue": 762309000, "grossProfit": 700486000, "grossProfitRatio": 0.4788681941, "researchAndDevelopmentExpenses": 112671000, "generalAndAdministrativeExpenses": 258653000, "sellingAndMarketingExpenses": 0, "sellingGeneralAndAdministrativeExpenses": 258653000, "otherExpenses": 69344000, "operatingExpenses": 440668000, "costAndExpenses": 1202977000, "interestIncome": 0, "interestExpense": 0, "depreciationAndAmortization": 69344000, "ebitda": 379781000, "ebitdaratio": 0.259626947, "operatingIncome": 259818000, "operatingIncomeRatio": 0.1776175062, "totalOtherIncomeExpensesNet": -50619000, "incomeBeforeTax": 184127000, "incomeBeforeTaxRatio": 0.1258734136, "incomeTaxExpense": 61122000, "netIncome": 123005000, "netIncomeRatio": 0.0840890214, "eps": 1.22, "epsdiluted": 1.22, "weightedAverageShsOut": 100823770, "weightedAverageShsOutDil": 100823770, "link": "https://www.sec.gov/Archives/edgar/data/51253/000095010901000802/0000950109-01-000802-index.htm", "finalLink": "https://www.sec.gov/Archives/edgar/data/51253/000095010901000802/0000950109-01-000802-0001.txt", "calculatedOtherExpenses": 69344000, "calculatedOperatingExpenses": 440668000, "calculatedNetInterest": 0, "calculatedOtherIncome": -75691000, "calculatedIncomeNonControlling": 0, "calculatedEbitda": 329162000}, {"date": "1999-12-31", "symbol": "IFF", "reportedCurrency": "USD", "cik": "0000051253", "fillingDate": "2000-03-30", "acceptedDate": "2000-03-30 00:00:00", "calendarYear": "1999", "period": "FY", "revenue": 1439500000, "costOfRevenue": 735400000, "grossProfit": 704100000, "grossProfitRatio": 0.4891281695, "researchAndDevelopmentExpenses": 103800000, "generalAndAdministrativeExpenses": 262600000, "sellingAndMarketingExpenses": 0, "sellingGeneralAndAdministrativeExpenses": 262600000, "otherExpenses": 56400000, "operatingExpenses": 422800000, "costAndExpenses": 1158200000, "interestIncome": 0, "interestExpense": 0, "depreciationAndAmortization": 56400000, "ebitda": 370300000, "ebitdaratio": 0.257242098, "operatingIncome": 281300000, "operatingIncomeRatio": 0.1954150747, "totalOtherIncomeExpensesNet": -32600000, "incomeBeforeTax": 243500000, "incomeBeforeTaxRatio": 0.1691559569, "incomeTaxExpense": 81500000, "netIncome": 162000000, "netIncomeRatio": 0.1125390761, "eps": 1.53, "epsdiluted": 1.53, "weightedAverageShsOut": 105882353, "weightedAverageShsOutDil": 105882353, "link": "https://www.sec.gov/Archives/edgar/data/51253/000095011000000264/0000950110-00-000264-index.html", "finalLink": "https://www.sec.gov/Archives/edgar/data/51253/000095011000000264/", "calculatedOtherExpenses": 56400000, "calculatedOperatingExpenses": 422800000, "calculatedNetInterest": 0, "calculatedOtherIncome": -37800000, "calculatedIncomeNonControlling": 0, "calculatedEbitda": 337700000}, {"date": "1998-12-31", "symbol": "IFF", "reportedCurrency": "USD", "cik": "0000051253", "fillingDate": "1999-03-30", "acceptedDate": "1999-03-30 00:00:00", "calendarYear": "1998", "period": "FY", "revenue": 1407300000, "costOfRevenue": 714500000, "grossProfit": 692800000, "grossProfitRatio": 0.4922902011, "researchAndDevelopmentExpenses": 98400000, "generalAndAdministrativeExpenses": 238700000, "sellingAndMarketingExpenses": 0, "sellingGeneralAndAdministrativeExpenses": 238700000, "otherExpenses": 49000000, "operatingExpenses": 386100000, "costAndExpenses": 1100600000, "interestIncome": 0, "interestExpense": 0, "depreciationAndAmortization": 49000000, "ebitda": 349300000, "ebitdaratio": 0.2482057841, "operatingIncome": 306700000, "operatingIncomeRatio": 0.2179350529, "totalOtherIncomeExpensesNet": 6400000, "incomeBeforeTax": 311100000, "incomeBeforeTaxRatio": 0.2210616073, "incomeTaxExpense": 107300000, "netIncome": 203800000, "netIncomeRatio": 0.1448163149, "eps": 1.9, "epsdiluted": 1.9, "weightedAverageShsOut": 107263158, "weightedAverageShsOutDil": 107263158, "link": "https://www.sec.gov/Archives/edgar/data/51253/000095011099000422/0000950110-99-000422-index.html", "finalLink": "https://www.sec.gov/Archives/edgar/data/51253/", "calculatedOtherExpenses": 49000000, "calculatedOperatingExpenses": 386100000, "calculatedNetInterest": 0, "calculatedOtherIncome": 4400000, "calculatedIncomeNonControlling": 0, "calculatedEbitda": 355700000}, {"date": "1997-12-31", "symbol": "IFF", "reportedCurrency": "USD", "cik": "0000051253", "fillingDate": "1998-03-31", "acceptedDate": "1998-03-31 00:00:00", "calendarYear": "1997", "period": "FY", "revenue": 1426800000, "costOfRevenue": 722900000, "grossProfit": 703900000, "grossProfitRatio": 0.4933417438, "researchAndDevelopmentExpenses": 94400000, "generalAndAdministrativeExpenses": 227100000, "sellingAndMarketingExpenses": 0, "sellingGeneralAndAdministrativeExpenses": 227100000, "otherExpenses": 50300000, "operatingExpenses": 371800000, "costAndExpenses": 1094700000, "interestIncome": 0, "interestExpense": 0, "depreciationAndAmortization": 50300000, "ebitda": 372000000, "ebitdaratio": 0.2607232969, "operatingIncome": 332100000, "operatingIncomeRatio": 0.2327586207, "totalOtherIncomeExpensesNet": 10400000, "incomeBeforeTax": 340200000, "incomeBeforeTaxRatio": 0.2384356602, "incomeTaxExpense": 122000000, "netIncome": 218200000, "netIncomeRatio": 0.1529296327, "eps": 2, "epsdiluted": 1.99, "weightedAverageShsOut": 109100000, "weightedAverageShsOutDil": 109648241, "link": "https://www.sec.gov/Archives/edgar/data/51253/000095011098000370/0000950110-98-000370-index.html", "finalLink": "https://www.sec.gov/Archives/edgar/data/51253/", "calculatedOtherExpenses": 50300000, "calculatedOperatingExpenses": 371800000, "calculatedNetInterest": 0, "calculatedOtherIncome": 8100000, "calculatedIncomeNonControlling": 0, "calculatedEbitda": 382400000}, {"date": "1996-12-31", "symbol": "IFF", "reportedCurrency": "USD", "cik": "0000051253", "fillingDate": "1997-03-31", "acceptedDate": "1997-03-31 00:00:00", "calendarYear": "1996", "period": "FY", "revenue": 1436100000, "costOfRevenue": 731000000, "grossProfit": 705100000, "grossProfitRatio": 0.4909825221, "researchAndDevelopmentExpenses": 0, "generalAndAdministrativeExpenses": 317000000, "sellingAndMarketingExpenses": 0, "sellingGeneralAndAdministrativeExpenses": 317000000, "otherExpenses": 47800000, "operatingExpenses": 364800000, "costAndExpenses": 1095800000, "interestIncome": 0, "interestExpense": 0, "depreciationAndAmortization": 47800000, "ebitda": 426400000, "ebitdaratio": 0.2969152566, "operatingIncome": 340300000, "operatingIncomeRatio": 0.2369612144, "totalOtherIncomeExpensesNet": -38300000, "incomeBeforeTax": 299100000, "incomeBeforeTaxRatio": 0.2082724044, "incomeTaxExpense": 109200000, "netIncome": 189900000, "netIncomeRatio": 0.1322331314, "eps": 1.71, "epsdiluted": 1.7, "weightedAverageShsOut": 111052632, "weightedAverageShsOutDil": 111705882, "link": "https://www.sec.gov/Archives/edgar/data/51253/000095011097000547/0000950110-97-000547-index.html", "finalLink": "https://www.sec.gov/Archives/edgar/data/51253/", "calculatedOtherExpenses": 47800000, "calculatedOperatingExpenses": 364800000, "calculatedNetInterest": 0, "calculatedOtherIncome": -41200000, "calculatedIncomeNonControlling": 0, "calculatedEbitda": 388100000}, {"date": "1995-12-31", "symbol": "IFF", "reportedCurrency": "USD", "cik": "0000051253", "fillingDate": "1996-03-28", "acceptedDate": "1996-03-28 00:00:00", "calendarYear": "1995", "period": "FY", "revenue": 1439500000, "costOfRevenue": 706300000, "grossProfit": 733200000, "grossProfitRatio": 0.5093435221, "researchAndDevelopmentExpenses": 0, "generalAndAdministrativeExpenses": 308500000, "sellingAndMarketingExpenses": 0, "sellingGeneralAndAdministrativeExpenses": 308500000, "otherExpenses": 40700000, "operatingExpenses": 349200000, "costAndExpenses": 1055500000, "interestIncome": 0, "interestExpense": 0, "depreciationAndAmortization": 40700000, "ebitda": 411800000, "ebitdaratio": 0.2860715526, "operatingIncome": 384000000, "operatingIncomeRatio": 0.2667592914, "totalOtherIncomeExpensesNet": 12900000, "incomeBeforeTax": 393700000, "incomeBeforeTaxRatio": 0.2734977423, "incomeTaxExpense": 144900000, "netIncome": 248800000, "netIncomeRatio": 0.1728377909, "eps": 2.24, "epsdiluted": 2.24, "weightedAverageShsOut": 111071429, "weightedAverageShsOutDil": 111170213, "link": "https://www.sec.gov/Archives/edgar/data/51253/000095011096000305/0000950110-96-000305-index.html", "finalLink": "https://www.sec.gov/Archives/edgar/data/51253/", "calculatedOtherExpenses": 40700000, "calculatedOperatingExpenses": 349200000, "calculatedNetInterest": 0, "calculatedOtherIncome": 9700000, "calculatedIncomeNonControlling": 0, "calculatedEbitda": 424700000}, {"date": "1994-12-31", "symbol": "IFF", "reportedCurrency": "USD", "cik": "0000051253", "fillingDate": "1995-03-30", "acceptedDate": "1995-03-30 00:00:00", "calendarYear": "1994", "period": "FY", "revenue": 1315200000, "costOfRevenue": 641400000, "grossProfit": 673800000, "grossProfitRatio": 0.5123175182, "researchAndDevelopmentExpenses": 0, "generalAndAdministrativeExpenses": 288800000, "sellingAndMarketingExpenses": 0, "sellingGeneralAndAdministrativeExpenses": 288800000, "otherExpenses": 36400000, "operatingExpenses": 325200000, "costAndExpenses": 966600000, "interestIncome": 0, "interestExpense": 0, "depreciationAndAmortization": 36400000, "ebitda": 359800000, "ebitdaratio": 0.2735705596, "operatingIncome": 348600000, "operatingIncomeRatio": 0.2650547445, "totalOtherIncomeExpensesNet": 25200000, "incomeBeforeTax": 360300000, "incomeBeforeTaxRatio": 0.2739507299, "incomeTaxExpense": 134300000, "netIncome": 226000000, "netIncomeRatio": 0.171836983, "eps": 2.03, "epsdiluted": 2.03, "weightedAverageShsOut": 111330049, "weightedAverageShsOutDil": 111463415, "link": "https://www.sec.gov/Archives/edgar/data/51253/000095011095000190/0000950110-95-000190-index.html", "finalLink": "https://www.sec.gov/Archives/edgar/data/51253/", "calculatedOtherExpenses": 36400000, "calculatedOperatingExpenses": 325200000, "calculatedNetInterest": 0, "calculatedOtherIncome": 11700000, "calculatedIncomeNonControlling": 0, "calculatedEbitda": 385000000}, {"date": "1993-12-31", "symbol": "IFF", "reportedCurrency": "USD", "cik": "0000051253", "fillingDate": "1993-12-31", "acceptedDate": "1993-12-30 19:00:00", "calendarYear": "1993", "period": "FY", "revenue": 1188600000, "costOfRevenue": 578700000, "grossProfit": 609900000, "grossProfitRatio": 0.5131246845, "researchAndDevelopmentExpenses": 0, "generalAndAdministrativeExpenses": 0, "sellingAndMarketingExpenses": 0, "sellingGeneralAndAdministrativeExpenses": 268900000, "otherExpenses": 35100000, "operatingExpenses": 304000000, "costAndExpenses": 882700000, "interestIncome": 0, "interestExpense": 0, "depreciationAndAmortization": 35100000, "ebitda": 305900000, "ebitdaratio": 0.2573616019, "operatingIncome": 305900000, "operatingIncomeRatio": 0.2573616019, "totalOtherIncomeExpensesNet": 35100000, "incomeBeforeTax": 323800000, "incomeBeforeTaxRatio": 0.272421336, "incomeTaxExpense": 121300000, "netIncome": 202500000, "netIncomeRatio": 0.1703685008, "eps": 1.78, "epsdiluted": 1.77, "weightedAverageShsOut": 113764045, "weightedAverageShsOutDil": 114406780, "link": "", "finalLink": "", "calculatedOtherExpenses": 35100000, "calculatedOperatingExpenses": 304000000, "calculatedNetInterest": 0, "calculatedOtherIncome": 17900000, "calculatedIncomeNonControlling": 0, "calculatedEbitda": 341000000}, {"date": "1992-12-31", "symbol": "IFF", "reportedCurrency": "USD", "cik": "0000051253", "fillingDate": "1992-12-31", "acceptedDate": "1992-12-30 19:00:00", "calendarYear": "1992", "period": "FY", "revenue": 1126400000, "costOfRevenue": 548000000, "grossProfit": 578400000, "grossProfitRatio": 0.5134943182, "researchAndDevelopmentExpenses": 0, "generalAndAdministrativeExpenses": 0, "sellingAndMarketingExpenses": 0, "sellingGeneralAndAdministrativeExpenses": 280800000, "otherExpenses": 34000000, "operatingExpenses": 314800000, "costAndExpenses": 862800000, "interestIncome": 0, "interestExpense": 0, "depreciationAndAmortization": 34000000, "ebitda": 267300000, "ebitdaratio": 0.2373046875, "operatingIncome": 263600000, "operatingIncomeRatio": 0.2340198864, "totalOtherIncomeExpensesNet": 30300000, "incomeBeforeTax": 281500000, "incomeBeforeTaxRatio": 0.2499112216, "incomeTaxExpense": 104800000, "netIncome": 170600000, "netIncomeRatio": 0.1514559659, "eps": 1.48, "epsdiluted": 1.48, "weightedAverageShsOut": 115270270, "weightedAverageShsOutDil": 115270270, "link": "", "finalLink": "", "calculatedOtherExpenses": 34000000, "calculatedOperatingExpenses": 314800000, "calculatedNetInterest": 0, "calculatedOtherIncome": 17900000, "calculatedIncomeNonControlling": 6100000, "calculatedEbitda": 297600000}, {"date": "1991-12-31", "symbol": "IFF", "reportedCurrency": "USD", "cik": "0000051253", "fillingDate": "1991-12-31", "acceptedDate": "1991-12-30 19:00:00", "calendarYear": "1991", "period": "FY", "revenue": 1017000000, "costOfRevenue": 498500000, "grossProfit": 518500000, "grossProfitRatio": 0.5098328417, "researchAndDevelopmentExpenses": 0, "generalAndAdministrativeExpenses": 0, "sellingAndMarketingExpenses": 0, "sellingGeneralAndAdministrativeExpenses": 234800000, "otherExpenses": 29400000, "operatingExpenses": 264200000, "costAndExpenses": 762700000, "interestIncome": 0, "interestExpense": 0, "depreciationAndAmortization": 29400000, "ebitda": 258900000, "ebitdaratio": 0.2545722714, "operatingIncome": 254300000, "operatingIncomeRatio": 0.2500491642, "totalOtherIncomeExpensesNet": 24800000, "incomeBeforeTax": 269500000, "incomeBeforeTaxRatio": 0.2649950836, "incomeTaxExpense": 100800000, "netIncome": 168700000, "netIncomeRatio": 0.1658800393, "eps": 1.47, "epsdiluted": 1.47, "weightedAverageShsOut": 114761905, "weightedAverageShsOutDil": 114761905, "link": "", "finalLink": "", "calculatedOtherExpenses": 29400000, "calculatedOperatingExpenses": 264200000, "calculatedNetInterest": 0, "calculatedOtherIncome": 15200000, "calculatedIncomeNonControlling": 0, "calculatedEbitda": 283700000}, {"date": "1990-12-31", "symbol": "IFF", "reportedCurrency": "USD", "cik": "0000051253", "fillingDate": "1990-12-31", "acceptedDate": "1990-12-30 19:00:00", "calendarYear": "1990", "period": "FY", "revenue": 962800000, "costOfRevenue": 474600000, "grossProfit": 488200000, "grossProfitRatio": 0.5070627337, "researchAndDevelopmentExpenses": 0, "generalAndAdministrativeExpenses": 0, "sellingAndMarketingExpenses": 0, "sellingGeneralAndAdministrativeExpenses": 220700000, "otherExpenses": 28200000, "operatingExpenses": 248900000, "costAndExpenses": 723500000, "interestIncome": 0, "interestExpense": 0, "depreciationAndAmortization": 28200000, "ebitda": 232700000, "ebitdaratio": 0.2416909015, "operatingIncome": 239300000, "operatingIncomeRatio": 0.2485459078, "totalOtherIncomeExpensesNet": 34800000, "incomeBeforeTax": 252100000, "incomeBeforeTaxRatio": 0.2618404653, "incomeTaxExpense": 95400000, "netIncome": 156700000, "netIncomeRatio": 0.1627544661, "eps": 1.37, "epsdiluted": 1.37, "weightedAverageShsOut": 114379562, "weightedAverageShsOutDil": 114379562, "link": "", "finalLink": "", "calculatedOtherExpenses": 28200000, "calculatedOperatingExpenses": 248900000, "calculatedNetInterest": 0, "calculatedOtherIncome": 12800000, "calculatedIncomeNonControlling": 0, "calculatedEbitda": 267500000}, {"date": "1989-12-31", "symbol": "IFF", "reportedCurrency": "USD", "cik": "0000051253", "fillingDate": "1989-12-31", "acceptedDate": "1989-12-30 19:00:00", "calendarYear": "1989", "period": "FY", "revenue": 869500000, "costOfRevenue": 433000000, "grossProfit": 436500000, "grossProfitRatio": 0.5020126509, "researchAndDevelopmentExpenses": 0, "generalAndAdministrativeExpenses": 0, "sellingAndMarketingExpenses": 0, "sellingGeneralAndAdministrativeExpenses": 198100000, "otherExpenses": 24300000, "operatingExpenses": 222400000, "costAndExpenses": 655400000, "interestIncome": 0, "interestExpense": 0, "depreciationAndAmortization": 24300000, "ebitda": 221900000, "ebitdaratio": 0.2552041403, "operatingIncome": 214100000, "operatingIncomeRatio": 0.2462334675, "totalOtherIncomeExpensesNet": 16500000, "incomeBeforeTax": 223100000, "incomeBeforeTaxRatio": 0.2565842438, "incomeTaxExpense": 84500000, "netIncome": 138600000, "netIncomeRatio": 0.1594019551, "eps": 1.22, "epsdiluted": 1.22, "weightedAverageShsOut": 113606557, "weightedAverageShsOutDil": 113606557, "link": "", "finalLink": "", "calculatedOtherExpenses": 24300000, "calculatedOperatingExpenses": 222400000, "calculatedNetInterest": 0, "calculatedOtherIncome": 9000000, "calculatedIncomeNonControlling": 0, "calculatedEbitda": 238400000}, {"date": "1988-12-31", "symbol": "IFF", "reportedCurrency": "USD", "cik": "0000051253", "fillingDate": "1988-12-31", "acceptedDate": "1988-12-30 19:00:00", "calendarYear": "1988", "period": "FY", "revenue": 839500000, "costOfRevenue": 414100000, "grossProfit": 425400000, "grossProfitRatio": 0.5067301965, "researchAndDevelopmentExpenses": 0, "generalAndAdministrativeExpenses": 0, "sellingAndMarketingExpenses": 0, "sellingGeneralAndAdministrativeExpenses": 191800000, "otherExpenses": 22700000, "operatingExpenses": 214500000, "costAndExpenses": 628600000, "interestIncome": 0, "interestExpense": 0, "depreciationAndAmortization": 22700000, "ebitda": 227100000, "ebitdaratio": 0.2705181656, "operatingIncome": 210900000, "operatingIncomeRatio": 0.2512209649, "totalOtherIncomeExpensesNet": 6500000, "incomeBeforeTax": 209300000, "incomeBeforeTaxRatio": 0.2493150685, "incomeTaxExpense": 80600000, "netIncome": 128700000, "netIncomeRatio": 0.153305539, "eps": 1.13, "epsdiluted": 1.13, "weightedAverageShsOut": 113893805, "weightedAverageShsOutDil": 113893805, "link": "", "finalLink": "", "calculatedOtherExpenses": 22700000, "calculatedOperatingExpenses": 214500000, "calculatedNetInterest": 0, "calculatedOtherIncome": -1600000, "calculatedIncomeNonControlling": 0, "calculatedEbitda": 233600000}, {"date": "1987-12-31", "symbol": "IFF", "reportedCurrency": "USD", "cik": "0000051253", "fillingDate": "1987-12-31", "acceptedDate": "1987-12-30 19:00:00", "calendarYear": "1987", "period": "FY", "revenue": 745900000, "costOfRevenue": 372600000, "grossProfit": 373300000, "grossProfitRatio": 0.5004692318, "researchAndDevelopmentExpenses": 0, "generalAndAdministrativeExpenses": 0, "sellingAndMarketingExpenses": 0, "sellingGeneralAndAdministrativeExpenses": 173700000, "otherExpenses": 20700000, "operatingExpenses": 194400000, "costAndExpenses": 567000000, "interestIncome": 0, "interestExpense": 0, "depreciationAndAmortization": 20700000, "ebitda": 193400000, "ebitdaratio": 0.2592840863, "operatingIncome": 178900000, "operatingIncomeRatio": 0.2398444832, "totalOtherIncomeExpensesNet": 6200000, "incomeBeforeTax": 175400000, "incomeBeforeTaxRatio": 0.2351521652, "incomeTaxExpense": 68400000, "netIncome": 107000000, "netIncomeRatio": 0.1434508647, "eps": 0.94, "epsdiluted": 0.94, "weightedAverageShsOut": 113829787, "weightedAverageShsOutDil": 113829787, "link": "", "finalLink": "", "calculatedOtherExpenses": 20700000, "calculatedOperatingExpenses": 194400000, "calculatedNetInterest": 0, "calculatedOtherIncome": -3500000, "calculatedIncomeNonControlling": 0, "calculatedEbitda": 199600000}, {"date": "1986-12-31", "symbol": "IFF", "reportedCurrency": "USD", "cik": "0000051253", "fillingDate": "1986-12-31", "acceptedDate": "1986-12-30 19:00:00", "calendarYear": "1986", "period": "FY", "revenue": 620700000, "costOfRevenue": 311000000, "grossProfit": 309700000, "grossProfitRatio": 0.4989527952, "researchAndDevelopmentExpenses": 0, "generalAndAdministrativeExpenses": 0, "sellingAndMarketingExpenses": 0, "sellingGeneralAndAdministrativeExpenses": 151400000, "otherExpenses": 18400000, "operatingExpenses": 169800000, "costAndExpenses": 480800000, "interestIncome": 0, "interestExpense": 0, "depreciationAndAmortization": 18400000, "ebitda": 155200000, "ebitdaratio": 0.2500402771, "operatingIncome": 139900000, "operatingIncomeRatio": 0.2253906879, "totalOtherIncomeExpensesNet": 3100000, "incomeBeforeTax": 139300000, "incomeBeforeTaxRatio": 0.2244240374, "incomeTaxExpense": 53600000, "netIncome": 85700000, "netIncomeRatio": 0.1380699211, "eps": 0.76, "epsdiluted": 0.76, "weightedAverageShsOut": 112763158, "weightedAverageShsOutDil": 112763158, "link": "", "finalLink": "", "calculatedOtherExpenses": 18400000, "calculatedOperatingExpenses": 169800000, "calculatedNetInterest": 0, "calculatedOtherIncome": -600000, "calculatedIncomeNonControlling": 0, "calculatedEbitda": 158300000}, {"date": "1985-12-31", "symbol": "IFF", "reportedCurrency": "USD", "cik": "0000051253", "fillingDate": "1985-12-31", "acceptedDate": "1985-12-30 19:00:00", "calendarYear": "1985", "period": "FY", "revenue": 501000000, "costOfRevenue": 245900000, "grossProfit": 255100000, "grossProfitRatio": 0.5091816367, "researchAndDevelopmentExpenses": 0, "generalAndAdministrativeExpenses": 0, "sellingAndMarketingExpenses": 0, "sellingGeneralAndAdministrativeExpenses": 125700000, "otherExpenses": 14600000, "operatingExpenses": 140300000, "costAndExpenses": 386200000, "interestIncome": 0, "interestExpense": 0, "depreciationAndAmortization": 14600000, "ebitda": 124900000, "ebitdaratio": 0.2493013972, "operatingIncome": 114800000, "operatingIncomeRatio": 0.2291417166, "totalOtherIncomeExpensesNet": 4500000, "incomeBeforeTax": 112600000, "incomeBeforeTaxRatio": 0.224750499, "incomeTaxExpense": 42900000, "netIncome": 69700000, "netIncomeRatio": 0.1391217565, "eps": 0.63, "epsdiluted": 0.63, "weightedAverageShsOut": 110634921, "weightedAverageShsOutDil": 110634921, "link": "", "finalLink": "", "calculatedOtherExpenses": 14600000, "calculatedOperatingExpenses": 140300000, "calculatedNetInterest": 0, "calculatedOtherIncome": -2200000, "calculatedIncomeNonControlling": 0, "calculatedEbitda": 129400000}]}