{"originalCurrency": "USD", "convertedCurrency": "USD", "report": [{"date": "2023-12-31", "symbol": "IGT", "reportedCurrency": "USD", "cik": "0001619762", "fillingDate": "2024-03-12", "acceptedDate": "2024-03-12 16:19:58", "calendarYear": "2023", "period": "FY", "revenue": 4310000000, "costOfRevenue": 2203000000, "grossProfit": 2107000000, "grossProfitRatio": 0.488863109, "researchAndDevelopmentExpenses": 234000000, "generalAndAdministrativeExpenses": 0, "sellingAndMarketingExpenses": 0, "sellingGeneralAndAdministrativeExpenses": 834000000, "otherExpenses": -2000000, "operatingExpenses": 1068000000, "costAndExpenses": 3271000000, "interestIncome": 25000000, "interestExpense": 311000000, "depreciationAndAmortization": 523000000, "ebitda": 1585000000, "ebitdaratio": 0.36774942, "operatingIncome": 1001000000, "operatingIncomeRatio": 0.23225058, "totalOtherIncomeExpensesNet": -124000000, "incomeBeforeTax": 629000000, "incomeBeforeTaxRatio": 0.1459396752, "incomeTaxExpense": 322000000, "netIncome": 156000000, "netIncomeRatio": 0.0361948956, "eps": 0.78, "epsdiluted": 0.77, "weightedAverageShsOut": 200000000, "weightedAverageShsOutDil": 203000000, "link": "https://www.sec.gov/Archives/edgar/data/1619762/000161976224000017/0001619762-24-000017-index.htm", "finalLink": "https://www.sec.gov/Archives/edgar/data/1619762/000161976224000017/igt-20231231.htm", "calculatedOtherExpenses": 38000000, "calculatedOperatingExpenses": 1106000000, "calculatedNetInterest": -286000000, "calculatedOtherIncome": -86000000, "calculatedIncomeNonControlling": 151000000, "calculatedEbitda": 1524000000}, {"date": "2022-12-31", "symbol": "IGT", "reportedCurrency": "USD", "cik": "0001619762", "fillingDate": "2023-02-28", "acceptedDate": "2023-02-28 16:10:54", "calendarYear": "2022", "period": "FY", "revenue": 4223000000, "costOfRevenue": 2221000000, "grossProfit": 2002000000, "grossProfitRatio": 0.4740705659, "researchAndDevelopmentExpenses": 254000000, "generalAndAdministrativeExpenses": 0, "sellingAndMarketingExpenses": 0, "sellingGeneralAndAdministrativeExpenses": 801000000, "otherExpenses": 274000000, "operatingExpenses": 1329000000, "costAndExpenses": 3550000000, "interestIncome": 13000000, "interestExpense": 304000000, "depreciationAndAmortization": 732000000, "ebitda": 1335000000, "ebitdaratio": 0.3161259768, "operatingIncome": 603000000, "operatingIncomeRatio": 0.1427894861, "totalOtherIncomeExpensesNet": -78000000, "incomeBeforeTax": 525000000, "incomeBeforeTaxRatio": 0.1243192044, "incomeTaxExpense": 175000000, "netIncome": 275000000, "netIncomeRatio": 0.0651195832, "eps": 1.36, "epsdiluted": 1.35, "weightedAverageShsOut": 201825000, "weightedAverageShsOutDil": 203414000, "link": "https://www.sec.gov/Archives/edgar/data/1619762/000161976223000014/0001619762-23-000014-index.htm", "finalLink": "https://www.sec.gov/Archives/edgar/data/1619762/000161976223000014/igt-20221231.htm", "calculatedOtherExpenses": 344000000, "calculatedOperatingExpenses": 1399000000, "calculatedNetInterest": -291000000, "calculatedOtherIncome": 213000000, "calculatedIncomeNonControlling": 75000000, "calculatedEbitda": 1335000000}, {"date": "2021-12-31", "symbol": "IGT", "reportedCurrency": "USD", "cik": "0001619762", "fillingDate": "2022-03-03", "acceptedDate": "2022-03-03 16:10:07", "calendarYear": "2021", "period": "FY", "revenue": 4089000000, "costOfRevenue": 2131000000, "grossProfit": 1958000000, "grossProfitRatio": 0.4788456835, "researchAndDevelopmentExpenses": 238000000, "generalAndAdministrativeExpenses": 0, "sellingAndMarketingExpenses": 0, "sellingGeneralAndAdministrativeExpenses": 810000000, "otherExpenses": 1000000, "operatingExpenses": 1049000000, "costAndExpenses": 3180000000, "interestIncome": 13000000, "interestExpense": 341000000, "depreciationAndAmortization": 650000000, "ebitda": 1552000000, "ebitdaratio": 0.3795549034, "operatingIncome": 902000000, "operatingIncomeRatio": 0.2205918317, "totalOtherIncomeExpensesNet": -373000000, "incomeBeforeTax": 529000000, "incomeBeforeTaxRatio": 0.1293714845, "incomeTaxExpense": 274000000, "netIncome": 255000000, "netIncomeRatio": 0.0623624358, "eps": 1.24, "epsdiluted": 1.23, "weightedAverageShsOut": 204954000, "weightedAverageShsOutDil": 206795000, "link": "https://www.sec.gov/Archives/edgar/data/1619762/000161976222000022/0001619762-22-000022-index.htm", "finalLink": "https://www.sec.gov/Archives/edgar/data/1619762/000161976222000022/igt-20211231.htm", "calculatedOtherExpenses": 8000000, "calculatedOperatingExpenses": 1056000000, "calculatedNetInterest": -328000000, "calculatedOtherIncome": -45000000, "calculatedIncomeNonControlling": 0, "calculatedEbitda": 1552000000}, {"date": "2020-12-31", "symbol": "IGT", "reportedCurrency": "USD", "cik": "0001619762", "fillingDate": "2021-03-02", "acceptedDate": "2021-03-02 16:12:20", "calendarYear": "2020", "period": "FY", "revenue": 3115456000, "costOfRevenue": 1979699000, "grossProfit": 1135757000, "grossProfitRatio": 0.364555622, "researchAndDevelopmentExpenses": 190948000, "generalAndAdministrativeExpenses": 0, "sellingAndMarketingExpenses": 0, "sellingGeneralAndAdministrativeExpenses": 706895000, "otherExpenses": 4334000, "operatingExpenses": 902177000, "costAndExpenses": 2881876000, "interestIncome": 14956000, "interestExpense": 397916000, "depreciationAndAmortization": 776626000, "ebitda": 976778000, "ebitdaratio": 0.313526495, "operatingIncome": 200152000, "operatingIncomeRatio": 0.0642448489, "totalOtherIncomeExpensesNet": -1047859000, "incomeBeforeTax": -847707000, "incomeBeforeTaxRatio": -0.2720972468, "incomeTaxExpense": 27698000, "netIncome": -875405000, "netIncomeRatio": -0.2809877591, "eps": -4.28, "epsdiluted": -4.28, "weightedAverageShsOut": 204725000, "weightedAverageShsOutDil": 204725000, "link": "https://www.sec.gov/Archives/edgar/data/1619762/000161976221000010/0001619762-21-000010-index.htm", "finalLink": "https://www.sec.gov/Archives/edgar/data/1619762/000161976221000010/igt-20201231.htm", "calculatedOtherExpenses": 37762000, "calculatedOperatingExpenses": 935605000, "calculatedNetInterest": -382960000, "calculatedOtherIncome": -664899000, "calculatedIncomeNonControlling": 0, "calculatedEbitda": 976778000}, {"date": "2019-12-31", "symbol": "IGT", "reportedCurrency": "USD", "cik": "0001619762", "fillingDate": "2020-03-03", "acceptedDate": "2020-03-03 14:10:46", "calendarYear": "2019", "period": "FY", "revenue": 4785806000, "costOfRevenue": 2933648000, "grossProfit": 1852158000, "grossProfitRatio": 0.3870106728, "researchAndDevelopmentExpenses": 266241000, "generalAndAdministrativeExpenses": 0, "sellingAndMarketingExpenses": 0, "sellingGeneralAndAdministrativeExpenses": 846047000, "otherExpenses": 3742000, "operatingExpenses": 1116030000, "costAndExpenses": 4049678000, "interestIncome": 13286000, "interestExpense": 410129000, "depreciationAndAmortization": 830386000, "ebitda": 1467514000, "ebitdaratio": 0.3066388399, "operatingIncome": 637128000, "operatingIncomeRatio": 0.1331286726, "totalOtherIncomeExpensesNet": -352361000, "incomeBeforeTax": 284767000, "incomeBeforeTaxRatio": 0.0595024119, "incomeTaxExpense": 173109000, "netIncome": 111658000, "netIncomeRatio": 0.0233310753, "eps": 0.55, "epsdiluted": 0.55, "weightedAverageShsOut": 204373000, "weightedAverageShsOutDil": 204373000, "link": "https://www.sec.gov/Archives/edgar/data/1619762/000161976220000018/0001619762-20-000018-index.htm", "finalLink": "https://www.sec.gov/Archives/edgar/data/1619762/000161976220000018/igt-123119x20fxdoc.htm", "calculatedOtherExpenses": 102742000, "calculatedOperatingExpenses": 1215030000, "calculatedNetInterest": -396843000, "calculatedOtherIncome": 44482000, "calculatedIncomeNonControlling": 0, "calculatedEbitda": 1467514000}, {"date": "2018-12-31", "symbol": "IGT", "reportedCurrency": "USD", "cik": "0001619762", "fillingDate": "2019-03-08", "acceptedDate": "2019-03-08 17:15:19", "calendarYear": "2018", "period": "FY", "revenue": 4829537000, "costOfRevenue": 2940220000, "grossProfit": 1889317000, "grossProfitRatio": 0.3912004401, "researchAndDevelopmentExpenses": 262262000, "generalAndAdministrativeExpenses": 0, "sellingAndMarketingExpenses": 0, "sellingGeneralAndAdministrativeExpenses": 836230000, "otherExpenses": 15000, "operatingExpenses": 1098543000, "costAndExpenses": 4038763000, "interestIncome": 14231000, "interestExpense": 431690000, "depreciationAndAmortization": 712838000, "ebitda": 1314535000, "ebitdaratio": 0.2721865471, "operatingIncome": 589586000, "operatingIncomeRatio": 0.1220791972, "totalOtherIncomeExpensesNet": -72148000, "incomeBeforeTax": 97844000, "incomeBeforeTaxRatio": 0.020259499, "incomeTaxExpense": 184216000, "netIncome": -144375000, "netIncomeRatio": -0.02989417, "eps": -0.71, "epsdiluted": -0.71, "weightedAverageShsOut": 204083000, "weightedAverageShsOutDil": 204083000, "link": "https://www.sec.gov/Archives/edgar/data/1619762/000161976219000007/0001619762-19-000007-index.htm", "finalLink": "https://www.sec.gov/Archives/edgar/data/1619762/000161976219000007/igt-123118x20f.htm", "calculatedOtherExpenses": 201239000, "calculatedOperatingExpenses": 1299731000, "calculatedNetInterest": -417459000, "calculatedOtherIncome": -74283000, "calculatedIncomeNonControlling": 58003000, "calculatedEbitda": 1302424000}, {"date": "2017-12-31", "symbol": "IGT", "reportedCurrency": "USD", "cik": "0001619762", "fillingDate": "2018-03-15", "acceptedDate": "2018-03-15 16:37:29", "calendarYear": "2017", "period": "FY", "revenue": 4938959000, "costOfRevenue": 3132514000, "grossProfit": 1806445000, "grossProfitRatio": 0.3657542004, "researchAndDevelopmentExpenses": 313088000, "generalAndAdministrativeExpenses": 704193000, "sellingAndMarketingExpenses": 111900000, "sellingGeneralAndAdministrativeExpenses": 816093000, "otherExpenses": -33393000, "operatingExpenses": 1102441000, "costAndExpenses": 4234955000, "interestIncome": 10436000, "interestExpense": 458899000, "depreciationAndAmortization": 802440000, "ebitda": 1483487000, "ebitdaratio": 0.3003643075, "operatingIncome": -51092000, "operatingIncomeRatio": -0.01034469, "totalOtherIncomeExpensesNet": -1232466000, "incomeBeforeTax": -976925000, "incomeBeforeTaxRatio": -0.1977997793, "incomeTaxExpense": -29414000, "netIncome": -1068576000, "netIncomeRatio": -0.2163565237, "eps": -5.26, "epsdiluted": -5.26, "weightedAverageShsOut": 203130000, "weightedAverageShsOutDil": 203130000, "link": "https://www.sec.gov/Archives/edgar/data/1619762/000162828018003245/0001628280-18-003245-index.htm", "finalLink": "https://www.sec.gov/Archives/edgar/data/1619762/000162828018003245/igt-123117x20f.htm", "calculatedOtherExpenses": 728356000, "calculatedOperatingExpenses": 1857537000, "calculatedNetInterest": -448463000, "calculatedOtherIncome": -477370000, "calculatedIncomeNonControlling": 121065000, "calculatedEbitda": 751348000}, {"date": "2016-12-31", "symbol": "IGT", "reportedCurrency": "USD", "cik": "0001619762", "fillingDate": "2017-04-20", "acceptedDate": "2017-04-19 18:30:15", "calendarYear": "2016", "period": "FY", "revenue": 5153896000, "costOfRevenue": 3135837000, "grossProfit": 2018059000, "grossProfitRatio": 0.3915598995, "researchAndDevelopmentExpenses": 343531000, "generalAndAdministrativeExpenses": 2590000, "sellingAndMarketingExpenses": 943234000, "sellingGeneralAndAdministrativeExpenses": 945824000, "otherExpenses": 18365000, "operatingExpenses": 1291945000, "costAndExpenses": 4427782000, "interestIncome": 12840000, "interestExpense": 469268000, "depreciationAndAmortization": 882469000, "ebitda": 1639788000, "ebitdaratio": 0.3181647437, "operatingIncome": 660436000, "operatingIncomeRatio": 0.1281430592, "totalOtherIncomeExpensesNet": 53727000, "incomeBeforeTax": 323413000, "incomeBeforeTaxRatio": 0.0627511692, "incomeTaxExpense": 59206000, "netIncome": 211337000, "netIncomeRatio": 0.04100529, "eps": 1.05, "epsdiluted": 1.05, "weightedAverageShsOut": 201511000, "weightedAverageShsOutDil": 202214000, "link": "https://www.sec.gov/Archives/edgar/data/1619762/000162828017003934/0001628280-17-003934-index.htm", "finalLink": "https://www.sec.gov/Archives/edgar/data/1619762/000162828017003934/igt-123116x20f.htm", "calculatedOtherExpenses": 68268000, "calculatedOperatingExpenses": 1357623000, "calculatedNetInterest": -456428000, "calculatedOtherIncome": 119405000, "calculatedIncomeNonControlling": 52870000, "calculatedEbitda": 1542905000}, {"date": "2015-12-31", "symbol": "IGT", "reportedCurrency": "USD", "cik": "0001619762", "fillingDate": "2016-04-29", "acceptedDate": "2016-04-29 17:08:48", "calendarYear": "2015", "period": "FY", "revenue": 4739212000, "costOfRevenue": 2988389000, "grossProfit": 1750823000, "grossProfitRatio": 0.3694333573, "researchAndDevelopmentExpenses": 277778000, "generalAndAdministrativeExpenses": 49396000, "sellingAndMarketingExpenses": 755009000, "sellingGeneralAndAdministrativeExpenses": 804405000, "otherExpenses": -4682000, "operatingExpenses": 1131579000, "costAndExpenses": 4119968000, "interestIncome": 17681000, "interestExpense": 458804000, "depreciationAndAmortization": 784054000, "ebitda": 1298627000, "ebitdaratio": 0.2740174949, "operatingIncome": 469313000, "operatingIncomeRatio": 0.0990276443, "totalOtherIncomeExpensesNet": -149272000, "incomeBeforeTax": -89028000, "incomeBeforeTaxRatio": -0.0187854015, "incomeTaxExpense": 39507000, "netIncome": -134548000, "netIncomeRatio": -0.0283903738, "eps": -0.7, "epsdiluted": -0.7, "weightedAverageShsOut": 192398000, "weightedAverageShsOutDil": 192398000, "link": "https://www.sec.gov/Archives/edgar/data/1619762/000110465916116304/0001104659-16-116304-index.htm", "finalLink": "https://www.sec.gov/Archives/edgar/data/1619762/000110465916116304/a16-7442_120f.htm", "calculatedOtherExpenses": 199327000, "calculatedOperatingExpenses": 1281510000, "calculatedNetInterest": -441123000, "calculatedOtherIncome": -117218000, "calculatedIncomeNonControlling": 6013000, "calculatedEbitda": 1253367000}, {"date": "2014-12-31", "symbol": "IGT", "reportedCurrency": "USD", "cik": "0001619762", "fillingDate": "2015-05-15", "acceptedDate": "2015-05-15 16:34:43", "calendarYear": "2014", "period": "FY", "revenue": 3732736271, "costOfRevenue": 2578617637, "grossProfit": 1154118634, "grossProfitRatio": 0.3091883675, "researchAndDevelopmentExpenses": 108175000, "generalAndAdministrativeExpenses": 695094605, "sellingAndMarketingExpenses": 0, "sellingGeneralAndAdministrativeExpenses": 695094605, "otherExpenses": -7094216.644778, "operatingExpenses": 431714820, "costAndExpenses": 3010332457, "interestIncome": 4448173, "interestExpense": 248323118, "depreciationAndAmortization": 554384940, "ebitda": 1187015419, "ebitdaratio": 0.3180014158, "operatingIncome": 689514324, "operatingIncomeRatio": 0.1847208789, "totalOtherIncomeExpensesNet": -43542973.880053, "incomeBeforeTax": 349699644, "incomeBeforeTaxRatio": 0.0936845305, "incomeTaxExpense": 231005885, "netIncome": 101304781, "netIncomeRatio": 0.0271395496, "eps": 0.5, "epsdiluted": 0.49, "weightedAverageShsOut": 173792000, "weightedAverageShsOutDil": 174490000, "link": "https://www.sec.gov/Archives/edgar/data/1619762/000110465915038726/0001104659-15-038726-index.htm", "finalLink": "https://www.sec.gov/Archives/edgar/data/1619762/000110465915038726/a15-10386_120f.htm", "calculatedOtherExpenses": -338665295, "calculatedOperatingExpenses": 464604310, "calculatedNetInterest": -243874945, "calculatedOtherIncome": -95939735, "calculatedIncomeNonControlling": 17388978, "calculatedEbitda": 1243899264}, {"date": "2013-12-31", "symbol": "IGT", "reportedCurrency": "USD", "cik": "0001619762", "fillingDate": "2013-12-31", "acceptedDate": "2013-12-30 19:00:00", "calendarYear": "2013", "period": "FY", "revenue": 4229382197, "costOfRevenue": 2973803474, "grossProfit": 1255578723, "grossProfitRatio": 0.2968704801, "researchAndDevelopmentExpenses": 104845000, "generalAndAdministrativeExpenses": 784702698, "sellingAndMarketingExpenses": 0, "sellingGeneralAndAdministrativeExpenses": 784702698, "otherExpenses": -13872241.707863, "operatingExpenses": 475123588, "costAndExpenses": 3448927062, "interestIncome": 4603827, "interestExpense": 225184346, "depreciationAndAmortization": 613622303, "ebitda": 1383476483, "ebitdaratio": 0.3271107739, "operatingIncome": 772089811, "operatingIncomeRatio": 0.1825538047, "totalOtherIncomeExpensesNet": -26758540.694303, "incomeBeforeTax": 533116076, "incomeBeforeTaxRatio": 0.1260505793, "incomeTaxExpense": 249712778, "netIncome": 242251926, "netIncomeRatio": 0.0572783246, "eps": 1.16, "epsdiluted": 1.16, "weightedAverageShsOut": 173315000, "weightedAverageShsOutDil": 173644000, "link": "", "finalLink": "", "calculatedOtherExpenses": -406058786, "calculatedOperatingExpenses": 483488912, "calculatedNetInterest": -220580519, "calculatedOtherIncome": -18393216, "calculatedIncomeNonControlling": 41151372, "calculatedEbitda": 1385712114}, {"date": "2012-12-31", "symbol": "IGT", "reportedCurrency": "USD", "cik": "0001619762", "fillingDate": "2012-12-31", "acceptedDate": "2012-12-30 19:00:00", "calendarYear": "2012", "period": "FY", "revenue": 4067613140, "costOfRevenue": 2844075171, "grossProfit": 1223537969, "grossProfitRatio": 0.3007999844, "researchAndDevelopmentExpenses": 95194145, "generalAndAdministrativeExpenses": 713288544, "sellingAndMarketingExpenses": 0, "sellingGeneralAndAdministrativeExpenses": 713288544, "otherExpenses": -7991906.260745, "operatingExpenses": 444087073, "costAndExpenses": 3288162245, "interestIncome": 3256010, "interestExpense": 205469886, "depreciationAndAmortization": 576509641, "ebitda": 1352566984, "ebitdaratio": 0.3325210482, "operatingIncome": 771215647, "operatingIncomeRatio": 0.1895990649, "totalOtherIncomeExpensesNet": -16490332.478113, "incomeBeforeTax": 560746687, "incomeBeforeTaxRatio": 0.137856445, "incomeTaxExpense": 209984923, "netIncome": 308323855, "netIncomeRatio": 0.0757996999, "eps": 1.79, "epsdiluted": 1.79, "weightedAverageShsOut": 172267000, "weightedAverageShsOutDil": 172340000, "link": "", "finalLink": "", "calculatedOtherExpenses": -356160367, "calculatedOperatingExpenses": 452322322, "calculatedNetInterest": -202213876, "calculatedOtherIncome": -8255084, "calculatedIncomeNonControlling": 42437909, "calculatedEbitda": 1347725288}, {"date": "2011-12-31", "symbol": "IGT", "reportedCurrency": "USD", "cik": "0001619762", "fillingDate": "2011-12-31", "acceptedDate": "2011-12-30 19:00:00", "calendarYear": "2011", "period": "FY", "revenue": 3854244054, "costOfRevenue": 2722028384, "grossProfit": 1132215669, "grossProfitRatio": 0.2937581673, "researchAndDevelopmentExpenses": 0, "generalAndAdministrativeExpenses": 0, "sellingAndMarketingExpenses": 0, "sellingGeneralAndAdministrativeExpenses": 0, "otherExpenses": -8880824.314691, "operatingExpenses": 438451169, "costAndExpenses": 3160479554, "interestIncome": 3735337, "interestExpense": 217768129, "depreciationAndAmortization": 555590694, "ebitda": 1244374311, "ebitdaratio": 0.3228582036, "operatingIncome": 699044779, "operatingIncomeRatio": 0.181370139, "totalOtherIncomeExpensesNet": -5538202.320005, "incomeBeforeTax": 474193506, "incomeBeforeTaxRatio": 0.1230315206, "incomeTaxExpense": 207497893, "netIncome": 224408009, "netIncomeRatio": 0.0582236119, "eps": 1.31, "epsdiluted": 1.31, "weightedAverageShsOut": 172053000, "weightedAverageShsOutDil": 172053000, "link": "", "finalLink": "", "calculatedOtherExpenses": 433170890, "calculatedOperatingExpenses": 433170890, "calculatedNetInterest": -214032792, "calculatedOtherIncome": -10818481, "calculatedIncomeNonControlling": 42287604, "calculatedEbitda": 1254635473}, {"date": "2010-12-31", "symbol": "IGT", "reportedCurrency": "USD", "cik": "0001619762", "fillingDate": "2010-12-31", "acceptedDate": "2010-12-30 19:00:00", "calendarYear": "2010", "period": "FY", "revenue": 3077620694, "costOfRevenue": 1416609921, "grossProfit": 1661010772, "grossProfitRatio": 0.5397061359, "researchAndDevelopmentExpenses": 0, "generalAndAdministrativeExpenses": 598999867, "sellingAndMarketingExpenses": 0, "sellingGeneralAndAdministrativeExpenses": 598999867, "otherExpenses": -82058784.412821, "operatingExpenses": 1083287671, "costAndExpenses": 2499897592, "interestIncome": 4077669, "interestExpense": 228771113, "depreciationAndAmortization": 484287804, "ebitda": 1065575209, "ebitdaratio": 0.3462334431, "operatingIncome": 513336879, "operatingIncomeRatio": 0.1667966689, "totalOtherIncomeExpensesNet": -202057454.44873, "incomeBeforeTax": 150972203, "incomeBeforeTaxRatio": 0.0490548442, "incomeTaxExpense": 90647692, "netIncome": 654342, "netIncomeRatio": 0.0002126131, "eps": 0.0039, "epsdiluted": 0.0039, "weightedAverageShsOut": 168072000, "weightedAverageShsOutDil": 168104000, "link": "", "finalLink": "", "calculatedOtherExpenses": 548674026, "calculatedOperatingExpenses": 1147673893, "calculatedNetInterest": -224693444, "calculatedOtherIncome": -137671232, "calculatedIncomeNonControlling": 59670169, "calculatedEbitda": 997624683}, {"date": "2009-12-31", "symbol": "IGT", "reportedCurrency": "USD", "cik": "0001619762", "fillingDate": "2009-12-31", "acceptedDate": "2009-12-30 19:00:00", "calendarYear": "2009", "period": "FY", "revenue": 3118885036, "costOfRevenue": 1397078629, "grossProfit": 1721806407, "grossProfitRatio": 0.5520583116, "researchAndDevelopmentExpenses": 0, "generalAndAdministrativeExpenses": 613652644, "sellingAndMarketingExpenses": 0, "sellingGeneralAndAdministrativeExpenses": 613652644, "otherExpenses": -46584331.480314, "operatingExpenses": 1087893289, "costAndExpenses": 2484971918, "interestIncome": 4968766, "interestExpense": 217086939, "depreciationAndAmortization": 474240644, "ebitda": 1063911972, "ebitdaratio": 0.3411193294, "operatingIncome": 524988538, "operatingIncomeRatio": 0.16832571, "totalOtherIncomeExpensesNet": -149531491.776033, "incomeBeforeTax": 269637228, "incomeBeforeTaxRatio": 0.0864530835, "incomeTaxExpense": -108662387.529371, "netIncome": 160974840, "netIncomeRatio": 0.0516129447, "eps": 0.64, "epsdiluted": 0.64, "weightedAverageShsOut": 150336000, "weightedAverageShsOutDil": 150424000, "link": "", "finalLink": "", "calculatedOtherExpenses": 583165225, "calculatedOperatingExpenses": 1196817869, "calculatedNetInterest": -212118173, "calculatedOtherIncome": -43233137, "calculatedIncomeNonControlling": 217324775.52937102, "calculatedEbitda": 999229182}, {"date": "2008-12-31", "symbol": "IGT", "reportedCurrency": "USD", "cik": "0001619762", "fillingDate": "2008-12-31", "acceptedDate": "2008-12-30 19:00:00", "calendarYear": "2008", "period": "FY", "revenue": 2866247181, "costOfRevenue": 1247456636, "grossProfit": 1618790544, "grossProfitRatio": 0.5647770212, "researchAndDevelopmentExpenses": 0, "generalAndAdministrativeExpenses": 571474510, "sellingAndMarketingExpenses": 0, "sellingGeneralAndAdministrativeExpenses": 571474510, "otherExpenses": 10653729, "operatingExpenses": 1005191135, "costAndExpenses": 2252647771, "interestIncome": 15250438, "interestExpense": 247174040, "depreciationAndAmortization": 433716624, "ebitda": 1073220202, "ebitdaratio": 0.374433932, "operatingIncome": 473306512, "operatingIncomeRatio": 0.1651310869, "totalOtherIncomeExpensesNet": -123558482.055851, "incomeBeforeTax": 258117326, "incomeBeforeTaxRatio": 0.0900541055, "incomeTaxExpense": 66188712, "netIncome": 191928613, "netIncomeRatio": 0.0669616405, "eps": 0.86, "epsdiluted": 0.86, "weightedAverageShsOut": 150215000, "weightedAverageShsOutDil": 150544000, "link": "", "finalLink": "", "calculatedOtherExpenses": 574009522, "calculatedOperatingExpenses": 1145484032, "calculatedNetInterest": -231923602, "calculatedOtherIncome": 16734416, "calculatedIncomeNonControlling": 1, "calculatedEbitda": 907023136}, {"date": "2007-12-31", "symbol": "IGT", "reportedCurrency": "USD", "cik": "0001619762", "fillingDate": "2007-12-31", "acceptedDate": "2007-12-30 19:00:00", "calendarYear": "2007", "period": "FY", "revenue": 2422311808, "costOfRevenue": 897149605, "grossProfit": 1525162202, "grossProfitRatio": 0.6296308334, "researchAndDevelopmentExpenses": 0, "generalAndAdministrativeExpenses": 538432939, "sellingAndMarketingExpenses": 0, "sellingGeneralAndAdministrativeExpenses": 538432939, "otherExpenses": -4894513.537551, "operatingExpenses": 949363582, "costAndExpenses": 1846513187, "interestIncome": 18827182, "interestExpense": 282584163, "depreciationAndAmortization": 410930642, "ebitda": 952617843, "ebitdaratio": 0.3932680507, "operatingIncome": 575798620, "operatingIncomeRatio": 0.2377062353, "totalOtherIncomeExpensesNet": 22377418, "incomeBeforeTax": 286374969, "incomeBeforeTaxRatio": 0.1182238257, "incomeTaxExpense": 131879219, "netIncome": 154495749, "netIncomeRatio": 0.0637802901, "eps": 0.71, "epsdiluted": 0.71, "weightedAverageShsOut": 151101000, "weightedAverageShsOutDil": 151402000, "link": "", "finalLink": "", "calculatedOtherExpenses": 410930643, "calculatedOperatingExpenses": 949363582, "calculatedNetInterest": -263756981, "calculatedOtherIncome": -25666670, "calculatedIncomeNonControlling": 1, "calculatedEbitda": 986729262}, {"date": "2006-12-31", "symbol": "IGT", "reportedCurrency": "USD", "cik": "0001619762", "fillingDate": "2006-12-31", "acceptedDate": "2006-12-30 19:00:00", "calendarYear": "2006", "period": "FY", "revenue": 1239134738, "costOfRevenue": 512366535, "grossProfit": 726768203, "grossProfitRatio": 0.5865126534, "researchAndDevelopmentExpenses": 0, "generalAndAdministrativeExpenses": 257231849, "sellingAndMarketingExpenses": 0, "sellingGeneralAndAdministrativeExpenses": 257231849, "otherExpenses": -4512399.530151, "operatingExpenses": 437349047, "costAndExpenses": 949715582, "interestIncome": 42015864, "interestExpense": 126464649, "depreciationAndAmortization": 180117198, "ebitda": 346867452, "ebitdaratio": 0.2799271472, "operatingIncome": 289419155, "operatingIncomeRatio": 0.2335655249, "totalOtherIncomeExpensesNet": -249442.384088, "incomeBeforeTax": 44548562, "incomeBeforeTaxRatio": 0.0359513463, "incomeTaxExpense": 43463685, "netIncome": 1084876, "netIncomeRatio": 0.0008755112, "eps": -0.066, "epsdiluted": -0.066, "weightedAverageShsOut": 125398000, "weightedAverageShsOutDil": 125398000, "link": "", "finalLink": "", "calculatedOtherExpenses": 180117199, "calculatedOperatingExpenses": 437349048, "calculatedNetInterest": -84448785, "calculatedOtherIncome": -160421808, "calculatedIncomeNonControlling": 1, "calculatedEbitda": 469536353}, {"date": "2005-12-31", "symbol": "IGT", "reportedCurrency": "USD", "cik": "0001619762", "fillingDate": "2005-12-31", "acceptedDate": "2005-12-30 19:00:00", "calendarYear": "2005", "period": "FY", "revenue": 690118558, "costOfRevenue": 260044296, "grossProfit": 430074261, "grossProfitRatio": 0.623188953, "researchAndDevelopmentExpenses": 0, "generalAndAdministrativeExpenses": 85603628, "sellingAndMarketingExpenses": 0, "sellingGeneralAndAdministrativeExpenses": 85603628, "otherExpenses": 92971775, "operatingExpenses": 178575404, "costAndExpenses": 438619701, "interestIncome": 0, "interestExpense": -19026187.063993, "depreciationAndAmortization": 55596877, "ebitda": 315033577, "ebitdaratio": 0.4564919663, "operatingIncome": 251498857, "operatingIncomeRatio": 0.3644284797, "totalOtherIncomeExpensesNet": -40269.569234, "incomeBeforeTax": 232432400, "incomeBeforeTaxRatio": 0.336800681, "incomeTaxExpense": 97136122, "netIncome": 135296277, "netIncomeRatio": 0.1960478758, "eps": 1.49, "epsdiluted": 1.47, "weightedAverageShsOut": 89009000, "weightedAverageShsOutDil": 90814000, "link": "", "finalLink": "", "calculatedOtherExpenses": 92971776, "calculatedOperatingExpenses": 178575404, "calculatedNetInterest": 19026187.063993, "calculatedOtherIncome": -38092644.063993, "calculatedIncomeNonControlling": 1, "calculatedEbitda": 307095734}, {"date": "2004-12-31", "symbol": "IGT", "reportedCurrency": "USD", "cik": "0001619762", "fillingDate": "2004-12-31", "acceptedDate": "2004-12-30 19:00:00", "calendarYear": "2004", "period": "FY", "revenue": 1653736037, "costOfRevenue": 1210402884, "grossProfit": 443333152, "grossProfitRatio": 0.2680797555, "researchAndDevelopmentExpenses": 0, "generalAndAdministrativeExpenses": 76051946, "sellingAndMarketingExpenses": 0, "sellingGeneralAndAdministrativeExpenses": 76051946, "otherExpenses": 173095380, "operatingExpenses": 249147326, "costAndExpenses": 1459550211, "interestIncome": 0, "interestExpense": 24952553, "depreciationAndAmortization": 160496421, "ebitda": 357735061, "ebitdaratio": 0.2163193238, "operatingIncome": 194185825, "operatingIncomeRatio": 0.1174225036, "totalOtherIncomeExpensesNet": -19337653.182952, "incomeBeforeTax": 149791237, "incomeBeforeTaxRatio": 0.0905774767, "incomeTaxExpense": 66831146, "netIncome": 82960091, "netIncomeRatio": 0.0501652557, "eps": 0.72, "epsdiluted": 0.72, "weightedAverageShsOut": 114564151, "weightedAverageShsOutDil": 114564151, "link": "", "finalLink": "", "calculatedOtherExpenses": 173095381, "calculatedOperatingExpenses": 249147327, "calculatedNetInterest": -24952553, "calculatedOtherIncome": -19442035, "calculatedIncomeNonControlling": 0, "calculatedEbitda": 354682246}, {"date": "2003-12-31", "symbol": "IGT", "reportedCurrency": "USD", "cik": "0001619762", "fillingDate": "2003-12-31", "acceptedDate": "2003-12-30 19:00:00", "calendarYear": "2003", "period": "FY", "revenue": 542054194, "costOfRevenue": 286424646, "grossProfit": 255629548, "grossProfitRatio": 0.4715940779, "researchAndDevelopmentExpenses": 0, "generalAndAdministrativeExpenses": 56682540, "sellingAndMarketingExpenses": 0, "sellingGeneralAndAdministrativeExpenses": 56682540, "otherExpenses": 130071341, "operatingExpenses": 186753882, "costAndExpenses": 473178528, "interestIncome": 0, "interestExpense": 24356657, "depreciationAndAmortization": 163343954, "ebitda": 208674167, "ebitdaratio": 0.3849691956, "operatingIncome": 68875665, "operatingIncomeRatio": 0.1270641693, "totalOtherIncomeExpensesNet": 16290290, "incomeBeforeTax": 37263845, "incomeBeforeTaxRatio": 0.0687456081, "incomeTaxExpense": 75333, "netIncome": 37188511, "netIncomeRatio": 0.0686066304, "eps": 0.42, "epsdiluted": 0.42, "weightedAverageShsOut": 88809000, "weightedAverageShsOutDil": 88809000, "link": "", "finalLink": "", "calculatedOtherExpenses": 130071343, "calculatedOperatingExpenses": 186753883, "calculatedNetInterest": -24356657, "calculatedOtherIncome": -7255163, "calculatedIncomeNonControlling": 1, "calculatedEbitda": 232219619}, {"date": "2002-12-31", "symbol": "IGT", "reportedCurrency": "USD", "cik": "0001619762", "fillingDate": "2002-12-31", "acceptedDate": "2002-12-30 19:00:00", "calendarYear": "2002", "period": "FY", "revenue": 470302432, "costOfRevenue": 292935193, "grossProfit": 177367239, "grossProfitRatio": 0.3771344289, "researchAndDevelopmentExpenses": 0, "generalAndAdministrativeExpenses": 36544840, "sellingAndMarketingExpenses": 0, "sellingGeneralAndAdministrativeExpenses": 36544840, "otherExpenses": 112972333, "operatingExpenses": 149517174, "costAndExpenses": 442452367, "interestIncome": 0, "interestExpense": 9389910, "depreciationAndAmortization": 231611698, "ebitda": 218937165, "ebitdaratio": 0.4655242049, "operatingIncome": 27850064, "operatingIncomeRatio": 0.0592173517, "totalOtherIncomeExpensesNet": 40984772, "incomeBeforeTax": 18920330, "incomeBeforeTaxRatio": 0.0402301345, "incomeTaxExpense": 15300252, "netIncome": 3620077, "netIncomeRatio": 0.007697339, "eps": 0.0408, "epsdiluted": 0.0408, "weightedAverageShsOut": 88809000, "weightedAverageShsOutDil": 88809000, "link": "", "finalLink": "", "calculatedOtherExpenses": 112972335, "calculatedOperatingExpenses": 149517175, "calculatedNetInterest": -9389910, "calculatedOtherIncome": 460176, "calculatedIncomeNonControlling": 1, "calculatedEbitda": 259461762}]}