{"originalCurrency": "USD", "convertedCurrency": "USD", "report": [{"date": "2023-12-31", "symbol": "IIPR", "reportedCurrency": "USD", "cik": "0001677576", "fillingDate": "2024-02-27", "acceptedDate": "2024-02-27 17:27:19", "calendarYear": "2023", "period": "FY", "revenue": 309506000, "costOfRevenue": 92087000, "grossProfit": 217419000, "grossProfitRatio": 0.7024710345, "researchAndDevelopmentExpenses": 0, "generalAndAdministrativeExpenses": 42832000, "sellingAndMarketingExpenses": 0, "sellingGeneralAndAdministrativeExpenses": 42832000, "otherExpenses": -42832000, "operatingExpenses": 42832000, "costAndExpenses": 134919000, "interestIncome": 8446000, "interestExpense": 18094000, "depreciationAndAmortization": 67194000, "ebitda": 241781000, "ebitdaratio": 0.7811835635, "operatingIncome": 174587000, "operatingIncomeRatio": 0.5640827641, "totalOtherIncomeExpensesNet": -8999000, "incomeBeforeTax": 165588000, "incomeBeforeTaxRatio": 0.5350073989, "incomeTaxExpense": 1482000, "netIncome": 165588000, "netIncomeRatio": 0.5350073989, "eps": 5.82, "epsdiluted": 5.77, "weightedAverageShsOut": 27977807, "weightedAverageShsOutDil": 28255797, "link": "https://www.sec.gov/Archives/edgar/data/1677576/000155837024001866/0001558370-24-001866-index.htm", "finalLink": "https://www.sec.gov/Archives/edgar/data/1677576/000155837024001866/iipr-20231231x10k.htm", "calculatedOtherExpenses": 0, "calculatedOperatingExpenses": 42832000, "calculatedNetInterest": -9648000, "calculatedOtherIncome": 649000, "calculatedIncomeNonControlling": -1482000, "calculatedEbitda": 241781000}, {"date": "2022-12-31", "symbol": "IIPR", "reportedCurrency": "USD", "cik": "0001677576", "fillingDate": "2023-02-28", "acceptedDate": "2023-02-28 16:34:34", "calendarYear": "2022", "period": "FY", "revenue": 276359000, "costOfRevenue": 10520000, "grossProfit": 265839000, "grossProfitRatio": 0.9619335719, "researchAndDevelopmentExpenses": 0, "generalAndAdministrativeExpenses": 38520000, "sellingAndMarketingExpenses": 0, "sellingGeneralAndAdministrativeExpenses": 38520000, "otherExpenses": 61303000, "operatingExpenses": 99823000, "costAndExpenses": 110343000, "interestIncome": 3195000, "interestExpense": 18301000, "depreciationAndAmortization": 60897000, "ebitda": 230514000, "ebitdaratio": 0.8341107038, "operatingIncome": 169617000, "operatingIncomeRatio": 0.6137560202, "totalOtherIncomeExpensesNet": -15231000, "incomeBeforeTax": 154386000, "incomeBeforeTaxRatio": 0.5586429246, "incomeTaxExpense": -3476000, "netIncome": 154386000, "netIncomeRatio": 0.5586429246, "eps": 5.57, "epsdiluted": 5.52, "weightedAverageShsOut": 27345047, "weightedAverageShsOutDil": 27663169, "link": "https://www.sec.gov/Archives/edgar/data/1677576/000155837023002394/0001558370-23-002394-index.htm", "finalLink": "https://www.sec.gov/Archives/edgar/data/1677576/000155837023002394/iipr-20221231x10k.htm", "calculatedOtherExpenses": 57702000, "calculatedOperatingExpenses": 96222000, "calculatedNetInterest": -15106000, "calculatedOtherIncome": -125000, "calculatedIncomeNonControlling": 3476000, "calculatedEbitda": 230514000}, {"date": "2021-12-31", "symbol": "IIPR", "reportedCurrency": "USD", "cik": "0001677576", "fillingDate": "2022-02-24", "acceptedDate": "2022-02-24 16:36:21", "calendarYear": "2021", "period": "FY", "revenue": 204551000, "costOfRevenue": 4443000, "grossProfit": 200108000, "grossProfitRatio": 0.9782792555, "researchAndDevelopmentExpenses": 0, "generalAndAdministrativeExpenses": 22961000, "sellingAndMarketingExpenses": 0, "sellingGeneralAndAdministrativeExpenses": 22961000, "otherExpenses": 41776000, "operatingExpenses": 64737000, "costAndExpenses": 69180000, "interestIncome": 397000, "interestExpense": 18086000, "depreciationAndAmortization": 42173000, "ebitda": 177544000, "ebitdaratio": 0.8679693573, "operatingIncome": 135371000, "operatingIncomeRatio": 0.6617958358, "totalOtherIncomeExpensesNet": -21381000, "incomeBeforeTax": 113990000, "incomeBeforeTaxRatio": 0.5572693363, "incomeTaxExpense": 18086000, "netIncome": 113990000, "netIncomeRatio": 0.5572693363, "eps": 4.69, "epsdiluted": 4.55, "weightedAverageShsOut": 23903017, "weightedAverageShsOutDil": 26261155, "link": "https://www.sec.gov/Archives/edgar/data/1677576/000155837022001947/0001558370-22-001947-index.htm", "finalLink": "https://www.sec.gov/Archives/edgar/data/1677576/000155837022001947/iipr-20211231x10k.htm", "calculatedOtherExpenses": 41776000, "calculatedOperatingExpenses": 64737000, "calculatedNetInterest": -17689000, "calculatedOtherIncome": -3692000, "calculatedIncomeNonControlling": -18086000, "calculatedEbitda": 177544000}, {"date": "2020-12-31", "symbol": "IIPR", "reportedCurrency": "USD", "cik": "0001677576", "fillingDate": "2021-02-26", "acceptedDate": "2021-02-25 20:12:57", "calendarYear": "2020", "period": "FY", "revenue": 116896000, "costOfRevenue": 4952000, "grossProfit": 111944000, "grossProfitRatio": 0.9576375582, "researchAndDevelopmentExpenses": 0, "generalAndAdministrativeExpenses": 14182000, "sellingAndMarketingExpenses": 0, "sellingGeneralAndAdministrativeExpenses": 14182000, "otherExpenses": 28025000, "operatingExpenses": 42207000, "costAndExpenses": 47159000, "interestIncome": 3424000, "interestExpense": 7431000, "depreciationAndAmortization": 31449000, "ebitda": 101186000, "ebitdaratio": 0.8656070353, "operatingIncome": 69737000, "operatingIncomeRatio": 0.5965730222, "totalOtherIncomeExpensesNet": -4007000, "incomeBeforeTax": 65730000, "incomeBeforeTaxRatio": 0.5622946893, "incomeTaxExpense": 7431000, "netIncome": 65730000, "netIncomeRatio": 0.5622946893, "eps": 3.28, "epsdiluted": 3.27, "weightedAverageShsOut": 19443602, "weightedAverageShsOutDil": 19557619, "link": "https://www.sec.gov/Archives/edgar/data/1677576/000155837021001890/0001558370-21-001890-index.htm", "finalLink": "https://www.sec.gov/Archives/edgar/data/1677576/000155837021001890/iipr-20201231x10k.htm", "calculatedOtherExpenses": 28025000, "calculatedOperatingExpenses": 42207000, "calculatedNetInterest": -4007000, "calculatedOtherIncome": 0, "calculatedIncomeNonControlling": -7431000, "calculatedEbitda": 101186000}, {"date": "2019-12-31", "symbol": "IIPR", "reportedCurrency": "USD", "cik": "0001677576", "fillingDate": "2020-03-02", "acceptedDate": "2020-03-02 15:42:12", "calendarYear": "2019", "period": "FY", "revenue": 44667000, "costOfRevenue": 1315000, "grossProfit": 43352000, "grossProfitRatio": 0.9705599212, "researchAndDevelopmentExpenses": 0, "generalAndAdministrativeExpenses": 9818000, "sellingAndMarketingExpenses": 0, "sellingGeneralAndAdministrativeExpenses": 9818000, "otherExpenses": 8599000, "operatingExpenses": 18417000, "costAndExpenses": 19732000, "interestIncome": 4846000, "interestExpense": 6306000, "depreciationAndAmortization": 13445000, "ebitda": 38380000, "ebitdaratio": 0.859247319, "operatingIncome": 24935000, "operatingIncomeRatio": 0.5582421027, "totalOtherIncomeExpensesNet": -1460000, "incomeBeforeTax": 23475000, "incomeBeforeTaxRatio": 0.5255557794, "incomeTaxExpense": 6306000, "netIncome": 17169000, "netIncomeRatio": 0.3843777285, "eps": 1.63, "epsdiluted": 1.61, "weightedAverageShsOut": 10546016, "weightedAverageShsOutDil": 10684068, "link": "https://www.sec.gov/Archives/edgar/data/1677576/000110465920027821/0001104659-20-027821-index.htm", "finalLink": "https://www.sec.gov/Archives/edgar/data/1677576/000110465920027821/tm205786-1_10k.htm", "calculatedOtherExpenses": 8599000, "calculatedOperatingExpenses": 18417000, "calculatedNetInterest": -1460000, "calculatedOtherIncome": 0, "calculatedIncomeNonControlling": 0, "calculatedEbitda": 38380000}, {"date": "2018-12-31", "symbol": "IIPR", "reportedCurrency": "USD", "cik": "0001677576", "fillingDate": "2019-03-14", "acceptedDate": "2019-03-14 16:26:35", "calendarYear": "2018", "period": "FY", "revenue": 14787000, "costOfRevenue": 445000, "grossProfit": 14342000, "grossProfitRatio": 0.9699059985, "researchAndDevelopmentExpenses": 0, "generalAndAdministrativeExpenses": 6375000, "sellingAndMarketingExpenses": 0, "sellingGeneralAndAdministrativeExpenses": 6375000, "otherExpenses": 2629000, "operatingExpenses": 9004000, "costAndExpenses": 9449000, "interestIncome": 1647000, "interestExpense": 1647000, "depreciationAndAmortization": 2629000, "ebitda": 7967000, "ebitdaratio": 0.5387840671, "operatingIncome": 5338000, "operatingIncomeRatio": 0.3609927639, "totalOtherIncomeExpensesNet": 1647000, "incomeBeforeTax": 6985000, "incomeBeforeTaxRatio": 0.4723743829, "incomeTaxExpense": -3294000, "netIncome": 6985000, "netIncomeRatio": 0.4723743829, "eps": 0.98, "epsdiluted": 0.96, "weightedAverageShsOut": 7138952, "weightedAverageShsOutDil": 7285801, "link": "https://www.sec.gov/Archives/edgar/data/1677576/000114420419013981/0001144204-19-013981-index.htm", "finalLink": "https://www.sec.gov/Archives/edgar/data/1677576/000114420419013981/tv515308_10k.htm", "calculatedOtherExpenses": 2629000, "calculatedOperatingExpenses": 9004000, "calculatedNetInterest": 0, "calculatedOtherIncome": 1647000, "calculatedIncomeNonControlling": 3294000, "calculatedEbitda": 7967000}, {"date": "2017-12-31", "symbol": "IIPR", "reportedCurrency": "USD", "cik": "0001677576", "fillingDate": "2018-03-29", "acceptedDate": "2018-03-29 16:03:53", "calendarYear": "2017", "period": "FY", "revenue": 6420000, "costOfRevenue": 118000, "grossProfit": 6302000, "grossProfitRatio": 0.9816199377, "researchAndDevelopmentExpenses": 0, "generalAndAdministrativeExpenses": 5497000, "sellingAndMarketingExpenses": 0, "sellingGeneralAndAdministrativeExpenses": 5497000, "otherExpenses": 915000, "operatingExpenses": 6412000, "costAndExpenses": 6530000, "interestIncome": 151000, "interestExpense": 151000, "depreciationAndAmortization": 915000, "ebitda": 918000, "ebitdaratio": 0.1429906542, "operatingIncome": -223000, "operatingIncomeRatio": -0.0347352025, "totalOtherIncomeExpensesNet": -113000, "incomeBeforeTax": -72000, "incomeBeforeTaxRatio": -0.0112149533, "incomeTaxExpense": -76000, "netIncome": -72000, "netIncomeRatio": -0.0112149533, "eps": -0.0213, "epsdiluted": -0.0213, "weightedAverageShsOut": 3375284, "weightedAverageShsOutDil": 3375284, "link": "https://www.sec.gov/Archives/edgar/data/1677576/000114420418017926/0001144204-18-017926-index.htm", "finalLink": "https://www.sec.gov/Archives/edgar/data/1677576/000114420418017926/tv489362_10k.htm", "calculatedOtherExpenses": 1028000, "calculatedOperatingExpenses": 6525000, "calculatedNetInterest": 0, "calculatedOtherIncome": 151000, "calculatedIncomeNonControlling": 76000, "calculatedEbitda": 692000}, {"date": "2016-12-31", "symbol": "IIPR", "reportedCurrency": "USD", "cik": "0001677576", "fillingDate": "2017-03-23", "acceptedDate": "2017-03-23 16:18:19", "calendarYear": "2016", "period": "FY", "revenue": 321000, "costOfRevenue": 87000, "grossProfit": 234000, "grossProfitRatio": 0.7289719626, "researchAndDevelopmentExpenses": 0, "generalAndAdministrativeExpenses": 828000, "sellingAndMarketingExpenses": 0, "sellingGeneralAndAdministrativeExpenses": 828000, "otherExpenses": 91000, "operatingExpenses": 919000, "costAndExpenses": 1006000, "interestIncome": 0, "interestExpense": 0, "depreciationAndAmortization": 27000, "ebitda": 3049000, "ebitdaratio": 9.4984423676, "operatingIncome": -4392000, "operatingIncomeRatio": -13.6822429907, "totalOtherIncomeExpensesNet": -3707000, "incomeBeforeTax": -4392000, "incomeBeforeTaxRatio": -13.6822429907, "incomeTaxExpense": 7414000, "netIncome": -4392000, "netIncomeRatio": -13.6822429907, "eps": -4.56, "epsdiluted": -4.56, "weightedAverageShsOut": 962775, "weightedAverageShsOutDil": 962775, "link": "https://www.sec.gov/Archives/edgar/data/1677576/000114420417016274/0001144204-17-016274-index.htm", "finalLink": "https://www.sec.gov/Archives/edgar/data/1677576/000114420417016274/v461993_10k.htm", "calculatedOtherExpenses": 3798000, "calculatedOperatingExpenses": 4626000, "calculatedNetInterest": 0, "calculatedOtherIncome": 0, "calculatedIncomeNonControlling": -7414000, "calculatedEbitda": -4365000}, {"date": "2015-12-31", "symbol": "IIPR", "reportedCurrency": "USD", "cik": "0001677576", "fillingDate": "2015-12-31", "acceptedDate": "2015-12-31 00:00:00", "calendarYear": "2015", "period": "FY", "revenue": 5628169, "costOfRevenue": 0, "grossProfit": 5628169, "grossProfitRatio": 1, "researchAndDevelopmentExpenses": 0, "generalAndAdministrativeExpenses": 0, "sellingAndMarketingExpenses": 0, "sellingGeneralAndAdministrativeExpenses": 0, "otherExpenses": 0, "operatingExpenses": 641428, "costAndExpenses": 641428, "interestIncome": 0, "interestExpense": 0, "depreciationAndAmortization": 641429, "ebitda": 5628169, "ebitdaratio": 1, "operatingIncome": 4986740, "operatingIncomeRatio": 0.8860323846, "totalOtherIncomeExpensesNet": 0, "incomeBeforeTax": 4986740, "incomeBeforeTaxRatio": 0.8860323846, "incomeTaxExpense": 0, "netIncome": 4986740, "netIncomeRatio": 0.8860323846, "eps": 2.89, "epsdiluted": 2.89, "weightedAverageShsOut": 1728495, "weightedAverageShsOutDil": 1728495, "link": null, "finalLink": null, "calculatedOtherExpenses": 641429, "calculatedOperatingExpenses": 641429, "calculatedNetInterest": 0, "calculatedOtherIncome": 0, "calculatedIncomeNonControlling": 0, "calculatedEbitda": 5628169}]}