{"originalCurrency": "USD", "convertedCurrency": "USD", "report": [{"date": "2023-12-31", "symbol": "ILMN", "reportedCurrency": "USD", "cik": "0001110803", "fillingDate": "2024-02-16", "acceptedDate": "2024-02-16 16:21:12", "calendarYear": "2023", "period": "FY", "revenue": 4504000000, "costOfRevenue": 1754000000, "grossProfit": 2750000000, "grossProfitRatio": 0.6105683837, "researchAndDevelopmentExpenses": 1330000000, "generalAndAdministrativeExpenses": 0, "sellingAndMarketingExpenses": 0, "sellingGeneralAndAdministrativeExpenses": 1490000000, "otherExpenses": 1000000, "operatingExpenses": 2820000000, "costAndExpenses": 4574000000, "interestIncome": 58000000, "interestExpense": 77000000, "depreciationAndAmortization": 432000000, "ebitda": 362000000, "ebitdaratio": 0.0803730018, "operatingIncome": -70000000, "operatingIncomeRatio": -0.0155417407, "totalOtherIncomeExpensesNet": -1047000000, "incomeBeforeTax": -1117000000, "incomeBeforeTaxRatio": -0.2480017762, "incomeTaxExpense": 44000000, "netIncome": -1161000000, "netIncomeRatio": -0.2577708703, "eps": -7.35, "epsdiluted": -7.35, "weightedAverageShsOut": 158000000, "weightedAverageShsOutDil": 158000000, "link": "https://www.sec.gov/Archives/edgar/data/1110803/000111080324000010/0001110803-24-000010-index.htm", "finalLink": "https://www.sec.gov/Archives/edgar/data/1110803/000111080324000010/ilmn-20231231.htm", "calculatedOtherExpenses": 0, "calculatedOperatingExpenses": 2820000000, "calculatedNetInterest": -19000000, "calculatedOtherIncome": -1028000000, "calculatedIncomeNonControlling": 0, "calculatedEbitda": 362000000}, {"date": "2022-12-31", "symbol": "ILMN", "reportedCurrency": "USD", "cik": "0001110803", "fillingDate": "2023-02-17", "acceptedDate": "2023-02-17 16:06:30", "calendarYear": "2022", "period": "FY", "revenue": 4584000000, "costOfRevenue": 1612000000, "grossProfit": 2972000000, "grossProfitRatio": 0.6483420593, "researchAndDevelopmentExpenses": 1321000000, "generalAndAdministrativeExpenses": 0, "sellingAndMarketingExpenses": 0, "sellingGeneralAndAdministrativeExpenses": 1297000000, "otherExpenses": -157000000, "operatingExpenses": 2618000000, "costAndExpenses": 4230000000, "interestIncome": 11000000, "interestExpense": 26000000, "depreciationAndAmortization": 394000000, "ebitda": 4887000000, "ebitdaratio": 1.0660994764, "operatingIncome": -4179000000, "operatingIncomeRatio": -0.9116492147, "totalOtherIncomeExpensesNet": -157000000, "incomeBeforeTax": -4336000000, "incomeBeforeTaxRatio": -0.9458987784, "incomeTaxExpense": 68000000, "netIncome": -4404000000, "netIncomeRatio": -0.9607329843, "eps": -28.05, "epsdiluted": -28.05, "weightedAverageShsOut": 157000000, "weightedAverageShsOutDil": 157000000, "link": "https://www.sec.gov/Archives/edgar/data/1110803/000111080323000023/0001110803-23-000023-index.htm", "finalLink": "https://www.sec.gov/Archives/edgar/data/1110803/000111080323000023/ilmn-20230101.htm", "calculatedOtherExpenses": 4533000000, "calculatedOperatingExpenses": 7151000000, "calculatedNetInterest": -15000000, "calculatedOtherIncome": -142000000, "calculatedIncomeNonControlling": 0, "calculatedEbitda": -3785000000}, {"date": "2021-12-31", "symbol": "ILMN", "reportedCurrency": "USD", "cik": "0001110803", "fillingDate": "2022-02-18", "acceptedDate": "2022-02-18 15:11:17", "calendarYear": "2021", "period": "FY", "revenue": 4526000000, "costOfRevenue": 1372000000, "grossProfit": 3154000000, "grossProfitRatio": 0.6968625718, "researchAndDevelopmentExpenses": 1185000000, "generalAndAdministrativeExpenses": 0, "sellingAndMarketingExpenses": 0, "sellingGeneralAndAdministrativeExpenses": 2092000000, "otherExpenses": 1007000000, "operatingExpenses": 3277000000, "costAndExpenses": 4649000000, "interestIncome": 61000000, "interestExpense": 61000000, "depreciationAndAmortization": 251000000, "ebitda": -123000000, "ebitdaratio": -0.0271763146, "operatingIncome": -123000000, "operatingIncomeRatio": -0.0271763146, "totalOtherIncomeExpensesNet": 1007000000, "incomeBeforeTax": 884000000, "incomeBeforeTaxRatio": 0.1953159523, "incomeTaxExpense": 122000000, "netIncome": 762000000, "netIncomeRatio": 0.1683605833, "eps": 5.08, "epsdiluted": 5.05, "weightedAverageShsOut": 150000000, "weightedAverageShsOutDil": 151000000, "link": "https://www.sec.gov/Archives/edgar/data/1110803/000111080322000013/0001110803-22-000013-index.htm", "finalLink": "https://www.sec.gov/Archives/edgar/data/1110803/000111080322000013/ilmn-20220102.htm", "calculatedOtherExpenses": 0, "calculatedOperatingExpenses": 3277000000, "calculatedNetInterest": 0, "calculatedOtherIncome": 1007000000, "calculatedIncomeNonControlling": 0, "calculatedEbitda": 128000000}, {"date": "2020-12-31", "symbol": "ILMN", "reportedCurrency": "USD", "cik": "0001110803", "fillingDate": "2021-02-17", "acceptedDate": "2021-02-16 19:16:24", "calendarYear": "2020", "period": "FY", "revenue": 3239000000, "costOfRevenue": 1036000000, "grossProfit": 2203000000, "grossProfitRatio": 0.6801481939, "researchAndDevelopmentExpenses": 682000000, "generalAndAdministrativeExpenses": 0, "sellingAndMarketingExpenses": 0, "sellingGeneralAndAdministrativeExpenses": 941000000, "otherExpenses": 276000000, "operatingExpenses": 1623000000, "costAndExpenses": 2659000000, "interestIncome": 41000000, "interestExpense": 49000000, "depreciationAndAmortization": 187000000, "ebitda": 580000000, "ebitdaratio": 0.1790676135, "operatingIncome": 580000000, "operatingIncomeRatio": 0.1790676135, "totalOtherIncomeExpensesNet": 276000000, "incomeBeforeTax": 856000000, "incomeBeforeTaxRatio": 0.2642790985, "incomeTaxExpense": 200000000, "netIncome": 656000000, "netIncomeRatio": 0.2025316456, "eps": 4.46, "epsdiluted": 4.43, "weightedAverageShsOut": 147000000, "weightedAverageShsOutDil": 148000000, "link": "https://www.sec.gov/Archives/edgar/data/1110803/000111080321000015/0001110803-21-000015-index.htm", "finalLink": "https://www.sec.gov/Archives/edgar/data/1110803/000111080321000015/ilmn-20210103.htm", "calculatedOtherExpenses": 0, "calculatedOperatingExpenses": 1623000000, "calculatedNetInterest": -8000000, "calculatedOtherIncome": 284000000, "calculatedIncomeNonControlling": 0, "calculatedEbitda": 767000000}, {"date": "2019-12-29", "symbol": "ILMN", "reportedCurrency": "USD", "cik": "0001110803", "fillingDate": "2020-02-11", "acceptedDate": "2020-02-10 20:20:21", "calendarYear": "2019", "period": "FY", "revenue": 3543000000, "costOfRevenue": 1076000000, "grossProfit": 2467000000, "grossProfitRatio": 0.6963025684, "researchAndDevelopmentExpenses": 647000000, "generalAndAdministrativeExpenses": 0, "sellingAndMarketingExpenses": 0, "sellingGeneralAndAdministrativeExpenses": 835000000, "otherExpenses": 133000000, "operatingExpenses": 1482000000, "costAndExpenses": 2558000000, "interestIncome": 75000000, "interestExpense": 52000000, "depreciationAndAmortization": 188000000, "ebitda": 985000000, "ebitdaratio": 0.2780129833, "operatingIncome": 985000000, "operatingIncomeRatio": 0.2780129833, "totalOtherIncomeExpensesNet": 133000000, "incomeBeforeTax": 1118000000, "incomeBeforeTaxRatio": 0.3155517923, "incomeTaxExpense": 128000000, "netIncome": 1002000000, "netIncomeRatio": 0.282811177, "eps": 6.82, "epsdiluted": 6.72, "weightedAverageShsOut": 147000000, "weightedAverageShsOutDil": 149000000, "link": "https://www.sec.gov/Archives/edgar/data/1110803/000111080320000018/0001110803-20-000018-index.htm", "finalLink": "https://www.sec.gov/Archives/edgar/data/1110803/000111080320000018/form10-k2019classic.htm", "calculatedOtherExpenses": 0, "calculatedOperatingExpenses": 1482000000, "calculatedNetInterest": 23000000, "calculatedOtherIncome": 110000000, "calculatedIncomeNonControlling": -12000000, "calculatedEbitda": 1173000000}, {"date": "2018-12-30", "symbol": "ILMN", "reportedCurrency": "USD", "cik": "0001110803", "fillingDate": "2019-02-12", "acceptedDate": "2019-02-11 20:06:04", "calendarYear": "2018", "period": "FY", "revenue": 3333000000, "costOfRevenue": 1033000000, "grossProfit": 2300000000, "grossProfitRatio": 0.6900690069, "researchAndDevelopmentExpenses": 623000000, "generalAndAdministrativeExpenses": 0, "sellingAndMarketingExpenses": 0, "sellingGeneralAndAdministrativeExpenses": 794000000, "otherExpenses": 11000000, "operatingExpenses": 1417000000, "costAndExpenses": 2450000000, "interestIncome": 44000000, "interestExpense": 57000000, "depreciationAndAmortization": 179000000, "ebitda": 883000000, "ebitdaratio": 0.2649264926, "operatingIncome": 883000000, "operatingIncomeRatio": 0.2649264926, "totalOtherIncomeExpensesNet": 11000000, "incomeBeforeTax": 894000000, "incomeBeforeTaxRatio": 0.2682268227, "incomeTaxExpense": 112000000, "netIncome": 826000000, "netIncomeRatio": 0.2478247825, "eps": 5.62, "epsdiluted": 5.54, "weightedAverageShsOut": 147000000, "weightedAverageShsOutDil": 149000000, "link": "https://www.sec.gov/Archives/edgar/data/1110803/000111080319000013/0001110803-19-000013-index.htm", "finalLink": "https://www.sec.gov/Archives/edgar/data/1110803/000111080319000013/fy2018form10-k.htm", "calculatedOtherExpenses": 0, "calculatedOperatingExpenses": 1417000000, "calculatedNetInterest": -13000000, "calculatedOtherIncome": 24000000, "calculatedIncomeNonControlling": -44000000, "calculatedEbitda": 1062000000}, {"date": "2017-12-31", "symbol": "ILMN", "reportedCurrency": "USD", "cik": "0001110803", "fillingDate": "2018-02-13", "acceptedDate": "2018-02-12 19:09:09", "calendarYear": "2017", "period": "FY", "revenue": 2752000000, "costOfRevenue": 926000000, "grossProfit": 1826000000, "grossProfitRatio": 0.6635174419, "researchAndDevelopmentExpenses": 546000000, "generalAndAdministrativeExpenses": 0, "sellingAndMarketingExpenses": 0, "sellingGeneralAndAdministrativeExpenses": 674000000, "otherExpenses": 437000000, "operatingExpenses": 1220000000, "costAndExpenses": 2146000000, "interestIncome": 19000000, "interestExpense": 37000000, "depreciationAndAmortization": 156000000, "ebitda": 606000000, "ebitdaratio": 0.2202034884, "operatingIncome": 606000000, "operatingIncomeRatio": 0.2202034884, "totalOtherIncomeExpensesNet": 437000000, "incomeBeforeTax": 1043000000, "incomeBeforeTaxRatio": 0.378997093, "incomeTaxExpense": 365000000, "netIncome": 726000000, "netIncomeRatio": 0.2638081395, "eps": 4.97, "epsdiluted": 4.91, "weightedAverageShsOut": 146000000, "weightedAverageShsOutDil": 148000000, "link": "https://www.sec.gov/Archives/edgar/data/1110803/000111080318000009/0001110803-18-000009-index.htm", "finalLink": "https://www.sec.gov/Archives/edgar/data/1110803/000111080318000009/fy201710-k.htm", "calculatedOtherExpenses": 0, "calculatedOperatingExpenses": 1220000000, "calculatedNetInterest": -18000000, "calculatedOtherIncome": 455000000, "calculatedIncomeNonControlling": -48000000, "calculatedEbitda": 762000000}, {"date": "2016-12-31", "symbol": "ILMN", "reportedCurrency": "USD", "cik": "0001110803", "fillingDate": "2017-02-14", "acceptedDate": "2017-02-13 18:01:40", "calendarYear": "2016", "period": "FY", "revenue": 2398373000, "costOfRevenue": 731925000, "grossProfit": 1666448000, "grossProfitRatio": 0.6948243664, "researchAndDevelopmentExpenses": 504415000, "generalAndAdministrativeExpenses": 0, "sellingAndMarketingExpenses": 0, "sellingGeneralAndAdministrativeExpenses": 583005000, "otherExpenses": -25854000, "operatingExpenses": 1087420000, "costAndExpenses": 1819345000, "interestIncome": 9799000, "interestExpense": 33181000, "depreciationAndAmortization": 140915000, "ebitda": 571024000, "ebitdaratio": 0.2380880705, "operatingIncome": 587032000, "operatingIncomeRatio": 0.2447625953, "totalOtherIncomeExpensesNet": -25854000, "incomeBeforeTax": 561178000, "incomeBeforeTaxRatio": 0.2339827875, "incomeTaxExpense": 133088000, "netIncome": 462649000, "netIncomeRatio": 0.1929011876, "eps": 3.15, "epsdiluted": 3.13, "weightedAverageShsOut": 147000000, "weightedAverageShsOutDil": 148000000, "link": "https://www.sec.gov/Archives/edgar/data/1110803/000111080317000014/0001110803-17-000014-index.htm", "finalLink": "https://www.sec.gov/Archives/edgar/data/1110803/000111080317000014/fy201610-k.htm", "calculatedOtherExpenses": -8004000, "calculatedOperatingExpenses": 1079416000, "calculatedNetInterest": -23382000, "calculatedOtherIncome": -2472000, "calculatedIncomeNonControlling": -34559000, "calculatedEbitda": 727947000}, {"date": "2015-12-31", "symbol": "ILMN", "reportedCurrency": "USD", "cik": "0001110803", "fillingDate": "2016-03-02", "acceptedDate": "2016-03-02 16:10:02", "calendarYear": "2015", "period": "FY", "revenue": 2219762000, "costOfRevenue": 670472000, "grossProfit": 1549290000, "grossProfitRatio": 0.697953204, "researchAndDevelopmentExpenses": 401527000, "generalAndAdministrativeExpenses": 0, "sellingAndMarketingExpenses": 0, "sellingGeneralAndAdministrativeExpenses": 524657000, "otherExpenses": -29699000, "operatingExpenses": 926184000, "costAndExpenses": 1596656000, "interestIncome": 5024000, "interestExpense": 42121000, "depreciationAndAmortization": 126419000, "ebitda": 633371000, "ebitdaratio": 0.285332842, "operatingIncome": 612841000, "operatingIncomeRatio": 0.2760841027, "totalOtherIncomeExpensesNet": -39964000, "incomeBeforeTax": 583142000, "incomeBeforeTaxRatio": 0.2627047404, "incomeTaxExpense": 125752000, "netIncome": 461559000, "netIncomeRatio": 0.2079317512, "eps": 3.18, "epsdiluted": 3.1, "weightedAverageShsOut": 145000000, "weightedAverageShsOutDil": 149000000, "link": "https://www.sec.gov/Archives/edgar/data/1110803/000111080316000175/0001110803-16-000175-index.htm", "finalLink": "https://www.sec.gov/Archives/edgar/data/1110803/000111080316000175/fy201510-k.htm", "calculatedOtherExpenses": 10265000, "calculatedOperatingExpenses": 936449000, "calculatedNetInterest": -37097000, "calculatedOtherIncome": 7398000, "calculatedIncomeNonControlling": -4169000, "calculatedEbitda": 739260000}, {"date": "2014-12-28", "symbol": "ILMN", "reportedCurrency": "USD", "cik": "0001110803", "fillingDate": "2015-02-18", "acceptedDate": "2015-02-17 17:41:31", "calendarYear": "2014", "period": "FY", "revenue": 1861358000, "costOfRevenue": 563648000, "grossProfit": 1297710000, "grossProfitRatio": 0.6971845287, "researchAndDevelopmentExpenses": 388055000, "generalAndAdministrativeExpenses": 0, "sellingAndMarketingExpenses": 0, "sellingGeneralAndAdministrativeExpenses": 466283000, "otherExpenses": -65953000, "operatingExpenses": 854338000, "costAndExpenses": 1417986000, "interestIncome": 3901000, "interestExpense": 41728000, "depreciationAndAmortization": 112574000, "ebitda": 372033000, "ebitdaratio": 0.199871814, "operatingIncome": 514711000, "operatingIncomeRatio": 0.2765244515, "totalOtherIncomeExpensesNet": -65953000, "incomeBeforeTax": 448758000, "incomeBeforeTaxRatio": 0.2410917191, "incomeTaxExpense": 95407000, "netIncome": 353351000, "netIncomeRatio": 0.1898350559, "eps": 2.61, "epsdiluted": 2.37, "weightedAverageShsOut": 135553000, "weightedAverageShsOutDil": 148977000, "link": "https://www.sec.gov/Archives/edgar/data/1110803/000111080315000064/0001110803-15-000064-index.htm", "finalLink": "https://www.sec.gov/Archives/edgar/data/1110803/000111080315000064/fy1410-k.htm", "calculatedOtherExpenses": -71339000, "calculatedOperatingExpenses": 782999000, "calculatedNetInterest": -37827000, "calculatedOtherIncome": -28126000, "calculatedIncomeNonControlling": 0, "calculatedEbitda": 627285000}, {"date": "2013-12-29", "symbol": "ILMN", "reportedCurrency": "USD", "cik": "0001110803", "fillingDate": "2014-02-18", "acceptedDate": "2014-02-18 17:09:46", "calendarYear": "2013", "period": "FY", "revenue": 1421178000, "costOfRevenue": 509291000, "grossProfit": 911887000, "grossProfitRatio": 0.6416416522, "researchAndDevelopmentExpenses": 276743000, "generalAndAdministrativeExpenses": 0, "sellingAndMarketingExpenses": 0, "sellingGeneralAndAdministrativeExpenses": 381040000, "otherExpenses": 25207000, "operatingExpenses": 657783000, "costAndExpenses": 1167074000, "interestIncome": 4887000, "interestExpense": 39690000, "depreciationAndAmortization": 97925000, "ebitda": 374101000, "ebitdaratio": 0.2632330363, "operatingIncome": 134107000, "operatingIncomeRatio": 0.0943632677, "totalOtherIncomeExpensesNet": 25207000, "incomeBeforeTax": 159314000, "incomeBeforeTaxRatio": 0.1120999621, "incomeTaxExpense": 34006000, "netIncome": 125308000, "netIncomeRatio": 0.088171925, "eps": 1, "epsdiluted": 0.9, "weightedAverageShsOut": 125076000, "weightedAverageShsOutDil": 139936000, "link": "https://www.sec.gov/Archives/edgar/data/1110803/000111080314000087/0001110803-14-000087-index.htm", "finalLink": "https://www.sec.gov/Archives/edgar/data/1110803/000111080314000087/fy1310-k.htm", "calculatedOtherExpenses": 119997000, "calculatedOperatingExpenses": 777780000, "calculatedNetInterest": -34803000, "calculatedOtherIncome": 60010000, "calculatedIncomeNonControlling": 0, "calculatedEbitda": 232032000}, {"date": "2012-12-30", "symbol": "ILMN", "reportedCurrency": "USD", "cik": "0001110803", "fillingDate": "2013-02-15", "acceptedDate": "2013-02-15 17:07:55", "calendarYear": "2012", "period": "FY", "revenue": 1148516000, "costOfRevenue": 374988000, "grossProfit": 773528000, "grossProfitRatio": 0.6735021541, "researchAndDevelopmentExpenses": 231025000, "generalAndAdministrativeExpenses": 0, "sellingAndMarketingExpenses": 0, "sellingGeneralAndAdministrativeExpenses": 285991000, "otherExpenses": 21856000, "operatingExpenses": 517016000, "costAndExpenses": 892004000, "interestIncome": 16208000, "interestExpense": 37779000, "depreciationAndAmortization": 63790000, "ebitda": 312272000, "ebitdaratio": 0.2718917281, "operatingIncome": 200752000, "operatingIncomeRatio": 0.1747925149, "totalOtherIncomeExpensesNet": -33904000, "incomeBeforeTax": 222608000, "incomeBeforeTaxRatio": 0.1938222889, "incomeTaxExpense": 71354000, "netIncome": 151254000, "netIncomeRatio": 0.1316951614, "eps": 1.23, "epsdiluted": 1.13, "weightedAverageShsOut": 122999000, "weightedAverageShsOutDil": 133693000, "link": "https://www.sec.gov/Archives/edgar/data/1110803/000111080313000095/0001110803-13-000095-index.htm", "finalLink": "https://www.sec.gov/Archives/edgar/data/1110803/000111080313000095/ilmnfy1210k.htm", "calculatedOtherExpenses": 55760000, "calculatedOperatingExpenses": 572776000, "calculatedNetInterest": -21571000, "calculatedOtherIncome": 43427000, "calculatedIncomeNonControlling": 0, "calculatedEbitda": 264542000}, {"date": "2011-12-31", "symbol": "ILMN", "reportedCurrency": "USD", "cik": "0001110803", "fillingDate": "2012-02-24", "acceptedDate": "2012-02-23 19:18:37", "calendarYear": "2011", "period": "FY", "revenue": 1055535000, "costOfRevenue": 346437000, "grossProfit": 709098000, "grossProfitRatio": 0.6717901349, "researchAndDevelopmentExpenses": 196913000, "generalAndAdministrativeExpenses": 0, "sellingAndMarketingExpenses": 0, "sellingGeneralAndAdministrativeExpenses": 303669000, "otherExpenses": 0, "operatingExpenses": 500582000, "costAndExpenses": 847019000, "interestIncome": 7052000, "interestExpense": 34790000, "depreciationAndAmortization": 68264000, "ebitda": 283987000, "ebitdaratio": 0.2690455551, "operatingIncome": 199461000, "operatingIncomeRatio": 0.1889667325, "totalOtherIncomeExpensesNet": -75471000, "incomeBeforeTax": 133045000, "incomeBeforeTaxRatio": 0.1260450861, "incomeTaxExpense": 46417000, "netIncome": 86628000, "netIncomeRatio": 0.0820702298, "eps": 0.7, "epsdiluted": 0.62, "weightedAverageShsOut": 123399000, "weightedAverageShsOutDil": 138937000, "link": "https://www.sec.gov/Archives/edgar/data/1110803/000111080312000041/0001110803-12-000041-index.htm", "finalLink": "https://www.sec.gov/Archives/edgar/data/1110803/000111080312000041/ilmn-201110k.htm", "calculatedOtherExpenses": 9055000, "calculatedOperatingExpenses": 509637000, "calculatedNetInterest": -27738000, "calculatedOtherIncome": -38678000, "calculatedIncomeNonControlling": 0, "calculatedEbitda": 267725000}, {"date": "2010-12-31", "symbol": "ILMN", "reportedCurrency": "USD", "cik": "0001110803", "fillingDate": "2011-02-28", "acceptedDate": "2011-02-28 17:26:26", "calendarYear": "2010", "period": "FY", "revenue": 902741000, "costOfRevenue": 301201000, "grossProfit": 601540000, "grossProfitRatio": 0.6663483768, "researchAndDevelopmentExpenses": 177947000, "generalAndAdministrativeExpenses": 0, "sellingAndMarketingExpenses": 0, "sellingGeneralAndAdministrativeExpenses": 220990000, "otherExpenses": -9051000, "operatingExpenses": 389886000, "costAndExpenses": 691087000, "interestIncome": 8378000, "interestExpense": 24598000, "depreciationAndAmortization": 42009000, "ebitda": 237929000, "ebitdaratio": 0.2635628602, "operatingIncome": 211654000, "operatingIncomeRatio": 0.2344570591, "totalOtherIncomeExpensesNet": -26275000, "incomeBeforeTax": 185379000, "incomeBeforeTaxRatio": 0.205351258, "incomeTaxExpense": 60488000, "netIncome": 124891000, "netIncomeRatio": 0.138346436, "eps": 1.01, "epsdiluted": 0.87, "weightedAverageShsOut": 123581000, "weightedAverageShsOutDil": 143433000, "link": "https://www.sec.gov/Archives/edgar/data/1110803/000095012311019925/0000950123-11-019925-index.htm", "finalLink": "https://www.sec.gov/Archives/edgar/data/1110803/000095012311019925/a58258e10vk.htm", "calculatedOtherExpenses": -9051000, "calculatedOperatingExpenses": 389886000, "calculatedNetInterest": -16220000, "calculatedOtherIncome": -10055000, "calculatedIncomeNonControlling": 0, "calculatedEbitda": 253663000}, {"date": "2009-12-31", "symbol": "ILMN", "reportedCurrency": "USD", "cik": "0001110803", "fillingDate": "2010-02-26", "acceptedDate": "2010-02-26 17:31:14", "calendarYear": "2009", "period": "FY", "revenue": 666324000, "costOfRevenue": 205769000, "grossProfit": 460555000, "grossProfitRatio": 0.6911877705, "researchAndDevelopmentExpenses": 140616000, "generalAndAdministrativeExpenses": 0, "sellingAndMarketingExpenses": 0, "sellingGeneralAndAdministrativeExpenses": 176337000, "otherExpenses": 6680000, "operatingExpenses": 323633000, "costAndExpenses": 529402000, "interestIncome": 11029000, "interestExpense": 23718000, "depreciationAndAmortization": 6680000, "ebitda": 154927000, "ebitdaratio": 0.2325100101, "operatingIncome": 125597000, "operatingIncomeRatio": 0.1884923851, "totalOtherIncomeExpensesNet": -11325000, "incomeBeforeTax": 114125000, "incomeBeforeTaxRatio": 0.1712755356, "incomeTaxExpense": 41844000, "netIncome": 72281000, "netIncomeRatio": 0.1084772573, "eps": 0.59, "epsdiluted": 0.53, "weightedAverageShsOut": 123154000, "weightedAverageShsOutDil": 137096000, "link": "https://www.sec.gov/Archives/edgar/data/1110803/000095012310018433/0000950123-10-018433-index.htm", "finalLink": "https://www.sec.gov/Archives/edgar/data/1110803/000095012310018433/a55310e10vk.htm", "calculatedOtherExpenses": 18005000, "calculatedOperatingExpenses": 334958000, "calculatedNetInterest": -12689000, "calculatedOtherIncome": 1217000, "calculatedIncomeNonControlling": 0, "calculatedEbitda": 132277000}, {"date": "2008-12-28", "symbol": "ILMN", "reportedCurrency": "USD", "cik": "0001110803", "fillingDate": "2009-02-26", "acceptedDate": "2009-02-25 21:56:10", "calendarYear": "2008", "period": "FY", "revenue": 573225000, "costOfRevenue": 205624000, "grossProfit": 367601000, "grossProfitRatio": 0.6412857081, "researchAndDevelopmentExpenses": 99963000, "generalAndAdministrativeExpenses": 0, "sellingAndMarketingExpenses": 0, "sellingGeneralAndAdministrativeExpenses": 148014000, "otherExpenses": 14507000, "operatingExpenses": 262484000, "costAndExpenses": 468108000, "interestIncome": 12519000, "interestExpense": 42940000, "depreciationAndAmortization": 28927000, "ebitda": 162773000, "ebitdaratio": 0.2839600506, "operatingIncome": 80457000, "operatingIncomeRatio": 0.140358498, "totalOtherIncomeExpensesNet": 10449000, "incomeBeforeTax": 90906000, "incomeBeforeTaxRatio": 0.1585869423, "incomeTaxExpense": 40429000, "netIncome": 50477000, "netIncomeRatio": 0.0880579179, "eps": 0.43, "epsdiluted": 0.38, "weightedAverageShsOut": 116855000, "weightedAverageShsOutDil": 133607000, "link": "https://www.sec.gov/Archives/edgar/data/1110803/000093639209000092/0000936392-09-000092-index.htm", "finalLink": "https://www.sec.gov/Archives/edgar/data/1110803/000093639209000092/a51300e10vk.htm", "calculatedOtherExpenses": 39167000, "calculatedOperatingExpenses": 287144000, "calculatedNetInterest": -30421000, "calculatedOtherIncome": 40870000, "calculatedIncomeNonControlling": 0, "calculatedEbitda": 109384000}, {"date": "2007-12-30", "symbol": "ILMN", "reportedCurrency": "USD", "cik": "0001110803", "fillingDate": "2008-02-26", "acceptedDate": "2008-02-26 17:23:13", "calendarYear": "2007", "period": "FY", "revenue": 366799000, "costOfRevenue": 132436000, "grossProfit": 234363000, "grossProfitRatio": 0.6389412185, "researchAndDevelopmentExpenses": 73943000, "generalAndAdministrativeExpenses": 0, "sellingAndMarketingExpenses": 0, "sellingGeneralAndAdministrativeExpenses": 101256000, "otherExpenses": 56974000, "operatingExpenses": 232173000, "costAndExpenses": 364609000, "interestIncome": 16026000, "interestExpense": 648911000, "depreciationAndAmortization": 15824000, "ebitda": 375950000, "ebitdaratio": 1.0249482687, "operatingIncome": -301210000, "operatingIncomeRatio": -0.8211854449, "totalOtherIncomeExpensesNet": 12416000, "incomeBeforeTax": -288785000, "incomeBeforeTaxRatio": -0.7873113067, "incomeTaxExpense": -10426000, "netIncome": -278359000, "netIncomeRatio": -0.7588870199, "eps": -2.57, "epsdiluted": -2.57, "weightedAverageShsOut": 108308000, "weightedAverageShsOutDil": 108308000, "link": "https://www.sec.gov/Archives/edgar/data/1110803/000093639208000144/0000936392-08-000144-index.htm", "finalLink": "https://www.sec.gov/Archives/edgar/data/1110803/000093639208000144/a38423e10vk.htm", "calculatedOtherExpenses": 360374000, "calculatedOperatingExpenses": 535573000, "calculatedNetInterest": -632885000, "calculatedOtherIncome": 645310000, "calculatedIncomeNonControlling": 0, "calculatedEbitda": -285386000}, {"date": "2006-12-31", "symbol": "ILMN", "reportedCurrency": "USD", "cik": "0001110803", "fillingDate": "2007-02-28", "acceptedDate": "2007-02-28 15:06:48", "calendarYear": "2006", "period": "FY", "revenue": 184586000, "costOfRevenue": 59344000, "grossProfit": 125242000, "grossProfitRatio": 0.6785021616, "researchAndDevelopmentExpenses": 33373000, "generalAndAdministrativeExpenses": 0, "sellingAndMarketingExpenses": 0, "sellingGeneralAndAdministrativeExpenses": 54057000, "otherExpenses": 8073000, "operatingExpenses": 87430000, "costAndExpenses": 146774000, "interestIncome": 5368000, "interestExpense": -4808000, "depreciationAndAmortization": 5708000, "ebitda": 43520000, "ebitdaratio": 0.2357708602, "operatingIncome": 37812000, "operatingIncomeRatio": 0.2048476049, "totalOtherIncomeExpensesNet": 4808000, "incomeBeforeTax": 42620000, "incomeBeforeTaxRatio": 0.2308950841, "incomeTaxExpense": 2652000, "netIncome": 39968000, "netIncomeRatio": 0.2165277973, "eps": 0.45, "epsdiluted": 0.41, "weightedAverageShsOut": 89002000, "weightedAverageShsOutDil": 97508000, "link": "https://www.sec.gov/Archives/edgar/data/1110803/000093639207000158/0000936392-07-000158-index.htm", "finalLink": "https://www.sec.gov/Archives/edgar/data/1110803/000093639207000158/a27675e10vk.htm", "calculatedOtherExpenses": 0, "calculatedOperatingExpenses": 87430000, "calculatedNetInterest": 10176000, "calculatedOtherIncome": -5368000, "calculatedIncomeNonControlling": 0, "calculatedEbitda": 43520000}, {"date": "2005-12-31", "symbol": "ILMN", "reportedCurrency": "USD", "cik": "0001110803", "fillingDate": "2006-03-06", "acceptedDate": "2006-03-06 15:52:42", "calendarYear": "2005", "period": "FY", "revenue": 73501000, "costOfRevenue": 23181000, "grossProfit": 50320000, "grossProfitRatio": 0.6846165358, "researchAndDevelopmentExpenses": 27725000, "generalAndAdministrativeExpenses": 0, "sellingAndMarketingExpenses": 0, "sellingGeneralAndAdministrativeExpenses": 27972000, "otherExpenses": 270000, "operatingExpenses": 55967000, "costAndExpenses": 79148000, "interestIncome": 1404000, "interestExpense": 15800000, "depreciationAndAmortization": 3997000, "ebitda": 14150000, "ebitdaratio": 0.1925143876, "operatingIncome": -21447000, "operatingIncomeRatio": -0.2917919484, "totalOtherIncomeExpensesNet": -712000, "incomeBeforeTax": -5647000, "incomeBeforeTaxRatio": -0.0768288867, "incomeTaxExpense": 31027000, "netIncome": -20874000, "netIncomeRatio": -0.2839961361, "eps": -0.26, "epsdiluted": -0.26, "weightedAverageShsOut": 80294000, "weightedAverageShsOutDil": 80294000, "link": "https://www.sec.gov/Archives/edgar/data/1110803/000093639206000185/0000936392-06-000185-index.htm", "finalLink": "https://www.sec.gov/Archives/edgar/data/1110803/000093639206000185/a18011e10vk.htm", "calculatedOtherExpenses": 16070000, "calculatedOperatingExpenses": 71767000, "calculatedNetInterest": -14396000, "calculatedOtherIncome": 30196000, "calculatedIncomeNonControlling": -15800000, "calculatedEbitda": -17450000}, {"date": "2004-12-31", "symbol": "ILMN", "reportedCurrency": "USD", "cik": "0001110803", "fillingDate": "2005-03-08", "acceptedDate": "2005-03-08 16:57:35", "calendarYear": "2004", "period": "FY", "revenue": 50583000, "costOfRevenue": 13259000, "grossProfit": 37324000, "grossProfitRatio": 0.7378763616, "researchAndDevelopmentExpenses": 21114000, "generalAndAdministrativeExpenses": 0, "sellingAndMarketingExpenses": 0, "sellingGeneralAndAdministrativeExpenses": 25080000, "otherExpenses": -3357000, "operatingExpenses": 42837000, "costAndExpenses": 56096000, "interestIncome": 941000, "interestExpense": -4201000, "depreciationAndAmortization": 797000, "ebitda": -4716000, "ebitdaratio": -0.0932329043, "operatingIncome": -5513000, "operatingIncomeRatio": -0.1089891861, "totalOtherIncomeExpensesNet": 4201000, "incomeBeforeTax": -1312000, "incomeBeforeTaxRatio": -0.025937568, "incomeTaxExpense": -3489000, "netIncome": -6225000, "netIncomeRatio": -0.1230650614, "eps": -0.0868, "epsdiluted": -0.0868, "weightedAverageShsOut": 71690000, "weightedAverageShsOutDil": 71690000, "link": "https://www.sec.gov/Archives/edgar/data/1110803/000093639205000048/0000936392-05-000048-index.htm", "finalLink": "https://www.sec.gov/Archives/edgar/data/1110803/000093639205000048/a06414e10vk.htm", "calculatedOtherExpenses": -3357000, "calculatedOperatingExpenses": 42837000, "calculatedNetInterest": 5142000, "calculatedOtherIncome": -941000, "calculatedIncomeNonControlling": 8402000, "calculatedEbitda": -4716000}, {"date": "2003-12-28", "symbol": "ILMN", "reportedCurrency": "USD", "cik": "0001110803", "fillingDate": "2004-03-12", "acceptedDate": "2004-03-12 12:53:55", "calendarYear": "2003", "period": "FY", "revenue": 28035000, "costOfRevenue": 10037000, "grossProfit": 17998000, "grossProfitRatio": 0.6419832352, "researchAndDevelopmentExpenses": 22511000, "generalAndAdministrativeExpenses": 0, "sellingAndMarketingExpenses": 0, "sellingGeneralAndAdministrativeExpenses": 18899000, "otherExpenses": 3210000, "operatingExpenses": 44620000, "costAndExpenses": 54657000, "interestIncome": 1821000, "interestExpense": 756000, "depreciationAndAmortization": 8187000, "ebitda": -18435000, "ebitdaratio": -0.6575708935, "operatingIncome": -26622000, "operatingIncomeRatio": -0.9495987159, "totalOtherIncomeExpensesNet": -441000, "incomeBeforeTax": -27378000, "incomeBeforeTaxRatio": -0.976565008, "incomeTaxExpense": 1197000, "netIncome": -27063000, "netIncomeRatio": -0.965329053, "eps": -0.42, "epsdiluted": -0.42, "weightedAverageShsOut": 63850000, "weightedAverageShsOutDil": 63850000, "link": "https://www.sec.gov/Archives/edgar/data/1110803/000093639204000205/0000936392-04-000205-index.htm", "finalLink": "https://www.sec.gov/Archives/edgar/data/1110803/000093639204000205/a97110e10vk.htm", "calculatedOtherExpenses": 3210000, "calculatedOperatingExpenses": 44620000, "calculatedNetInterest": 1065000, "calculatedOtherIncome": -1821000, "calculatedIncomeNonControlling": -1512000, "calculatedEbitda": -18435000}, {"date": "2002-12-29", "symbol": "ILMN", "reportedCurrency": "USD", "cik": "0001110803", "fillingDate": "2003-03-27", "acceptedDate": "2003-03-27 13:15:46", "calendarYear": "2002", "period": "FY", "revenue": 10040000, "costOfRevenue": 3536000, "grossProfit": 6504000, "grossProfitRatio": 0.6478087649, "researchAndDevelopmentExpenses": 26848000, "generalAndAdministrativeExpenses": 0, "sellingAndMarketingExpenses": 0, "sellingGeneralAndAdministrativeExpenses": 9099000, "otherExpenses": 12412000, "operatingExpenses": 48359000, "costAndExpenses": 51895000, "interestIncome": 3805000, "interestExpense": 8052000, "depreciationAndAmortization": 17552000, "ebitda": -24303000, "ebitdaratio": -2.4206175299, "operatingIncome": -41855000, "operatingIncomeRatio": -4.1688247012, "totalOtherIncomeExpensesNet": 1524000, "incomeBeforeTax": -49907000, "incomeBeforeTaxRatio": -4.9708167331, "incomeTaxExpense": 6528000, "netIncome": -40331000, "netIncomeRatio": -4.0170318725, "eps": -0.65, "epsdiluted": -0.65, "weightedAverageShsOut": 61780000, "weightedAverageShsOutDil": 61780000, "link": "https://www.sec.gov/Archives/edgar/data/1110803/000093639203000348/0000936392-03-000348-index.htm", "finalLink": "https://www.sec.gov/Archives/edgar/data/1110803/000093639203000348/a88697e10vk.htm", "calculatedOtherExpenses": 12412000, "calculatedOperatingExpenses": 48359000, "calculatedNetInterest": -4247000, "calculatedOtherIncome": -3805000, "calculatedIncomeNonControlling": -16104000, "calculatedEbitda": -24303000}, {"date": "2001-12-30", "symbol": "ILMN", "reportedCurrency": "USD", "cik": "0001110803", "fillingDate": "2002-03-29", "acceptedDate": "2002-03-29 00:00:00", "calendarYear": "2001", "period": "FY", "revenue": 2486000, "costOfRevenue": 557000, "grossProfit": 1929000, "grossProfitRatio": 0.7759452936, "researchAndDevelopmentExpenses": 20735000, "generalAndAdministrativeExpenses": 5663000, "sellingAndMarketingExpenses": 0, "sellingGeneralAndAdministrativeExpenses": 5663000, "otherExpenses": 5850000, "operatingExpenses": 32248000, "costAndExpenses": 32805000, "interestIncome": 0, "interestExpense": 0, "depreciationAndAmortization": 7763000, "ebitda": -22556000, "ebitdaratio": -9.0732099759, "operatingIncome": -30319000, "operatingIncomeRatio": -12.1958970233, "totalOtherIncomeExpensesNet": 5496000, "incomeBeforeTax": -24823000, "incomeBeforeTaxRatio": -9.9851166533, "incomeTaxExpense": -5496000, "netIncome": -24823000, "netIncomeRatio": -9.9851166533, "eps": -0.42, "epsdiluted": -0.42, "weightedAverageShsOut": 59496000, "weightedAverageShsOutDil": 59496000, "link": "https://www.sec.gov/Archives/edgar/data/1110803/000093639202000357/0000936392-02-000357-index.htm", "finalLink": "https://www.sec.gov/Archives/edgar/data/1110803/000093639202000357/a80201e10-k405.htm", "calculatedOtherExpenses": 5850000, "calculatedOperatingExpenses": 32248000, "calculatedNetInterest": 0, "calculatedOtherIncome": 5496000, "calculatedIncomeNonControlling": 5496000, "calculatedEbitda": -22556000}, {"date": "2000-12-31", "symbol": "ILMN", "reportedCurrency": "USD", "cik": "0001110803", "fillingDate": "2001-03-29", "acceptedDate": "2001-03-29 00:00:00", "calendarYear": "2000", "period": "FY", "revenue": 1309111, "costOfRevenue": -398163, "grossProfit": 1707274, "grossProfitRatio": 1.3041476238, "researchAndDevelopmentExpenses": 13554365, "generalAndAdministrativeExpenses": 0, "sellingAndMarketingExpenses": 0, "sellingGeneralAndAdministrativeExpenses": 4193031, "otherExpenses": 7195238, "operatingExpenses": 24942634, "costAndExpenses": 24544471, "interestIncome": 0, "interestExpense": 0, "depreciationAndAmortization": 7195238, "ebitda": -16040122, "ebitdaratio": -12.2526829276, "operatingIncome": -23235360, "operatingIncomeRatio": -17.7489609361, "totalOtherIncomeExpensesNet": 0, "incomeBeforeTax": 0, "incomeBeforeTaxRatio": 0, "incomeTaxExpense": -4628895, "netIncome": -18606465, "netIncomeRatio": -14.2130537441, "eps": -0.69, "epsdiluted": -0.69, "weightedAverageShsOut": 27114000, "weightedAverageShsOutDil": 27114000, "link": "https://www.sec.gov/Archives/edgar/data/1110803/000109581101001897/0001095811-01-001897-index.htm", "finalLink": "https://www.sec.gov/Archives/edgar/data/1110803/000109581101001897/a70098e10-k.txt", "calculatedOtherExpenses": 7195238, "calculatedOperatingExpenses": 24942634, "calculatedNetInterest": 0, "calculatedOtherIncome": 23235360, "calculatedIncomeNonControlling": 23235360, "calculatedEbitda": -16040122}, {"date": "1999-12-31", "symbol": "ILMN", "reportedCurrency": "USD", "cik": "0001110803", "fillingDate": "1999-12-31", "acceptedDate": "1999-12-31 00:00:00", "calendarYear": "1999", "period": "FY", "revenue": 474026, "costOfRevenue": -96367, "grossProfit": 570393, "grossProfitRatio": 1.203294756, "researchAndDevelopmentExpenses": 4085743, "generalAndAdministrativeExpenses": 0, "sellingAndMarketingExpenses": 0, "sellingGeneralAndAdministrativeExpenses": 1348870, "otherExpenses": 1054189, "operatingExpenses": 6488802, "costAndExpenses": 6392435, "interestIncome": 0, "interestExpense": 0, "depreciationAndAmortization": 1054189, "ebitda": -4864220, "ebitdaratio": -10.2615046432, "operatingIncome": -5918409, "operatingIncomeRatio": -12.485410083, "totalOtherIncomeExpensesNet": 0, "incomeBeforeTax": 0, "incomeBeforeTaxRatio": 0, "incomeTaxExpense": -400764, "netIncome": -5517645, "netIncomeRatio": -11.6399627869, "eps": -1.96, "epsdiluted": -1.96, "weightedAverageShsOut": 2820450, "weightedAverageShsOutDil": 2820450, "link": null, "finalLink": null, "calculatedOtherExpenses": 1054189, "calculatedOperatingExpenses": 6488802, "calculatedNetInterest": 0, "calculatedOtherIncome": 5918409, "calculatedIncomeNonControlling": 5918409, "calculatedEbitda": -4864220}]}