{"originalCurrency": "CAD", "convertedCurrency": "CAD", "report": [{"date": "2023-12-31", "symbol": "IMO", "reportedCurrency": "CAD", "cik": "0000049938", "fillingDate": "2023-12-31", "acceptedDate": "2023-12-29 19:00:00", "calendarYear": "2023", "period": "FY", "revenue": 68792194918, "costOfRevenue": 53019753045, "grossProfit": 15772441873, "grossProfitRatio": 0.2292766191, "researchAndDevelopmentExpenses": 84000000, "generalAndAdministrativeExpenses": 939000000, "sellingAndMarketingExpenses": 217681728, "sellingGeneralAndAdministrativeExpenses": 1156681728, "otherExpenses": -6019603860, "operatingExpenses": 7176285588, "costAndExpenses": 60196038638, "interestIncome": 340000000, "interestExpense": 69000000, "depreciationAndAmortization": 2573853042, "ebitda": 11170009320, "ebitdaratio": 0.1623732072, "operatingIncome": 8596156280, "operatingIncomeRatio": 0.124958308, "totalOtherIncomeExpensesNet": -0.03549957275390625, "incomeBeforeTax": 8596156279, "incomeBeforeTaxRatio": 0.124958308, "incomeTaxExpense": 1997536708, "netIncome": 6598619571, "netIncomeRatio": 0.09592105, "eps": 11.48, "epsdiluted": 11.46, "weightedAverageShsOut": 574800000, "weightedAverageShsOutDil": 575900000, "link": null, "finalLink": null, "calculatedOtherExpenses": 5935603865, "calculatedOperatingExpenses": 7176285593, "calculatedNetInterest": 271000000, "calculatedOtherIncome": -271000001, "calculatedIncomeNonControlling": 0, "calculatedEbitda": 11170009322}, {"date": "2022-12-31", "symbol": "IMO", "reportedCurrency": "CAD", "cik": "0000049938", "fillingDate": "2023-02-22", "acceptedDate": "2023-02-22 16:16:18", "calendarYear": "2022", "period": "FY", "revenue": 57234000000, "costOfRevenue": 47043000000, "grossProfit": 10191000000, "grossProfitRatio": 0.1780584967, "researchAndDevelopmentExpenses": 74000000, "generalAndAdministrativeExpenses": 899000000, "sellingAndMarketingExpenses": -17000000, "sellingGeneralAndAdministrativeExpenses": 882000000, "otherExpenses": 5000000, "operatingExpenses": 887000000, "costAndExpenses": 47930000000, "interestIncome": 415000000, "interestExpense": 60000000, "depreciationAndAmortization": 1897000000, "ebitda": 11184000000, "ebitdaratio": 0.1954083237, "operatingIncome": 9287000000, "operatingIncomeRatio": 0.1622636894, "totalOtherIncomeExpensesNet": 197000000, "incomeBeforeTax": 9484000000, "incomeBeforeTaxRatio": 0.1657056994, "incomeTaxExpense": 2144000000, "netIncome": 7340000000, "netIncomeRatio": 0.1282454485, "eps": 11.47, "epsdiluted": 11.44, "weightedAverageShsOut": 640200000, "weightedAverageShsOutDil": 641500000, "link": "https://www.sec.gov/Archives/edgar/data/49938/000004993823000015/0000049938-23-000015-index.htm", "finalLink": "https://www.sec.gov/Archives/edgar/data/49938/000004993823000015/imo-20221231.htm", "calculatedOtherExpenses": -52000000, "calculatedOperatingExpenses": 904000000, "calculatedNetInterest": 355000000, "calculatedOtherIncome": -158000000, "calculatedIncomeNonControlling": 0, "calculatedEbitda": 11184000000}, {"date": "2021-12-31", "symbol": "IMO", "reportedCurrency": "CAD", "cik": "0000049938", "fillingDate": "2022-02-23", "acceptedDate": "2022-02-23 16:28:54", "calendarYear": "2021", "period": "FY", "revenue": 37590000000, "costOfRevenue": 31467000000, "grossProfit": 6123000000, "grossProfitRatio": 0.1628890662, "researchAndDevelopmentExpenses": 89000000, "generalAndAdministrativeExpenses": 826000000, "sellingAndMarketingExpenses": -42000000, "sellingGeneralAndAdministrativeExpenses": 784000000, "otherExpenses": 32000000, "operatingExpenses": 816000000, "costAndExpenses": 32283000000, "interestIncome": 131000000, "interestExpense": 54000000, "depreciationAndAmortization": 1977000000, "ebitda": 39567000000, "ebitdaratio": 1.0525937749, "operatingIncome": 37590000000, "operatingIncomeRatio": 1, "totalOtherIncomeExpensesNet": -34307000000, "incomeBeforeTax": 3283000000, "incomeBeforeTaxRatio": 0.0873370577, "incomeTaxExpense": 804000000, "netIncome": 2479000000, "netIncomeRatio": 0.0659483905, "eps": 3.48, "epsdiluted": 3.48, "weightedAverageShsOut": 712356322, "weightedAverageShsOutDil": 713200000, "link": "https://www.sec.gov/Archives/edgar/data/49938/000119312522049999/0001193125-22-049999-index.htm", "finalLink": "https://www.sec.gov/Archives/edgar/data/49938/000119312522049999/d259423d10k.htm", "calculatedOtherExpenses": -32340000000, "calculatedOperatingExpenses": -31467000000, "calculatedNetInterest": 77000000, "calculatedOtherIncome": -34384000000, "calculatedIncomeNonControlling": 0, "calculatedEbitda": 39567000000}, {"date": "2020-12-31", "symbol": "IMO", "reportedCurrency": "CAD", "cik": "0000049938", "fillingDate": "2021-02-24", "acceptedDate": "2021-02-24 16:11:22", "calendarYear": "2020", "period": "FY", "revenue": 20548000000, "costOfRevenue": 22121000000, "grossProfit": -1573000000, "grossProfitRatio": -0.0765524625, "researchAndDevelopmentExpenses": 105000000, "generalAndAdministrativeExpenses": 862000000, "sellingAndMarketingExpenses": -121000000, "sellingGeneralAndAdministrativeExpenses": 741000000, "otherExpenses": 13000000, "operatingExpenses": 754000000, "costAndExpenses": 22875000000, "interestIncome": 69000000, "interestExpense": 64000000, "depreciationAndAmortization": 3273000000, "ebitda": 825000000, "ebitdaratio": 0.0401498929, "operatingIncome": -2448000000, "operatingIncomeRatio": -0.1191356823, "totalOtherIncomeExpensesNet": 40000000, "incomeBeforeTax": -2408000000, "incomeBeforeTaxRatio": -0.1171890208, "incomeTaxExpense": -551000000, "netIncome": -1857000000, "netIncomeRatio": -0.090373759, "eps": -2.53, "epsdiluted": -2.53, "weightedAverageShsOut": 733992094, "weightedAverageShsOutDil": 735300000, "link": "https://www.sec.gov/Archives/edgar/data/49938/000119312521054626/0001193125-21-054626-index.htm", "finalLink": "https://www.sec.gov/Archives/edgar/data/49938/000119312521054626/d96899d10k.htm", "calculatedOtherExpenses": 29000000, "calculatedOperatingExpenses": 875000000, "calculatedNetInterest": 5000000, "calculatedOtherIncome": 35000000, "calculatedIncomeNonControlling": 0, "calculatedEbitda": 825000000}, {"date": "2019-12-31", "symbol": "IMO", "reportedCurrency": "CAD", "cik": "0000049938", "fillingDate": "2020-02-26", "acceptedDate": "2020-02-26 17:30:18", "calendarYear": "2019", "period": "FY", "revenue": 32194000000, "costOfRevenue": 29064000000, "grossProfit": 3130000000, "grossProfitRatio": 0.097223085, "researchAndDevelopmentExpenses": 133000000, "generalAndAdministrativeExpenses": 1043000000, "sellingAndMarketingExpenses": -143000000, "sellingGeneralAndAdministrativeExpenses": 900000000, "otherExpenses": 47000000, "operatingExpenses": 947000000, "costAndExpenses": 30011000000, "interestIncome": 53000000, "interestExpense": 93000000, "depreciationAndAmortization": 1598000000, "ebitda": 3638000000, "ebitdaratio": 0.1130024228, "operatingIncome": 2040000000, "operatingIncomeRatio": 0.0633658446, "totalOtherIncomeExpensesNet": 6000000, "incomeBeforeTax": 2046000000, "incomeBeforeTaxRatio": 0.0635522147, "incomeTaxExpense": -154000000, "netIncome": 2200000000, "netIncomeRatio": 0.0683357147, "eps": 2.88, "epsdiluted": 2.88, "weightedAverageShsOut": 762700000, "weightedAverageShsOutDil": 765000000, "link": "https://www.sec.gov/Archives/edgar/data/49938/000119312520050268/0001193125-20-050268-index.htm", "finalLink": "https://www.sec.gov/Archives/edgar/data/49938/000119312520050268/d849034d10k.htm", "calculatedOtherExpenses": 57000000, "calculatedOperatingExpenses": 1090000000, "calculatedNetInterest": -40000000, "calculatedOtherIncome": 46000000, "calculatedIncomeNonControlling": 0, "calculatedEbitda": 3638000000}, {"date": "2018-12-31", "symbol": "IMO", "reportedCurrency": "CAD", "cik": "0000049938", "fillingDate": "2019-02-27", "acceptedDate": "2019-02-27 16:44:55", "calendarYear": "2018", "period": "FY", "revenue": 33297000000, "costOfRevenue": 29217000000, "grossProfit": 4080000000, "grossProfitRatio": 0.1225335616, "researchAndDevelopmentExpenses": 110000000, "generalAndAdministrativeExpenses": 1015000000, "sellingAndMarketingExpenses": -107000000, "sellingGeneralAndAdministrativeExpenses": 908000000, "otherExpenses": -107000000, "operatingExpenses": 927000000, "costAndExpenses": 30144000000, "interestIncome": 0, "interestExpense": 108000000, "depreciationAndAmortization": 1509000000, "ebitda": 4555000000, "ebitdaratio": 0.136799111, "operatingIncome": 3153000000, "operatingIncomeRatio": 0.0946932156, "totalOtherIncomeExpensesNet": 28000000, "incomeBeforeTax": 3073000000, "incomeBeforeTaxRatio": 0.0922905968, "incomeTaxExpense": 759000000, "netIncome": 2314000000, "netIncomeRatio": 0.0694957504, "eps": 2.87, "epsdiluted": 2.86, "weightedAverageShsOut": 807500000, "weightedAverageShsOutDil": 810100000, "link": "https://www.sec.gov/Archives/edgar/data/49938/000119312519054202/0001193125-19-054202-index.htm", "finalLink": "https://www.sec.gov/Archives/edgar/data/49938/000119312519054202/d643211d10k.htm", "calculatedOtherExpenses": -91000000, "calculatedOperatingExpenses": 927000000, "calculatedNetInterest": -108000000, "calculatedOtherIncome": 28000000, "calculatedIncomeNonControlling": 0, "calculatedEbitda": 4662000000}, {"date": "2017-12-31", "symbol": "IMO", "reportedCurrency": "CAD", "cik": "0000049938", "fillingDate": "2018-03-01", "acceptedDate": "2018-02-28 18:54:14", "calendarYear": "2017", "period": "FY", "revenue": 27452000000, "costOfRevenue": 26015000000, "grossProfit": 1437000000, "grossProfitRatio": 0.0523459129, "researchAndDevelopmentExpenses": 111000000, "generalAndAdministrativeExpenses": 893000000, "sellingAndMarketingExpenses": 0, "sellingGeneralAndAdministrativeExpenses": 893000000, "otherExpenses": 183000000, "operatingExpenses": 1076000000, "costAndExpenses": 27091000000, "interestIncome": 0, "interestExpense": 78000000, "depreciationAndAmortization": 2172000000, "ebitda": 2533000000, "ebitdaratio": 0.0922701443, "operatingIncome": 361000000, "operatingIncomeRatio": 0.0131502258, "totalOtherIncomeExpensesNet": 299000000, "incomeBeforeTax": 582000000, "incomeBeforeTaxRatio": 0.0212006411, "incomeTaxExpense": 92000000, "netIncome": 490000000, "netIncomeRatio": 0.017849337, "eps": 0.58, "epsdiluted": 0.58, "weightedAverageShsOut": 842900000, "weightedAverageShsOutDil": 845700000, "link": "https://www.sec.gov/Archives/edgar/data/49938/000119312518064765/0001193125-18-064765-index.htm", "finalLink": "https://www.sec.gov/Archives/edgar/data/49938/000119312518064765/d490359d10k.htm", "calculatedOtherExpenses": 72000000, "calculatedOperatingExpenses": 1076000000, "calculatedNetInterest": -78000000, "calculatedOtherIncome": 299000000, "calculatedIncomeNonControlling": 0, "calculatedEbitda": 2533000000}, {"date": "2016-12-31", "symbol": "IMO", "reportedCurrency": "CAD", "cik": "0000049938", "fillingDate": "2017-02-23", "acceptedDate": "2017-02-22 19:23:15", "calendarYear": "2016", "period": "FY", "revenue": 23399000000, "costOfRevenue": 21972000000, "grossProfit": 1427000000, "grossProfitRatio": 0.0609855122, "researchAndDevelopmentExpenses": 152000000, "generalAndAdministrativeExpenses": 1129000000, "sellingAndMarketingExpenses": 0, "sellingGeneralAndAdministrativeExpenses": 1129000000, "otherExpenses": 94000000, "operatingExpenses": 1223000000, "costAndExpenses": 23195000000, "interestIncome": 7000000, "interestExpense": 72000000, "depreciationAndAmortization": 1628000000, "ebitda": 1839000000, "ebitdaratio": 0.0785931023, "operatingIncome": 204000000, "operatingIncomeRatio": 0.0087183213, "totalOtherIncomeExpensesNet": 2305000000, "incomeBeforeTax": 2444000000, "incomeBeforeTaxRatio": 0.1044489081, "incomeTaxExpense": 279000000, "netIncome": 2165000000, "netIncomeRatio": 0.0925253216, "eps": 2.55, "epsdiluted": 2.55, "weightedAverageShsOut": 847600000, "weightedAverageShsOutDil": 850500000, "link": "https://www.sec.gov/Archives/edgar/data/49938/000119312517052422/0001193125-17-052422-index.htm", "finalLink": "https://www.sec.gov/Archives/edgar/data/49938/000119312517052422/d297427d10k.htm", "calculatedOtherExpenses": -58000000, "calculatedOperatingExpenses": 1223000000, "calculatedNetInterest": -65000000, "calculatedOtherIncome": 2305000000, "calculatedIncomeNonControlling": 0, "calculatedEbitda": 1832000000}, {"date": "2015-12-31", "symbol": "IMO", "reportedCurrency": "CAD", "cik": "0000049938", "fillingDate": "2016-02-24", "acceptedDate": "2016-02-24 16:17:28", "calendarYear": "2015", "period": "FY", "revenue": 25188000000, "costOfRevenue": 22168000000, "grossProfit": 3020000000, "grossProfitRatio": 0.1198983643, "researchAndDevelopmentExpenses": 149000000, "generalAndAdministrativeExpenses": 1117000000, "sellingAndMarketingExpenses": 0, "sellingGeneralAndAdministrativeExpenses": 1117000000, "otherExpenses": 73000000, "operatingExpenses": 1190000000, "costAndExpenses": 23358000000, "interestIncome": 0, "interestExpense": 39000000, "depreciationAndAmortization": 1450000000, "ebitda": 3280000000, "ebitdaratio": 0.13022074, "operatingIncome": 1830000000, "operatingIncomeRatio": 0.0726536446, "totalOtherIncomeExpensesNet": 132000000, "incomeBeforeTax": 1923000000, "incomeBeforeTaxRatio": 0.076345879, "incomeTaxExpense": 801000000, "netIncome": 1122000000, "netIncomeRatio": 0.0445450214, "eps": 1.32, "epsdiluted": 1.32, "weightedAverageShsOut": 847600000, "weightedAverageShsOutDil": 850600000, "link": "https://www.sec.gov/Archives/edgar/data/49938/000119312516475769/0001193125-16-475769-index.htm", "finalLink": "https://www.sec.gov/Archives/edgar/data/49938/000119312516475769/d105045d10k.htm", "calculatedOtherExpenses": -76000000, "calculatedOperatingExpenses": 1190000000, "calculatedNetInterest": -39000000, "calculatedOtherIncome": 132000000, "calculatedIncomeNonControlling": 0, "calculatedEbitda": 3280000000}, {"date": "2014-12-31", "symbol": "IMO", "reportedCurrency": "CAD", "cik": "0000049938", "fillingDate": "2015-02-25", "acceptedDate": "2015-02-25 16:11:11", "calendarYear": "2014", "period": "FY", "revenue": 34669000000, "costOfRevenue": 29237000000, "grossProfit": 5432000000, "grossProfitRatio": 0.1566817618, "researchAndDevelopmentExpenses": 175000000, "generalAndAdministrativeExpenses": 1075000000, "sellingAndMarketingExpenses": 0, "sellingGeneralAndAdministrativeExpenses": 1075000000, "otherExpenses": 67000000, "operatingExpenses": 1142000000, "costAndExpenses": 30379000000, "interestIncome": -4000000, "interestExpense": 4000000, "depreciationAndAmortization": 1096000000, "ebitda": 5386000000, "ebitdaratio": 0.155354928, "operatingIncome": 4290000000, "operatingIncomeRatio": 0.1237416712, "totalOtherIncomeExpensesNet": 735000000, "incomeBeforeTax": 5021000000, "incomeBeforeTaxRatio": 0.1448267905, "incomeTaxExpense": 1236000000, "netIncome": 3785000000, "netIncomeRatio": 0.109175344, "eps": 4.47, "epsdiluted": 4.45, "weightedAverageShsOut": 847600000, "weightedAverageShsOutDil": 850600000, "link": "https://www.sec.gov/Archives/edgar/data/49938/000119312515062525/0001193125-15-062525-index.htm", "finalLink": "https://www.sec.gov/Archives/edgar/data/49938/000119312515062525/d834284d10k.htm", "calculatedOtherExpenses": -108000000, "calculatedOperatingExpenses": 1142000000, "calculatedNetInterest": -8000000, "calculatedOtherIncome": 739000000, "calculatedIncomeNonControlling": 0, "calculatedEbitda": 5386000000}, {"date": "2013-12-31", "symbol": "IMO", "reportedCurrency": "CAD", "cik": "0000049938", "fillingDate": "2014-02-26", "acceptedDate": "2014-02-26 07:04:09", "calendarYear": "2013", "period": "FY", "revenue": 31299000000, "costOfRevenue": 26553000000, "grossProfit": 4746000000, "grossProfitRatio": 0.1516342375, "researchAndDevelopmentExpenses": 199000000, "generalAndAdministrativeExpenses": 1082000000, "sellingAndMarketingExpenses": 0, "sellingGeneralAndAdministrativeExpenses": 1082000000, "otherExpenses": 123000000, "operatingExpenses": 1205000000, "costAndExpenses": 27758000000, "interestIncome": 69000000, "interestExpense": 11000000, "depreciationAndAmortization": 1110000000, "ebitda": 4651000000, "ebitdaratio": 0.1485989968, "operatingIncome": 3541000000, "operatingIncomeRatio": 0.1131346049, "totalOtherIncomeExpensesNet": 207000000, "incomeBeforeTax": 3737000000, "incomeBeforeTaxRatio": 0.1193967858, "incomeTaxExpense": 909000000, "netIncome": 2828000000, "netIncomeRatio": 0.0903543244, "eps": 3.34, "epsdiluted": 3.32, "weightedAverageShsOut": 847600000, "weightedAverageShsOutDil": 850600000, "link": "https://www.sec.gov/Archives/edgar/data/49938/000119312514068340/0001193125-14-068340-index.htm", "finalLink": "https://www.sec.gov/Archives/edgar/data/49938/000119312514068340/d640283d10k.htm", "calculatedOtherExpenses": -76000000, "calculatedOperatingExpenses": 1205000000, "calculatedNetInterest": 58000000, "calculatedOtherIncome": 138000000, "calculatedIncomeNonControlling": 0, "calculatedEbitda": 4651000000}, {"date": "2012-12-31", "symbol": "IMO", "reportedCurrency": "CAD", "cik": "0000049938", "fillingDate": "2013-02-27", "acceptedDate": "2013-02-27 08:51:07", "calendarYear": "2012", "period": "FY", "revenue": 29715000000, "costOfRevenue": 23694000000, "grossProfit": 6021000000, "grossProfitRatio": 0.2026249369, "researchAndDevelopmentExpenses": 201000000, "generalAndAdministrativeExpenses": 1081000000, "sellingAndMarketingExpenses": 0, "sellingGeneralAndAdministrativeExpenses": 1081000000, "otherExpenses": 1164000000, "operatingExpenses": 1164000000, "costAndExpenses": 24858000000, "interestIncome": 1000000, "interestExpense": -1000000, "depreciationAndAmortization": 761000000, "ebitda": 5619000000, "ebitdaratio": 0.189096416, "operatingIncome": 4857000000, "operatingIncomeRatio": 0.1634528016, "totalOtherIncomeExpensesNet": 135000000, "incomeBeforeTax": 4993000000, "incomeBeforeTaxRatio": 0.1680296147, "incomeTaxExpense": 1227000000, "netIncome": 3766000000, "netIncomeRatio": 0.126737338, "eps": 4.44, "epsdiluted": 4.42, "weightedAverageShsOut": 847700000, "weightedAverageShsOutDil": 851100000, "link": "https://www.sec.gov/Archives/edgar/data/49938/000119312513078520/0001193125-13-078520-index.htm", "finalLink": "https://www.sec.gov/Archives/edgar/data/49938/000119312513078520/d453755d10k.htm", "calculatedOtherExpenses": -118000000, "calculatedOperatingExpenses": 1164000000, "calculatedNetInterest": 2000000, "calculatedOtherIncome": 134000000, "calculatedIncomeNonControlling": 0, "calculatedEbitda": 5618000000}, {"date": "2011-12-31", "symbol": "IMO", "reportedCurrency": "CAD", "cik": "0000049938", "fillingDate": "2012-02-27", "acceptedDate": "2012-02-27 14:22:48", "calendarYear": "2011", "period": "FY", "revenue": 30714000000, "costOfRevenue": 23053000000, "grossProfit": 7661000000, "grossProfitRatio": 0.2494302273, "researchAndDevelopmentExpenses": 0, "generalAndAdministrativeExpenses": 0, "sellingAndMarketingExpenses": 0, "sellingGeneralAndAdministrativeExpenses": 1168000000, "otherExpenses": 3252000000, "operatingExpenses": 3252000000, "costAndExpenses": 26305000000, "interestIncome": 0, "interestExpense": 3000000, "depreciationAndAmortization": 764000000, "ebitda": 5173000000, "ebitdaratio": 0.1684248226, "operatingIncome": 4409000000, "operatingIncomeRatio": 0.1435501726, "totalOtherIncomeExpensesNet": -3000000, "incomeBeforeTax": 4406000000, "incomeBeforeTaxRatio": 0.1434524972, "incomeTaxExpense": 1035000000, "netIncome": 3371000000, "netIncomeRatio": 0.1097545093, "eps": 3.98, "epsdiluted": 3.95, "weightedAverageShsOut": 847700000, "weightedAverageShsOutDil": 853600000, "link": "https://www.sec.gov/Archives/edgar/data/49938/000119312512081083/0001193125-12-081083-index.htm", "finalLink": "https://www.sec.gov/Archives/edgar/data/49938/000119312512081083/d269075d10k.htm", "calculatedOtherExpenses": 2084000000, "calculatedOperatingExpenses": 3252000000, "calculatedNetInterest": -3000000, "calculatedOtherIncome": 0, "calculatedIncomeNonControlling": 0, "calculatedEbitda": 5173000000}, {"date": "2010-12-31", "symbol": "IMO", "reportedCurrency": "CAD", "cik": "0000049938", "fillingDate": "2011-02-25", "acceptedDate": "2011-02-25 16:16:04", "calendarYear": "2010", "period": "FY", "revenue": 24946000000, "costOfRevenue": 18998000000, "grossProfit": 5948000000, "grossProfitRatio": 0.2384350196, "researchAndDevelopmentExpenses": 0, "generalAndAdministrativeExpenses": 0, "sellingAndMarketingExpenses": 0, "sellingGeneralAndAdministrativeExpenses": 1070000000, "otherExpenses": 3133000000, "operatingExpenses": 3133000000, "costAndExpenses": 22131000000, "interestIncome": 0, "interestExpense": 7000000, "depreciationAndAmortization": 747000000, "ebitda": 3562000000, "ebitdaratio": 0.142788423, "operatingIncome": 2961000000, "operatingIncomeRatio": 0.1186963842, "totalOtherIncomeExpensesNet": 146000000, "incomeBeforeTax": 2954000000, "incomeBeforeTaxRatio": 0.1184157781, "incomeTaxExpense": 744000000, "netIncome": 2210000000, "netIncomeRatio": 0.0885913573, "eps": 2.61, "epsdiluted": 2.59, "weightedAverageShsOut": 847600000, "weightedAverageShsOutDil": 854200000, "link": "https://www.sec.gov/Archives/edgar/data/49938/000119312511047428/0001193125-11-047428-index.htm", "finalLink": "https://www.sec.gov/Archives/edgar/data/49938/000119312511047428/d10k.htm", "calculatedOtherExpenses": 1917000000, "calculatedOperatingExpenses": 2987000000, "calculatedNetInterest": -7000000, "calculatedOtherIncome": 0, "calculatedIncomeNonControlling": 0, "calculatedEbitda": 3708000000}, {"date": "2009-12-31", "symbol": "IMO", "reportedCurrency": "CAD", "cik": "0000049938", "fillingDate": "2010-02-26", "acceptedDate": "2010-02-26 17:10:43", "calendarYear": "2009", "period": "FY", "revenue": 21398000000, "costOfRevenue": 16038000000, "grossProfit": 5360000000, "grossProfitRatio": 0.2504907001, "researchAndDevelopmentExpenses": 0, "generalAndAdministrativeExpenses": 0, "sellingAndMarketingExpenses": 0, "sellingGeneralAndAdministrativeExpenses": 1106000000, "otherExpenses": 3155000000, "operatingExpenses": 3155000000, "costAndExpenses": 19193000000, "interestIncome": 0, "interestExpense": 5000000, "depreciationAndAmortization": 781000000, "ebitda": 2986000000, "ebitdaratio": 0.1395457519, "operatingIncome": 2205000000, "operatingIncomeRatio": 0.1030470137, "totalOtherIncomeExpensesNet": 5000000, "incomeBeforeTax": 2200000000, "incomeBeforeTaxRatio": 0.102813347, "incomeTaxExpense": 621000000, "netIncome": 1579000000, "netIncomeRatio": 0.0737919432, "eps": 1.86, "epsdiluted": 1.84, "weightedAverageShsOut": 849800000, "weightedAverageShsOutDil": 856700000, "link": "https://www.sec.gov/Archives/edgar/data/49938/000119312510043119/0001193125-10-043119-index.htm", "finalLink": "https://www.sec.gov/Archives/edgar/data/49938/000119312510043119/d10k.htm", "calculatedOtherExpenses": 2049000000, "calculatedOperatingExpenses": 3155000000, "calculatedNetInterest": -5000000, "calculatedOtherIncome": 0, "calculatedIncomeNonControlling": 0, "calculatedEbitda": 2986000000}, {"date": "2008-12-31", "symbol": "IMO", "reportedCurrency": "CAD", "cik": "0000049938", "fillingDate": "2009-02-27", "acceptedDate": "2009-02-27 16:49:21", "calendarYear": "2008", "period": "FY", "revenue": 31578436134, "costOfRevenue": 18997085964, "grossProfit": 12581350170, "grossProfitRatio": 0.398415872, "researchAndDevelopmentExpenses": 0, "generalAndAdministrativeExpenses": 0, "sellingAndMarketingExpenses": 0, "sellingGeneralAndAdministrativeExpenses": 5265905780, "otherExpenses": 7306945119, "operatingExpenses": 7306945119, "costAndExpenses": 26304031083, "interestIncome": 0, "interestExpense": 0, "depreciationAndAmortization": 728508985, "ebitda": 5664157358, "ebitdaratio": 0.1793678868, "operatingIncome": 5274405051, "operatingIncomeRatio": 0.1670255306, "totalOtherIncomeExpensesNet": 338756678, "incomeBeforeTax": 5275619233, "incomeBeforeTaxRatio": 0.1670639803, "incomeTaxExpense": 1397523069, "netIncome": 3878096163, "netIncomeRatio": 0.1228083667, "eps": 4.39, "epsdiluted": 4.36, "weightedAverageShsOut": 882604000, "weightedAverageShsOutDil": 889022000, "link": "https://www.sec.gov/Archives/edgar/data/49938/000119312509041099/0001193125-09-041099-index.htm", "finalLink": "https://www.sec.gov/Archives/edgar/data/49938/000119312509041099/d10k.htm", "calculatedOtherExpenses": 2041039339, "calculatedOperatingExpenses": 7306945119, "calculatedNetInterest": 0, "calculatedOtherIncome": 1214182, "calculatedIncomeNonControlling": 1, "calculatedEbitda": 6002914036}, {"date": "2007-12-31", "symbol": "IMO", "reportedCurrency": "CAD", "cik": "0000049938", "fillingDate": "2008-02-28", "acceptedDate": "2008-02-28 16:15:23", "calendarYear": "2007", "period": "FY", "revenue": 25443440262, "costOfRevenue": 17605521899, "grossProfit": 7837918363, "grossProfitRatio": 0.3080526172, "researchAndDevelopmentExpenses": 0, "generalAndAdministrativeExpenses": 0, "sellingAndMarketingExpenses": 0, "sellingGeneralAndAdministrativeExpenses": 1334789949, "otherExpenses": 3421392392, "operatingExpenses": 3421392392, "costAndExpenses": 21026914291, "interestIncome": 0, "interestExpense": 35753302, "depreciationAndAmortization": 779620618, "ebitda": 4821730063, "ebitdaratio": 0.1895077872, "operatingIncome": 4416525971, "operatingIncomeRatio": 0.173582107, "totalOtherIncomeExpensesNet": 374416526, "incomeBeforeTax": 4378786374, "incomeBeforeTaxRatio": 0.1720988329, "incomeTaxExpense": 1190783593, "netIncome": 3188002781, "netIncomeRatio": 0.1252976307, "eps": 3.43, "epsdiluted": 3.41, "weightedAverageShsOut": 929446875, "weightedAverageShsOutDil": 934898176, "link": "https://www.sec.gov/Archives/edgar/data/49938/000090956708000227/0000909567-08-000227-index.htm", "finalLink": "https://www.sec.gov/Archives/edgar/data/49938/000090956708000227/o39487e10vk.htm", "calculatedOtherExpenses": 2086602443, "calculatedOperatingExpenses": 3421392392, "calculatedNetInterest": -35753302, "calculatedOtherIncome": -1986295, "calculatedIncomeNonControlling": 0, "calculatedEbitda": 5196146589}, {"date": "2006-12-31", "symbol": "IMO", "reportedCurrency": "CAD", "cik": "0000049938", "fillingDate": "2007-02-28", "acceptedDate": "2007-02-28 10:38:32", "calendarYear": "2006", "period": "FY", "revenue": 24787977633, "costOfRevenue": 17270503262, "grossProfit": 7517474371, "grossProfitRatio": 0.3032709841, "researchAndDevelopmentExpenses": 0, "generalAndAdministrativeExpenses": 0, "sellingAndMarketingExpenses": 0, "sellingGeneralAndAdministrativeExpenses": 1283783784, "otherExpenses": 3388863001, "operatingExpenses": 3388863001, "costAndExpenses": 20659366263, "interestIncome": 0, "interestExpense": 27958993, "depreciationAndAmortization": 830615098, "ebitda": 4676141659, "ebitdaratio": 0.1886455494, "operatingIncome": 4128611370, "operatingIncomeRatio": 0.1665570072, "totalOtherIncomeExpensesNet": 283084809, "incomeBeforeTax": 4099487418, "incomeBeforeTaxRatio": 0.1653820848, "incomeTaxExpense": 1055452004, "netIncome": 3044035415, "netIncomeRatio": 0.122802895, "eps": 3.12, "epsdiluted": 3.11, "weightedAverageShsOut": 975652377, "weightedAverageShsOutDil": 978789523, "link": "https://www.sec.gov/Archives/edgar/data/49938/000090956707000270/0000909567-07-000270-index.htm", "finalLink": "https://www.sec.gov/Archives/edgar/data/49938/000090956707000270/o34815e10vk.htm", "calculatedOtherExpenses": 2105079217, "calculatedOperatingExpenses": 3388863001, "calculatedNetInterest": -27958993, "calculatedOtherIncome": -1164959, "calculatedIncomeNonControlling": -1, "calculatedEbitda": 4959226468}, {"date": "2005-12-31", "symbol": "IMO", "reportedCurrency": "CAD", "cik": "0000049938", "fillingDate": "2006-03-01", "acceptedDate": "2006-02-28 17:38:21", "calendarYear": "2005", "period": "FY", "revenue": 28213745784, "costOfRevenue": 20538434702, "grossProfit": 7675311082, "grossProfitRatio": 0.2720415481, "researchAndDevelopmentExpenses": 0, "generalAndAdministrativeExpenses": 0, "sellingAndMarketingExpenses": 0, "sellingGeneralAndAdministrativeExpenses": 1576927550, "otherExpenses": 3750436097, "operatingExpenses": 3750436097, "costAndExpenses": 24288870799, "interestIncome": 0, "interestExpense": 8140481, "depreciationAndAmortization": 895452960, "ebitda": 4402837539, "ebitdaratio": 0.1560529244, "operatingIncome": 3924874985, "operatingIncomeRatio": 0.1391121553, "totalOtherIncomeExpensesNet": 417490406, "incomeBeforeTax": 3917897430, "incomeBeforeTaxRatio": 0.1388648448, "incomeTaxExpense": 1317595069, "netIncome": 2600302361, "netIncomeRatio": 0.0921643791, "eps": 2.54, "epsdiluted": 2.53, "weightedAverageShsOut": 1023741087, "weightedAverageShsOutDil": 1027787494, "link": "https://www.sec.gov/Archives/edgar/data/49938/000090956706000296/0000909567-06-000296-index.htm", "finalLink": "https://www.sec.gov/Archives/edgar/data/49938/000090956706000296/o30346e10vk.htm", "calculatedOtherExpenses": 2173508547, "calculatedOperatingExpenses": 3750436097, "calculatedNetInterest": -8140481, "calculatedOtherIncome": 1162926, "calculatedIncomeNonControlling": 0, "calculatedEbitda": 4820327945}, {"date": "2004-12-31", "symbol": "IMO", "reportedCurrency": "CAD", "cik": "0000049938", "fillingDate": "2005-03-09", "acceptedDate": "2005-03-09 08:03:15", "calendarYear": "2004", "period": "FY", "revenue": 22459803216, "costOfRevenue": 16035517159, "grossProfit": 6424286057, "grossProfitRatio": 0.2860348328, "researchAndDevelopmentExpenses": 0, "generalAndAdministrativeExpenses": 0, "sellingAndMarketingExpenses": 0, "sellingGeneralAndAdministrativeExpenses": 1217902568, "otherExpenses": 3389728822, "operatingExpenses": 3389728822, "costAndExpenses": 19425245981, "interestIncome": 0, "interestExpense": 7199424, "depreciationAndAmortization": 908327334, "ebitda": 3891288697, "ebitdaratio": 0.1732556897, "operatingIncome": 3034557235, "operatingIncomeRatio": 0.1351105887, "totalOtherIncomeExpensesNet": 51595872, "incomeBeforeTax": 3027357811, "incomeBeforeTaxRatio": 0.1347900417, "incomeTaxExpense": 975521958, "netIncome": 2051835853, "netIncomeRatio": 0.0913559141, "eps": 1.92, "epsdiluted": 1.91, "weightedAverageShsOut": 1068664507, "weightedAverageShsOutDil": 1074259609, "link": "https://www.sec.gov/Archives/edgar/data/49938/000090956705000533/0000909567-05-000533-index.htm", "finalLink": "https://www.sec.gov/Archives/edgar/data/49938/000090956705000533/t15805e10vk.htm", "calculatedOtherExpenses": 2171826254, "calculatedOperatingExpenses": 3389728822, "calculatedNetInterest": -7199424, "calculatedOtherIncome": 0, "calculatedIncomeNonControlling": 0, "calculatedEbitda": 3942884569}, {"date": "2003-12-31", "symbol": "IMO", "reportedCurrency": "CAD", "cik": "0000049938", "fillingDate": "2004-03-11", "acceptedDate": "2004-03-11 14:21:27", "calendarYear": "2003", "period": "FY", "revenue": 19207780497, "costOfRevenue": 13605564859, "grossProfit": 5602215638, "grossProfitRatio": 0.2916638723, "researchAndDevelopmentExpenses": 0, "generalAndAdministrativeExpenses": 0, "sellingAndMarketingExpenses": 0, "sellingGeneralAndAdministrativeExpenses": 1324230323, "otherExpenses": 3327321912, "operatingExpenses": 3327321912, "costAndExpenses": 16932886771, "interestIncome": 0, "interestExpense": 42509339, "depreciationAndAmortization": 749710164, "ebitda": 2781141311, "ebitdaratio": 0.1447924351, "operatingIncome": 2274893727, "operatingIncomeRatio": 0.1184360539, "totalOtherIncomeExpensesNet": 243462579, "incomeBeforeTax": 2362488729, "incomeBeforeTaxRatio": 0.1229964456, "incomeTaxExpense": 680149427, "netIncome": 1682339302, "netIncomeRatio": 0.0875863457, "eps": 1.53, "epsdiluted": 1.53, "weightedAverageShsOut": 1113881080, "weightedAverageShsOutDil": 1113881080, "link": "https://www.sec.gov/Archives/edgar/data/49938/000090956704000345/0000909567-04-000345-index.htm", "finalLink": "https://www.sec.gov/Archives/edgar/data/49938/000090956704000345/t12211e10vk.htm", "calculatedOtherExpenses": 2003091588, "calculatedOperatingExpenses": 3327321911, "calculatedNetInterest": -42509339, "calculatedOtherIncome": 130104341, "calculatedIncomeNonControlling": 0, "calculatedEbitda": 3024603891}, {"date": "2002-12-31", "symbol": "IMO", "reportedCurrency": "CAD", "cik": "0000049938", "fillingDate": "2002-12-31", "acceptedDate": "2002-12-30 19:00:00", "calendarYear": "2002", "period": "FY", "revenue": 17041233868, "costOfRevenue": 13295561851, "grossProfit": 3745672017, "grossProfitRatio": 0.2198005171, "researchAndDevelopmentExpenses": 0, "generalAndAdministrativeExpenses": 0, "sellingAndMarketingExpenses": 0, "sellingGeneralAndAdministrativeExpenses": 0, "otherExpenses": 1934214668, "operatingExpenses": 1934214668, "costAndExpenses": 15229776519, "interestIncome": 0, "interestExpense": 31476235, "depreciationAndAmortization": 703493862, "ebitda": 2362291469, "ebitdaratio": 0.1386220908, "operatingIncome": 1811457350, "operatingIncomeRatio": 0.1062984854, "totalOtherIncomeExpensesNet": 152659742, "incomeBeforeTax": 1781554926, "incomeBeforeTaxRatio": 0.1045437754, "incomeTaxExpense": 571293673, "netIncome": 1210261253, "netIncomeRatio": 0.0710195789, "eps": 1.07, "epsdiluted": 1.07, "weightedAverageShsOut": 1147898962, "weightedAverageShsOutDil": 1147898962, "link": "", "finalLink": "", "calculatedOtherExpenses": 1934214667, "calculatedOperatingExpenses": 1934214667, "calculatedNetInterest": -31476235, "calculatedOtherIncome": 1573811, "calculatedIncomeNonControlling": 0, "calculatedEbitda": 2514951212}, {"date": "2001-12-31", "symbol": "IMO", "reportedCurrency": "CAD", "cik": "0000049938", "fillingDate": "2002-03-26", "acceptedDate": "2002-03-26 00:00:00", "calendarYear": "2001", "period": "FY", "revenue": 17244508118, "costOfRevenue": 13306271888, "grossProfit": 3938236230, "grossProfitRatio": 0.2283762577, "researchAndDevelopmentExpenses": 0, "generalAndAdministrativeExpenses": 0, "sellingAndMarketingExpenses": 0, "sellingGeneralAndAdministrativeExpenses": 0, "otherExpenses": 1895893028, "operatingExpenses": 1895893028, "costAndExpenses": 15202164916, "interestIncome": 0, "interestExpense": 146450175, "depreciationAndAmortization": 716332378, "ebitda": 2666348296, "ebitdaratio": 0.1546201421, "operatingIncome": 2042343203, "operatingIncomeRatio": 0.1184344134, "totalOtherIncomeExpensesNet": 92327284, "incomeBeforeTax": 1897484877, "incomeBeforeTaxRatio": 0.1100341549, "incomeTaxExpense": 652658389, "netIncome": 1243234639, "netIncomeRatio": 0.072094526, "eps": 1.04, "epsdiluted": 1.04, "weightedAverageShsOut": 1194655070, "weightedAverageShsOutDil": 1194655070, "link": "https://www.sec.gov/Archives/edgar/data/49938/999999999702018431/9999999997-02-018431-index.htm", "finalLink": "https://www.sec.gov/Archives/edgar/data/49938/999999999702018431/9999999997-02-018431.paper", "calculatedOtherExpenses": 1895893027, "calculatedOperatingExpenses": 1895893027, "calculatedNetInterest": -146450175, "calculatedOtherIncome": 1591849, "calculatedIncomeNonControlling": 1591849, "calculatedEbitda": 2758675581}, {"date": "2000-12-31", "symbol": "IMO", "reportedCurrency": "CAD", "cik": "0000049938", "fillingDate": "2000-12-31", "acceptedDate": "2000-12-30 19:00:00", "calendarYear": "2000", "period": "FY", "revenue": 17828434313, "costOfRevenue": 13654769046, "grossProfit": 4173665267, "grossProfitRatio": 0.2341016151, "researchAndDevelopmentExpenses": 0, "generalAndAdministrativeExpenses": 0, "sellingAndMarketingExpenses": 0, "sellingGeneralAndAdministrativeExpenses": 0, "otherExpenses": 1918116377, "operatingExpenses": 1918116377, "costAndExpenses": 15572885423, "interestIncome": 0, "interestExpense": 158968206, "depreciationAndAmortization": 724355129, "ebitda": 2756448710, "ebitdaratio": 0.1546096904, "operatingIncome": 2255548890, "operatingIncomeRatio": 0.1265141319, "totalOtherIncomeExpensesNet": 223455309, "incomeBeforeTax": 2321535693, "incomeBeforeTaxRatio": 0.1302153432, "incomeTaxExpense": 901319736, "netIncome": 1420215957, "netIncomeRatio": 0.0796601615, "eps": 1.12, "epsdiluted": 1.12, "weightedAverageShsOut": 1264287202, "weightedAverageShsOutDil": 1264287202, "link": "", "finalLink": "", "calculatedOtherExpenses": 1918116377, "calculatedOperatingExpenses": 1918116377, "calculatedNetInterest": -158968206, "calculatedOtherIncome": 224955009, "calculatedIncomeNonControlling": 0, "calculatedEbitda": 2979904019}, {"date": "1999-12-31", "symbol": "IMO", "reportedCurrency": "CAD", "cik": "0000049938", "fillingDate": "1999-12-31", "acceptedDate": "1999-12-30 19:00:00", "calendarYear": "1999", "period": "FY", "revenue": 10258969907, "costOfRevenue": 7264033565, "grossProfit": 2994936342, "grossProfitRatio": 0.2919334367, "researchAndDevelopmentExpenses": 0, "generalAndAdministrativeExpenses": 0, "sellingAndMarketingExpenses": 0, "sellingGeneralAndAdministrativeExpenses": 0, "otherExpenses": 1854890046, "operatingExpenses": 1854890046, "costAndExpenses": 9118923611, "interestIncome": 0, "interestExpense": 0, "depreciationAndAmortization": 666956019, "ebitda": 1718026621, "ebitdaratio": 0.1674658018, "operatingIncome": 1140046296, "operatingIncomeRatio": 0.1111267804, "totalOtherIncomeExpensesNet": 88975694, "incomeBeforeTax": 1031973380, "incomeBeforeTaxRatio": 0.1005923001, "incomeTaxExpense": 449942130, "netIncome": 582031250, "netIncomeRatio": 0.056733888, "eps": -0.27, "epsdiluted": -0.27, "weightedAverageShsOut": 1297847404, "weightedAverageShsOutDil": 1297847404, "link": "", "finalLink": "", "calculatedOtherExpenses": 1854890046, "calculatedOperatingExpenses": 1854890046, "calculatedNetInterest": 0, "calculatedOtherIncome": -108072916, "calculatedIncomeNonControlling": 0, "calculatedEbitda": 1807002315}, {"date": "1998-12-31", "symbol": "IMO", "reportedCurrency": "CAD", "cik": "0000049938", "fillingDate": "1998-12-31", "acceptedDate": "1998-12-30 19:00:00", "calendarYear": "1998", "period": "FY", "revenue": 9002012384, "costOfRevenue": 6380030960, "grossProfit": 2621981424, "grossProfitRatio": 0.2912661427, "researchAndDevelopmentExpenses": 0, "generalAndAdministrativeExpenses": 0, "sellingAndMarketingExpenses": 0, "sellingGeneralAndAdministrativeExpenses": 0, "otherExpenses": 1836996904, "operatingExpenses": 1836996904, "costAndExpenses": 8217027864, "interestIncome": 0, "interestExpense": 180959752, "depreciationAndAmortization": 647058824, "ebitda": 1289009288, "ebitdaratio": 0.1431912369, "operatingIncome": 784984520, "operatingIncomeRatio": 0.0872010042, "totalOtherIncomeExpensesNet": 143034056, "incomeBeforeTax": 747058824, "incomeBeforeTaxRatio": 0.08298798, "incomeTaxExpense": 193034056, "netIncome": 554024768, "netIncomeRatio": 0.0615445463, "eps": 0.41, "epsdiluted": 0.41, "weightedAverageShsOut": 1337287330, "weightedAverageShsOutDil": 1337287330, "link": "", "finalLink": "", "calculatedOtherExpenses": 1836996904, "calculatedOperatingExpenses": 1836996904, "calculatedNetInterest": -180959752, "calculatedOtherIncome": 143034056, "calculatedIncomeNonControlling": 0, "calculatedEbitda": 1432043344}, {"date": "1997-12-31", "symbol": "IMO", "reportedCurrency": "CAD", "cik": "0000049938", "fillingDate": "1997-12-31", "acceptedDate": "1997-12-30 19:00:00", "calendarYear": "1997", "period": "FY", "revenue": 10669049321, "costOfRevenue": 7590993567, "grossProfit": 3078055754, "grossProfitRatio": 0.2885032829, "researchAndDevelopmentExpenses": 0, "generalAndAdministrativeExpenses": 0, "sellingAndMarketingExpenses": 0, "sellingGeneralAndAdministrativeExpenses": 0, "otherExpenses": 1842030021, "operatingExpenses": 1842030021, "costAndExpenses": 9433023588, "interestIncome": 0, "interestExpense": 0, "depreciationAndAmortization": 685060758, "ebitda": 1468191566, "ebitdaratio": 0.1376122203, "operatingIncome": 1236025733, "operatingIncomeRatio": 0.1158515343, "totalOtherIncomeExpensesNet": 452894925, "incomeBeforeTax": 1526947819, "incomeBeforeTaxRatio": 0.1431193889, "incomeTaxExpense": 679914224, "netIncome": 847033595, "netIncomeRatio": 0.0793916655, "eps": 0.61, "epsdiluted": 0.61, "weightedAverageShsOut": 1388670724, "weightedAverageShsOutDil": 1388670724, "link": "", "finalLink": "", "calculatedOtherExpenses": 1842030021, "calculatedOperatingExpenses": 1842030021, "calculatedNetInterest": 0, "calculatedOtherIncome": 290922086, "calculatedIncomeNonControlling": 0, "calculatedEbitda": 1921086491}, {"date": "1996-12-31", "symbol": "IMO", "reportedCurrency": "CAD", "cik": "0000049938", "fillingDate": "1996-12-31", "acceptedDate": "1996-12-30 19:00:00", "calendarYear": "1996", "period": "FY", "revenue": 10383034124, "costOfRevenue": 7487049472, "grossProfit": 2895984652, "grossProfitRatio": 0.2789150664, "researchAndDevelopmentExpenses": 0, "generalAndAdministrativeExpenses": 0, "sellingAndMarketingExpenses": 0, "sellingGeneralAndAdministrativeExpenses": 0, "otherExpenses": 1853912567, "operatingExpenses": 1853912567, "costAndExpenses": 9340962039, "interestIncome": 0, "interestExpense": 235028094, "depreciationAndAmortization": 710977114, "ebitda": 1627107031, "ebitdaratio": 0.1567082427, "operatingIncome": 1042072084, "operatingIncomeRatio": 0.1003629644, "totalOtherIncomeExpensesNet": 125942168, "incomeBeforeTax": 932986159, "incomeBeforeTaxRatio": 0.0898567941, "incomeTaxExpense": 147046732, "netIncome": 785939427, "netIncomeRatio": 0.0756945819, "eps": 0.5, "epsdiluted": 0.5, "weightedAverageShsOut": 1579777743, "weightedAverageShsOutDil": 1579777743, "link": "", "finalLink": "", "calculatedOtherExpenses": 1853912568, "calculatedOperatingExpenses": 1853912568, "calculatedNetInterest": -235028094, "calculatedOtherIncome": 125942169, "calculatedIncomeNonControlling": 0, "calculatedEbitda": 1753049198}, {"date": "1995-12-31", "symbol": "IMO", "reportedCurrency": "CAD", "cik": "0000049938", "fillingDate": "1995-12-31", "acceptedDate": "1995-12-30 19:00:00", "calendarYear": "1995", "period": "FY", "revenue": 9284974093, "costOfRevenue": 6446959367, "grossProfit": 2838014726, "grossProfitRatio": 0.3056567199, "researchAndDevelopmentExpenses": 0, "generalAndAdministrativeExpenses": 0, "sellingAndMarketingExpenses": 0, "sellingGeneralAndAdministrativeExpenses": 0, "otherExpenses": 1865966730, "operatingExpenses": 1865966730, "costAndExpenses": 8312926097, "interestIncome": 0, "interestExpense": 207935642, "depreciationAndAmortization": 745977638, "ebitda": 1559040087, "ebitdaratio": 0.1679100094, "operatingIncome": 972047996, "operatingIncomeRatio": 0.1046904371, "totalOtherIncomeExpensesNet": 158985547, "incomeBeforeTax": 923097900, "incomeBeforeTaxRatio": 0.099418468, "incomeTaxExpense": 409053722, "netIncome": 514044178, "netIncomeRatio": 0.0553630169, "eps": 0.3, "epsdiluted": 0.3, "weightedAverageShsOut": 1734318588, "weightedAverageShsOutDil": 1734318588, "link": "", "finalLink": "", "calculatedOtherExpenses": 1865966730, "calculatedOperatingExpenses": 1865966730, "calculatedNetInterest": -207935642, "calculatedOtherIncome": 158985546, "calculatedIncomeNonControlling": 0, "calculatedEbitda": 1718025634}, {"date": "1994-12-31", "symbol": "IMO", "reportedCurrency": "CAD", "cik": "0000049938", "fillingDate": "1994-12-31", "acceptedDate": "1994-12-30 19:00:00", "calendarYear": "1994", "period": "FY", "revenue": 10914574274, "costOfRevenue": 7672043765, "grossProfit": 3242530509, "grossProfitRatio": 0.2970826372, "researchAndDevelopmentExpenses": 0, "generalAndAdministrativeExpenses": 0, "sellingAndMarketingExpenses": 0, "sellingGeneralAndAdministrativeExpenses": 0, "otherExpenses": 2158507505, "operatingExpenses": 2158507505, "costAndExpenses": 9830551270, "interestIncome": 0, "interestExpense": 208304110, "depreciationAndAmortization": 924253051, "ebitda": 2093000420, "ebitdaratio": 0.1917619842, "operatingIncome": 1084023005, "operatingIncomeRatio": 0.0993188537, "totalOtherIncomeExpensesNet": -84724365, "incomeBeforeTax": 790994530, "incomeBeforeTaxRatio": 0.0724714048, "incomeTaxExpense": 356150933, "netIncome": 434843597, "netIncomeRatio": 0.0398406375, "eps": 0.21, "epsdiluted": 0.21, "weightedAverageShsOut": 1738835610, "weightedAverageShsOutDil": 1738835610, "link": "", "finalLink": "", "calculatedOtherExpenses": 2158507504, "calculatedOperatingExpenses": 2158507504, "calculatedNetInterest": -208304110, "calculatedOtherIncome": -84724365, "calculatedIncomeNonControlling": 0, "calculatedEbitda": 2008276056}, {"date": "1993-12-31", "symbol": "IMO", "reportedCurrency": "CAD", "cik": "0000049938", "fillingDate": "1993-12-31", "acceptedDate": "1993-12-30 19:00:00", "calendarYear": "1993", "period": "FY", "revenue": 8902965316, "costOfRevenue": 6216044480, "grossProfit": 2686920836, "grossProfitRatio": 0.3018006631, "researchAndDevelopmentExpenses": 0, "generalAndAdministrativeExpenses": 0, "sellingAndMarketingExpenses": 0, "sellingGeneralAndAdministrativeExpenses": 0, "otherExpenses": 1819962934, "operatingExpenses": 1819962934, "costAndExpenses": 8036007414, "interestIncome": 0, "interestExpense": 176992322, "depreciationAndAmortization": 833995234, "ebitda": 1822875296, "ebitdaratio": 0.2047492303, "operatingIncome": 866957903, "operatingIncomeRatio": 0.0973785556, "totalOtherIncomeExpensesNet": -121922160, "incomeBeforeTax": 568043421, "incomeBeforeTaxRatio": 0.0638038452, "incomeTaxExpense": 288985968, "netIncome": 279057453, "netIncomeRatio": 0.0313443266, "eps": 0.16, "epsdiluted": 0.16, "weightedAverageShsOut": 1745495495, "weightedAverageShsOutDil": 1745495495, "link": "", "finalLink": "", "calculatedOtherExpenses": 1819962933, "calculatedOperatingExpenses": 1819962933, "calculatedNetInterest": -176992322, "calculatedOtherIncome": -121922160, "calculatedIncomeNonControlling": 0, "calculatedEbitda": 1700953137}, {"date": "1992-12-31", "symbol": "IMO", "reportedCurrency": "CAD", "cik": "0000049938", "fillingDate": "1992-12-31", "acceptedDate": "1992-12-30 19:00:00", "calendarYear": "1992", "period": "FY", "revenue": 8951938970, "costOfRevenue": 6398982835, "grossProfit": 2552956135, "grossProfitRatio": 0.2851847118, "researchAndDevelopmentExpenses": 0, "generalAndAdministrativeExpenses": 0, "sellingAndMarketingExpenses": 0, "sellingGeneralAndAdministrativeExpenses": 0, "otherExpenses": 2016020343, "operatingExpenses": 2016020343, "costAndExpenses": 8415003178, "interestIncome": 0, "interestExpense": 158041958, "depreciationAndAmortization": 893960585, "ebitda": 1356897648, "ebitdaratio": 0.1515758377, "operatingIncome": 536935791, "operatingIncomeRatio": 0.0599798315, "totalOtherIncomeExpensesNet": 73998729, "incomeBeforeTax": 453019707, "incomeBeforeTaxRatio": 0.0506057636, "incomeTaxExpense": 257978385, "netIncome": 195041322, "netIncomeRatio": 0.0217876063, "eps": 0.11, "epsdiluted": 0.11, "weightedAverageShsOut": 1763962395, "weightedAverageShsOutDil": 1763962395, "link": "", "finalLink": "", "calculatedOtherExpenses": 2016020344, "calculatedOperatingExpenses": 2016020344, "calculatedNetInterest": -158041958, "calculatedOtherIncome": 74125874, "calculatedIncomeNonControlling": 0, "calculatedEbitda": 1430896376}, {"date": "1991-12-31", "symbol": "IMO", "reportedCurrency": "CAD", "cik": "0000049938", "fillingDate": "1991-12-31", "acceptedDate": "1991-12-30 19:00:00", "calendarYear": "1991", "period": "FY", "revenue": 9180032355, "costOfRevenue": 6833025191, "grossProfit": 2347007164, "grossProfitRatio": 0.2556643673, "researchAndDevelopmentExpenses": 0, "generalAndAdministrativeExpenses": 0, "sellingAndMarketingExpenses": 0, "sellingGeneralAndAdministrativeExpenses": 0, "otherExpenses": 1874971112, "operatingExpenses": 1874971112, "costAndExpenses": 8707996303, "interestIncome": 0, "interestExpense": 229951468, "depreciationAndAmortization": 833025191, "ebitda": 1274092905, "ebitdaratio": 0.1387895876, "operatingIncome": 472036053, "operatingIncomeRatio": 0.0514198681, "totalOtherIncomeExpensesNet": 30968338, "incomeBeforeTax": 273052924, "incomeBeforeTaxRatio": 0.0297442224, "incomeTaxExpense": 111046915, "netIncome": 162006009, "netIncomeRatio": 0.0176476512, "eps": 0.0924, "epsdiluted": 0.0924, "weightedAverageShsOut": 1753881228, "weightedAverageShsOutDil": 1753881228, "link": "", "finalLink": "", "calculatedOtherExpenses": 1874971111, "calculatedOperatingExpenses": 1874971111, "calculatedNetInterest": -229951468, "calculatedOtherIncome": 30968339, "calculatedIncomeNonControlling": 0, "calculatedEbitda": 1305061244}, {"date": "1990-12-31", "symbol": "IMO", "reportedCurrency": "CAD", "cik": "0000049938", "fillingDate": "1990-12-31", "acceptedDate": "1990-12-30 19:00:00", "calendarYear": "1990", "period": "FY", "revenue": 13021691219, "costOfRevenue": 8445655956, "grossProfit": 4576035263, "grossProfitRatio": 0.3514163549, "researchAndDevelopmentExpenses": 0, "generalAndAdministrativeExpenses": 0, "sellingAndMarketingExpenses": 0, "sellingGeneralAndAdministrativeExpenses": 0, "otherExpenses": 3064609674, "operatingExpenses": 3064609674, "costAndExpenses": 11510265630, "interestIncome": 0, "interestExpense": 400185593, "depreciationAndAmortization": 1025403085, "ebitda": 2696902911, "ebitdaratio": 0.2071084981, "operatingIncome": 1511425589, "operatingIncomeRatio": 0.1160698379, "totalOtherIncomeExpensesNet": -160074237, "incomeBeforeTax": 951165758, "incomeBeforeTaxRatio": 0.0730447176, "incomeTaxExpense": 379306345, "netIncome": 571859413, "netIncomeRatio": 0.0439159095, "eps": 0.29, "epsdiluted": 0.29, "weightedAverageShsOut": 1999508437, "weightedAverageShsOutDil": 1999508437, "link": "", "finalLink": "", "calculatedOtherExpenses": 3064609674, "calculatedOperatingExpenses": 3064609674, "calculatedNetInterest": -400185593, "calculatedOtherIncome": -160074238, "calculatedIncomeNonControlling": 0, "calculatedEbitda": 2536828674}, {"date": "1989-12-31", "symbol": "IMO", "reportedCurrency": "CAD", "cik": "0000049938", "fillingDate": "1989-12-31", "acceptedDate": "1989-12-30 19:00:00", "calendarYear": "1989", "period": "FY", "revenue": 10006948466, "costOfRevenue": 5066010423, "grossProfit": 4940938043, "grossProfitRatio": 0.4937507233, "researchAndDevelopmentExpenses": 0, "generalAndAdministrativeExpenses": 0, "sellingAndMarketingExpenses": 0, "sellingGeneralAndAdministrativeExpenses": 1466010423, "otherExpenses": 3900057904, "operatingExpenses": 3900057904, "costAndExpenses": 8966068327, "interestIncome": 0, "interestExpense": 456977417, "depreciationAndAmortization": 815055009, "ebitda": 1736884772, "ebitdaratio": 0.1735678742, "operatingIncome": 1040880139, "operatingIncomeRatio": 0.1040157389, "totalOtherIncomeExpensesNet": 119050376, "incomeBeforeTax": 703068905, "incomeBeforeTaxRatio": 0.0702580719, "incomeTaxExpense": 247017950, "netIncome": 456050955, "netIncomeRatio": 0.045573429, "eps": 0.33, "epsdiluted": 0.33, "weightedAverageShsOut": 1391205134, "weightedAverageShsOutDil": 1391205134, "link": "", "finalLink": "", "calculatedOtherExpenses": 2434047481, "calculatedOperatingExpenses": 3900057904, "calculatedNetInterest": -456977417, "calculatedOtherIncome": 119166183, "calculatedIncomeNonControlling": 0, "calculatedEbitda": 1855935148}, {"date": "1988-12-31", "symbol": "IMO", "reportedCurrency": "CAD", "cik": "0000049938", "fillingDate": "1988-12-31", "acceptedDate": "1988-12-30 19:00:00", "calendarYear": "1988", "period": "FY", "revenue": 7104986877, "costOfRevenue": 3850990217, "grossProfit": 3253996660, "grossProfitRatio": 0.4579877087, "researchAndDevelopmentExpenses": 0, "generalAndAdministrativeExpenses": 0, "sellingAndMarketingExpenses": 0, "sellingGeneralAndAdministrativeExpenses": 1034955858, "otherExpenses": 2460868528, "operatingExpenses": 2460868528, "costAndExpenses": 6311858745, "interestIncome": 0, "interestExpense": 102004295, "depreciationAndAmortization": 461942257, "ebitda": 1155094250, "ebitdaratio": 0.1625751419, "operatingIncome": 793128132, "operatingIncomeRatio": 0.1116297814, "totalOtherIncomeExpensesNet": 99976139, "incomeBeforeTax": 790980673, "incomeBeforeTaxRatio": 0.1113275347, "incomeTaxExpense": 290026247, "netIncome": 500954426, "netIncomeRatio": 0.0705074386, "eps": 0.34, "epsdiluted": 0.34, "weightedAverageShsOut": 1486379331, "weightedAverageShsOutDil": 1486379331, "link": "", "finalLink": "", "calculatedOtherExpenses": 1425912670, "calculatedOperatingExpenses": 2460868528, "calculatedNetInterest": -102004295, "calculatedOtherIncome": 99856836, "calculatedIncomeNonControlling": 0, "calculatedEbitda": 1255070389}, {"date": "1987-12-31", "symbol": "IMO", "reportedCurrency": "CAD", "cik": "0000049938", "fillingDate": "1987-12-31", "acceptedDate": "1987-12-30 19:00:00", "calendarYear": "1987", "period": "FY", "revenue": 7040025991, "costOfRevenue": 4152956465, "grossProfit": 2887069526, "grossProfitRatio": 0.4100935891, "researchAndDevelopmentExpenses": 0, "generalAndAdministrativeExpenses": 0, "sellingAndMarketingExpenses": 0, "sellingGeneralAndAdministrativeExpenses": 942949968, "otherExpenses": 1801949318, "operatingExpenses": 1801949318, "costAndExpenses": 5954905783, "interestIncome": 0, "interestExpense": 0, "depreciationAndAmortization": 391942820, "ebitda": 1364002599, "ebitdaratio": 0.1937496539, "operatingIncome": 1085120208, "operatingIncomeRatio": 0.1541358241, "totalOtherIncomeExpensesNet": 113060429, "incomeBeforeTax": 1115009747, "incomeBeforeTaxRatio": 0.1583814816, "incomeTaxExpense": 398960364, "netIncome": 716049383, "netIncomeRatio": 0.1017111846, "eps": 0.49, "epsdiluted": 0.49, "weightedAverageShsOut": 1475386609, "weightedAverageShsOutDil": 1475386609, "link": "", "finalLink": "", "calculatedOtherExpenses": 858999350, "calculatedOperatingExpenses": 1801949318, "calculatedNetInterest": 0, "calculatedOtherIncome": 29889539, "calculatedIncomeNonControlling": 0, "calculatedEbitda": 1477063028}, {"date": "1986-12-31", "symbol": "IMO", "reportedCurrency": "CAD", "cik": "0000049938", "fillingDate": "1986-12-31", "acceptedDate": "1986-12-30 19:00:00", "calendarYear": "1986", "period": "FY", "revenue": 6696036459, "costOfRevenue": 4298991852, "grossProfit": 2397044607, "grossProfitRatio": 0.357979623, "researchAndDevelopmentExpenses": 0, "generalAndAdministrativeExpenses": 0, "sellingAndMarketingExpenses": 0, "sellingGeneralAndAdministrativeExpenses": 882060489, "otherExpenses": 1225107029, "operatingExpenses": 1225107029, "costAndExpenses": 5524098881, "interestIncome": 0, "interestExpense": 103991161, "depreciationAndAmortization": 343046541, "ebitda": 1414997929, "ebitdaratio": 0.2113187313, "operatingIncome": 1171937578, "operatingIncomeRatio": 0.1750195933, "totalOtherIncomeExpensesNet": 99986190, "incomeBeforeTax": 1167932606, "incomeBeforeTaxRatio": 0.1744214825, "incomeTaxExpense": 727938130, "netIncome": 439994476, "netIncomeRatio": 0.0657096894, "eps": 0.3, "epsdiluted": 0.3, "weightedAverageShsOut": 1471504217, "weightedAverageShsOutDil": 1471504217, "link": "", "finalLink": "", "calculatedOtherExpenses": 343046540, "calculatedOperatingExpenses": 1225107029, "calculatedNetInterest": -103991161, "calculatedOtherIncome": 99986189, "calculatedIncomeNonControlling": 0, "calculatedEbitda": 1514984119}, {"date": "1985-12-31", "symbol": "IMO", "reportedCurrency": "CAD", "cik": "0000049938", "fillingDate": "1985-12-31", "acceptedDate": "1985-12-30 19:00:00", "calendarYear": "1985", "period": "FY", "revenue": 8397036209, "costOfRevenue": 5325038445, "grossProfit": 3071997764, "grossProfitRatio": 0.3658431008, "researchAndDevelopmentExpenses": 0, "generalAndAdministrativeExpenses": 0, "sellingAndMarketingExpenses": 0, "sellingGeneralAndAdministrativeExpenses": 939046554, "otherExpenses": 1261009367, "operatingExpenses": 1261009367, "costAndExpenses": 6586047812, "interestIncome": 0, "interestExpense": 125961135, "depreciationAndAmortization": 321962813, "ebitda": 1995945758, "ebitdaratio": 0.2376964572, "operatingIncome": 1810988396, "operatingIncomeRatio": 0.215669952, "totalOtherIncomeExpensesNet": 137005452, "incomeBeforeTax": 1822032714, "incomeBeforeTaxRatio": 0.2169852158, "incomeTaxExpense": 1137984063, "netIncome": 684048651, "netIncomeRatio": 0.081463106, "eps": 0.47, "epsdiluted": 0.47, "weightedAverageShsOut": 1454710782, "weightedAverageShsOutDil": 1454710782, "link": "", "finalLink": "", "calculatedOtherExpenses": 321962814, "calculatedOperatingExpenses": 1261009368, "calculatedNetInterest": -125961135, "calculatedOtherIncome": 137005453, "calculatedIncomeNonControlling": 0, "calculatedEbitda": 2132951209}]}