{"originalCurrency": "USD", "convertedCurrency": "USD", "report": [{"date": "2023-12-31", "symbol": "INCY", "reportedCurrency": "USD", "cik": "0000879169", "fillingDate": "2024-02-16", "acceptedDate": "2024-02-16 16:04:47", "calendarYear": "2023", "period": "FY", "revenue": 3695649000, "costOfRevenue": 255000000, "grossProfit": 3440649000, "grossProfitRatio": 0.9309999407, "researchAndDevelopmentExpenses": 1627594000, "generalAndAdministrativeExpenses": 1161300000, "sellingAndMarketingExpenses": 221900000, "sellingGeneralAndAdministrativeExpenses": 1161300000, "otherExpenses": 0, "operatingExpenses": 2790939000, "costAndExpenses": 3045939000, "interestIncome": 172348000, "interestExpense": 2551000, "depreciationAndAmortization": 82660000, "ebitda": 904735000, "ebitdaratio": 0.2448108573, "operatingIncome": 620525000, "operatingIncomeRatio": 0.1679069089, "totalOtherIncomeExpensesNet": 14691000, "incomeBeforeTax": 834215000, "incomeBeforeTaxRatio": 0.2257289586, "incomeTaxExpense": 236616000, "netIncome": 597599000, "netIncomeRatio": 0.1617033977, "eps": 2.67, "epsdiluted": 2.65, "weightedAverageShsOut": 223628000, "weightedAverageShsOutDil": 225928000, "link": "https://www.sec.gov/Archives/edgar/data/879169/000087916924000062/0000879169-24-000062-index.htm", "finalLink": "https://www.sec.gov/Archives/edgar/data/879169/000087916924000062/incy-20231231.htm", "calculatedOtherExpenses": 31230000, "calculatedOperatingExpenses": 2820124000, "calculatedNetInterest": 169797000, "calculatedOtherIncome": 43893000, "calculatedIncomeNonControlling": 0, "calculatedEbitda": 703185000}, {"date": "2022-12-31", "symbol": "INCY", "reportedCurrency": "USD", "cik": "0000879169", "fillingDate": "2023-02-07", "acceptedDate": "2023-02-07 16:02:05", "calendarYear": "2022", "period": "FY", "revenue": 3394635000, "costOfRevenue": 206997000, "grossProfit": 3187638000, "grossProfitRatio": 0.9390223102, "researchAndDevelopmentExpenses": 1585936000, "generalAndAdministrativeExpenses": 1002100000, "sellingAndMarketingExpenses": 40000, "sellingGeneralAndAdministrativeExpenses": 1002140000, "otherExpenses": 7973000, "operatingExpenses": 2596049000, "costAndExpenses": 2803046000, "interestIncome": 39932000, "interestExpense": 2666000, "depreciationAndAmortization": 52081000, "ebitda": 631521000, "ebitdaratio": 0.1860350229, "operatingIncome": 579440000, "operatingIncomeRatio": 0.1706928727, "totalOtherIncomeExpensesNet": -50324000, "incomeBeforeTax": 529116000, "incomeBeforeTaxRatio": 0.155868304, "incomeTaxExpense": 188456000, "netIncome": 340660000, "netIncomeRatio": 0.1003524679, "eps": 1.53, "epsdiluted": 1.52, "weightedAverageShsOut": 222004000, "weightedAverageShsOutDil": 223958000, "link": "https://www.sec.gov/Archives/edgar/data/879169/000087916923000008/0000879169-23-000008-index.htm", "finalLink": "https://www.sec.gov/Archives/edgar/data/879169/000087916923000008/incy-20221231.htm", "calculatedOtherExpenses": 20122000, "calculatedOperatingExpenses": 2608198000, "calculatedNetInterest": 37266000, "calculatedOtherIncome": -87590000, "calculatedIncomeNonControlling": 0, "calculatedEbitda": 631521000}, {"date": "2021-12-31", "symbol": "INCY", "reportedCurrency": "USD", "cik": "0000879169", "fillingDate": "2022-02-08", "acceptedDate": "2022-02-08 16:05:11", "calendarYear": "2021", "period": "FY", "revenue": 2986267000, "costOfRevenue": 150991000, "grossProfit": 2835276000, "grossProfitRatio": 0.9494382117, "researchAndDevelopmentExpenses": 1458179000, "generalAndAdministrativeExpenses": 739600000, "sellingAndMarketingExpenses": -40000, "sellingGeneralAndAdministrativeExpenses": 739560000, "otherExpenses": 37019000, "operatingExpenses": 2234758000, "costAndExpenses": 2385749000, "interestIncome": 10647000, "interestExpense": 1908000, "depreciationAndAmortization": 25388000, "ebitda": 611165000, "ebitdaratio": 0.2046585252, "operatingIncome": 585777000, "operatingIncomeRatio": 0.1961569411, "totalOtherIncomeExpensesNet": -15333000, "incomeBeforeTax": 570444000, "incomeBeforeTaxRatio": 0.191022437, "incomeTaxExpense": -378137000, "netIncome": 948581000, "netIncomeRatio": 0.3176477522, "eps": 4.3, "epsdiluted": 4.27, "weightedAverageShsOut": 220428000, "weightedAverageShsOutDil": 222074000, "link": "https://www.sec.gov/Archives/edgar/data/879169/000155837022000902/0001558370-22-000902-index.htm", "finalLink": "https://www.sec.gov/Archives/edgar/data/879169/000155837022000902/incy-20211231x10k.htm", "calculatedOtherExpenses": 51760000, "calculatedOperatingExpenses": 2249499000, "calculatedNetInterest": 8739000, "calculatedOtherIncome": -24072000, "calculatedIncomeNonControlling": 0, "calculatedEbitda": 611165000}, {"date": "2020-12-31", "symbol": "INCY", "reportedCurrency": "USD", "cik": "0000879169", "fillingDate": "2021-02-09", "acceptedDate": "2021-02-09 16:05:42", "calendarYear": "2020", "period": "FY", "revenue": 2666702000, "costOfRevenue": 131328000, "grossProfit": 2535374000, "grossProfitRatio": 0.9507526525, "researchAndDevelopmentExpenses": 2215942000, "generalAndAdministrativeExpenses": 516900000, "sellingAndMarketingExpenses": 22000, "sellingGeneralAndAdministrativeExpenses": 516922000, "otherExpenses": 42801000, "operatingExpenses": 2775665000, "costAndExpenses": 2906993000, "interestIncome": 2174000, "interestExpense": 2174000, "depreciationAndAmortization": 23206000, "ebitda": -217085000, "ebitdaratio": -0.0814057964, "operatingIncome": -240291000, "operatingIncomeRatio": -0.0901079311, "totalOtherIncomeExpensesNet": 8073000, "incomeBeforeTax": -232218000, "incomeBeforeTaxRatio": -0.0870805962, "incomeTaxExpense": 63479000, "netIncome": -295697000, "netIncomeRatio": -0.1108849058, "eps": -1.36, "epsdiluted": -1.36, "weightedAverageShsOut": 218073000, "weightedAverageShsOutDil": 218073000, "link": "https://www.sec.gov/Archives/edgar/data/879169/000155837021000825/0001558370-21-000825-index.htm", "finalLink": "https://www.sec.gov/Archives/edgar/data/879169/000155837021000825/incy-20201231x10k.htm", "calculatedOtherExpenses": 42801000, "calculatedOperatingExpenses": 2775665000, "calculatedNetInterest": 0, "calculatedOtherIncome": 8073000, "calculatedIncomeNonControlling": 0, "calculatedEbitda": -217085000}, {"date": "2019-12-31", "symbol": "INCY", "reportedCurrency": "USD", "cik": "0000879169", "fillingDate": "2020-02-13", "acceptedDate": "2020-02-13 16:05:19", "calendarYear": "2019", "period": "FY", "revenue": 2158759000, "costOfRevenue": 114249000, "grossProfit": 2044510000, "grossProfitRatio": 0.947076538, "researchAndDevelopmentExpenses": 1154111000, "generalAndAdministrativeExpenses": 453411000, "sellingAndMarketingExpenses": 15300000, "sellingGeneralAndAdministrativeExpenses": 468711000, "otherExpenses": 52182000, "operatingExpenses": 1622822000, "costAndExpenses": 1737071000, "interestIncome": 1855000, "interestExpense": 1855000, "depreciationAndAmortization": 71864000, "ebitda": 473870000, "ebitdaratio": 0.2195103761, "operatingIncome": 402006000, "operatingIncomeRatio": 0.1862208797, "totalOtherIncomeExpensesNet": 84785000, "incomeBeforeTax": 486791000, "incomeBeforeTaxRatio": 0.2254957594, "incomeTaxExpense": 39885000, "netIncome": 446906000, "netIncomeRatio": 0.2070198665, "eps": 2.08, "epsdiluted": 2.05, "weightedAverageShsOut": 214913000, "weightedAverageShsOutDil": 217657000, "link": "https://www.sec.gov/Archives/edgar/data/879169/000155837020000774/0001558370-20-000774-index.htm", "finalLink": "https://www.sec.gov/Archives/edgar/data/879169/000155837020000774/incy-20191231x10k6c65b7.htm", "calculatedOtherExpenses": 19682000, "calculatedOperatingExpenses": 1642504000, "calculatedNetInterest": 0, "calculatedOtherIncome": 84785000, "calculatedIncomeNonControlling": 0, "calculatedEbitda": 473870000}, {"date": "2018-12-31", "symbol": "INCY", "reportedCurrency": "USD", "cik": "0000879169", "fillingDate": "2019-02-14", "acceptedDate": "2019-02-14 16:07:03", "calendarYear": "2018", "period": "FY", "revenue": 1881883000, "costOfRevenue": 94123000, "grossProfit": 1787760000, "grossProfitRatio": 0.9499846696, "researchAndDevelopmentExpenses": 1197957000, "generalAndAdministrativeExpenses": 434407000, "sellingAndMarketingExpenses": 0, "sellingGeneralAndAdministrativeExpenses": 434407000, "otherExpenses": 31760000, "operatingExpenses": 1632364000, "costAndExpenses": 1726487000, "interestIncome": 0, "interestExpense": 1543000, "depreciationAndAmortization": 54969000, "ebitda": 187156000, "ebitdaratio": 0.0994514537, "operatingIncome": 129223000, "operatingIncomeRatio": 0.0686668619, "totalOtherIncomeExpensesNet": -38506000, "incomeBeforeTax": 115347000, "incomeBeforeTaxRatio": 0.061293396, "incomeTaxExpense": 5854000, "netIncome": 109493000, "netIncomeRatio": 0.0581826819, "eps": 0.52, "epsdiluted": 0.51, "weightedAverageShsOut": 212383000, "weightedAverageShsOutDil": 215635000, "link": "https://www.sec.gov/Archives/edgar/data/879169/000155837019000682/0001558370-19-000682-index.htm", "finalLink": "https://www.sec.gov/Archives/edgar/data/879169/000155837019000682/incy-20181231x10k.htm", "calculatedOtherExpenses": 26173000, "calculatedOperatingExpenses": 1658537000, "calculatedNetInterest": -1543000, "calculatedOtherIncome": -12333000, "calculatedIncomeNonControlling": 0, "calculatedEbitda": 184192000}, {"date": "2017-12-31", "symbol": "INCY", "reportedCurrency": "USD", "cik": "0000879169", "fillingDate": "2018-02-15", "acceptedDate": "2018-02-15 16:03:25", "calendarYear": "2017", "period": "FY", "revenue": 1536216000, "costOfRevenue": 79479000, "grossProfit": 1456737000, "grossProfitRatio": 0.9482631349, "researchAndDevelopmentExpenses": 1326361000, "generalAndAdministrativeExpenses": 366406000, "sellingAndMarketingExpenses": 0, "sellingGeneralAndAdministrativeExpenses": 366406000, "otherExpenses": 7704000, "operatingExpenses": 1692767000, "costAndExpenses": 1772246000, "interestIncome": 17500000, "interestExpense": 6900000, "depreciationAndAmortization": 52178000, "ebitda": -218530000, "ebitdaratio": -0.1422521312, "operatingIncome": -243734000, "operatingIncomeRatio": -0.1586586782, "totalOtherIncomeExpensesNet": -86860000, "incomeBeforeTax": -312290000, "incomeBeforeTaxRatio": -0.2032852151, "incomeTaxExpense": 852000, "netIncome": -313142000, "netIncomeRatio": -0.2038398246, "eps": -1.53, "epsdiluted": -1.53, "weightedAverageShsOut": 204580000, "weightedAverageShsOutDil": 204580000, "link": "https://www.sec.gov/Archives/edgar/data/879169/000155837018000722/0001558370-18-000722-index.htm", "finalLink": "https://www.sec.gov/Archives/edgar/data/879169/000155837018000722/incy-20171231x10k.htm", "calculatedOtherExpenses": 7704000, "calculatedOperatingExpenses": 1700471000, "calculatedNetInterest": 10600000, "calculatedOtherIncome": -79156000, "calculatedIncomeNonControlling": 0, "calculatedEbitda": -191556000}, {"date": "2016-12-31", "symbol": "INCY", "reportedCurrency": "USD", "cik": "0000879169", "fillingDate": "2017-02-14", "acceptedDate": "2017-02-14 16:13:15", "calendarYear": "2016", "period": "FY", "revenue": 1105719000, "costOfRevenue": 58187000, "grossProfit": 1047532000, "grossProfitRatio": 0.9473763226, "researchAndDevelopmentExpenses": 581861000, "generalAndAdministrativeExpenses": 303251000, "sellingAndMarketingExpenses": 0, "sellingGeneralAndAdministrativeExpenses": 303251000, "otherExpenses": 17422000, "operatingExpenses": 885112000, "costAndExpenses": 943299000, "interestIncome": 4412000, "interestExpense": 38745000, "depreciationAndAmortization": 58425000, "ebitda": 166832000, "ebitdaratio": 0.1508810105, "operatingIncome": 144998000, "operatingIncomeRatio": 0.131134583, "totalOtherIncomeExpensesNet": -20683000, "incomeBeforeTax": 107404000, "incomeBeforeTaxRatio": 0.0971349864, "incomeTaxExpense": 3182000, "netIncome": 104222000, "netIncomeRatio": 0.0942572209, "eps": 0.55, "epsdiluted": 0.54, "weightedAverageShsOut": 187873000, "weightedAverageShsOutDil": 194125000, "link": "https://www.sec.gov/Archives/edgar/data/879169/000155837017000594/0001558370-17-000594-index.htm", "finalLink": "https://www.sec.gov/Archives/edgar/data/879169/000155837017000594/incy-20161231x10k.htm", "calculatedOtherExpenses": 17422000, "calculatedOperatingExpenses": 902534000, "calculatedNetInterest": -34333000, "calculatedOtherIncome": -3261000, "calculatedIncomeNonControlling": 0, "calculatedEbitda": 203423000}, {"date": "2015-12-31", "symbol": "INCY", "reportedCurrency": "USD", "cik": "0000879169", "fillingDate": "2016-02-12", "acceptedDate": "2016-02-12 16:41:11", "calendarYear": "2015", "period": "FY", "revenue": 753751000, "costOfRevenue": 26972000, "grossProfit": 726779000, "grossProfitRatio": 0.9642162995, "researchAndDevelopmentExpenses": 479514000, "generalAndAdministrativeExpenses": 196614000, "sellingAndMarketingExpenses": 0, "sellingGeneralAndAdministrativeExpenses": 196614000, "otherExpenses": 0, "operatingExpenses": 676128000, "costAndExpenses": 703100000, "interestIncome": 7089000, "interestExpense": 45603000, "depreciationAndAmortization": 44883000, "ebitda": 57740000, "ebitdaratio": 0.0766035468, "operatingIncome": 50651000, "operatingIncomeRatio": 0.0671985841, "totalOtherIncomeExpensesNet": -4581000, "incomeBeforeTax": 7556000, "incomeBeforeTaxRatio": 0.0100245306, "incomeTaxExpense": 1025000, "netIncome": 6531000, "netIncomeRatio": 0.0086646651, "eps": 0.04, "epsdiluted": 0.03, "weightedAverageShsOut": 179601000, "weightedAverageShsOutDil": 187302000, "link": "https://www.sec.gov/Archives/edgar/data/879169/000155837016003196/0001558370-16-003196-index.htm", "finalLink": "https://www.sec.gov/Archives/edgar/data/879169/000155837016003196/incy-20151231x10k.htm", "calculatedOtherExpenses": 0, "calculatedOperatingExpenses": 676128000, "calculatedNetInterest": -38514000, "calculatedOtherIncome": -4581000, "calculatedIncomeNonControlling": 0, "calculatedEbitda": 95534000}, {"date": "2014-12-31", "symbol": "INCY", "reportedCurrency": "USD", "cik": "0000879169", "fillingDate": "2015-02-17", "acceptedDate": "2015-02-17 16:11:01", "calendarYear": "2014", "period": "FY", "revenue": 511495000, "costOfRevenue": 3004000, "grossProfit": 508491000, "grossProfitRatio": 0.9941270198, "researchAndDevelopmentExpenses": 347523000, "generalAndAdministrativeExpenses": 165772000, "sellingAndMarketingExpenses": 0, "sellingGeneralAndAdministrativeExpenses": 165772000, "otherExpenses": 0, "operatingExpenses": 513295000, "costAndExpenses": 516299000, "interestIncome": 3350000, "interestExpense": 46828000, "depreciationAndAmortization": 41413000, "ebitda": -1454000, "ebitdaratio": -0.0028426475, "operatingIncome": -4804000, "operatingIncomeRatio": -0.0093920762, "totalOtherIncomeExpensesNet": -265000, "incomeBeforeTax": -48547000, "incomeBeforeTaxRatio": -0.0949119737, "incomeTaxExpense": -66000, "netIncome": -48481000, "netIncomeRatio": -0.0947829402, "eps": -0.29, "epsdiluted": -0.29, "weightedAverageShsOut": 167175862, "weightedAverageShsOutDil": 167947000, "link": "https://www.sec.gov/Archives/edgar/data/879169/000104746915000858/0001047469-15-000858-index.htm", "finalLink": "https://www.sec.gov/Archives/edgar/data/879169/000104746915000858/a2223029z10-k.htm", "calculatedOtherExpenses": 0, "calculatedOperatingExpenses": 513295000, "calculatedNetInterest": -43478000, "calculatedOtherIncome": -265000, "calculatedIncomeNonControlling": 0, "calculatedEbitda": 36609000}, {"date": "2013-12-31", "symbol": "INCY", "reportedCurrency": "USD", "cik": "0000879169", "fillingDate": "2014-02-21", "acceptedDate": "2014-02-21 17:11:16", "calendarYear": "2013", "period": "FY", "revenue": 354947000, "costOfRevenue": 630000, "grossProfit": 354317000, "grossProfitRatio": 0.9982250871, "researchAndDevelopmentExpenses": 260436000, "generalAndAdministrativeExpenses": 109983000, "sellingAndMarketingExpenses": 0, "sellingGeneralAndAdministrativeExpenses": 109983000, "otherExpenses": 0, "operatingExpenses": 370419000, "costAndExpenses": 371049000, "interestIncome": 1324000, "interestExpense": 38652000, "depreciationAndAmortization": 29207000, "ebitda": -14778000, "ebitdaratio": -0.0416343849, "operatingIncome": -16102000, "operatingIncomeRatio": -0.0453645192, "totalOtherIncomeExpensesNet": -29418000, "incomeBeforeTax": -82848000, "incomeBeforeTaxRatio": -0.2334094949, "incomeTaxExpense": 299000, "netIncome": -83147000, "netIncomeRatio": -0.2342518742, "eps": -0.56, "epsdiluted": -0.56, "weightedAverageShsOut": 148403000, "weightedAverageShsOutDil": 148403000, "link": "https://www.sec.gov/Archives/edgar/data/879169/000104746914001174/0001047469-14-001174-index.htm", "finalLink": "https://www.sec.gov/Archives/edgar/data/879169/000104746914001174/a2218324z10-k.htm", "calculatedOtherExpenses": 0, "calculatedOperatingExpenses": 370419000, "calculatedNetInterest": -37328000, "calculatedOtherIncome": -29418000, "calculatedIncomeNonControlling": 0, "calculatedEbitda": 13105000}, {"date": "2012-12-31", "symbol": "INCY", "reportedCurrency": "USD", "cik": "0000879169", "fillingDate": "2013-02-21", "acceptedDate": "2013-02-21 16:17:27", "calendarYear": "2012", "period": "FY", "revenue": 297059000, "costOfRevenue": 157000, "grossProfit": 296902000, "grossProfitRatio": 0.9994714855, "researchAndDevelopmentExpenses": 210391000, "generalAndAdministrativeExpenses": 85363000, "sellingAndMarketingExpenses": 0, "sellingGeneralAndAdministrativeExpenses": 85363000, "otherExpenses": 0, "operatingExpenses": 295754000, "costAndExpenses": 295911000, "interestIncome": 764000, "interestExpense": 46058000, "depreciationAndAmortization": 29979000, "ebitda": 1912000, "ebitdaratio": 0.0064364318, "operatingIncome": 1148000, "operatingIncomeRatio": 0.0038645522, "totalOtherIncomeExpensesNet": -45294000, "incomeBeforeTax": -44146000, "incomeBeforeTaxRatio": -0.1486102087, "incomeTaxExpense": 174000, "netIncome": -44320000, "netIncomeRatio": -0.149195951, "eps": -0.34, "epsdiluted": -0.34, "weightedAverageShsOut": 129747000, "weightedAverageShsOutDil": 129747000, "link": "https://www.sec.gov/Archives/edgar/data/879169/000104746913001393/0001047469-13-001393-index.htm", "finalLink": "https://www.sec.gov/Archives/edgar/data/879169/000104746913001393/a2212845z10-k.htm", "calculatedOtherExpenses": 0, "calculatedOperatingExpenses": 295754000, "calculatedNetInterest": -45294000, "calculatedOtherIncome": 0, "calculatedIncomeNonControlling": 0, "calculatedEbitda": 31127000}, {"date": "2011-12-31", "symbol": "INCY", "reportedCurrency": "USD", "cik": "0000879169", "fillingDate": "2012-02-22", "acceptedDate": "2012-02-22 16:29:04", "calendarYear": "2011", "period": "FY", "revenue": 94455000, "costOfRevenue": 0, "grossProfit": 94455000, "grossProfitRatio": 1, "researchAndDevelopmentExpenses": 178707000, "generalAndAdministrativeExpenses": 58219000, "sellingAndMarketingExpenses": 0, "sellingGeneralAndAdministrativeExpenses": 58219000, "otherExpenses": 712000, "operatingExpenses": 237638000, "costAndExpenses": 237638000, "interestIncome": 462000, "interestExpense": 43819000, "depreciationAndAmortization": 26990000, "ebitda": -143183000, "ebitdaratio": -1.5158858716, "operatingIncome": -143183000, "operatingIncomeRatio": -1.5158858716, "totalOtherIncomeExpensesNet": -43357000, "incomeBeforeTax": -186540000, "incomeBeforeTaxRatio": -1.9749086867, "incomeTaxExpense": -26990000, "netIncome": -186540000, "netIncomeRatio": -1.9749086867, "eps": -1.49, "epsdiluted": -1.49, "weightedAverageShsOut": 125362000, "weightedAverageShsOutDil": 125362000, "link": "https://www.sec.gov/Archives/edgar/data/879169/000104746912001295/0001047469-12-001295-index.htm", "finalLink": "https://www.sec.gov/Archives/edgar/data/879169/000104746912001295/a2207267z10-k.htm", "calculatedOtherExpenses": 712000, "calculatedOperatingExpenses": 237638000, "calculatedNetInterest": -43357000, "calculatedOtherIncome": 0, "calculatedIncomeNonControlling": 26990000, "calculatedEbitda": -116193000}, {"date": "2010-12-31", "symbol": "INCY", "reportedCurrency": "USD", "cik": "0000879169", "fillingDate": "2011-02-23", "acceptedDate": "2011-02-23 16:17:09", "calendarYear": "2010", "period": "FY", "revenue": 169878000, "costOfRevenue": 0, "grossProfit": 169878000, "grossProfitRatio": 1, "researchAndDevelopmentExpenses": 123880000, "generalAndAdministrativeExpenses": 32328000, "sellingAndMarketingExpenses": 0, "sellingGeneralAndAdministrativeExpenses": 32328000, "otherExpenses": -379000, "operatingExpenses": 155829000, "costAndExpenses": 155829000, "interestIncome": 1416000, "interestExpense": 43323000, "depreciationAndAmortization": 24485000, "ebitda": 18037000, "ebitdaratio": 0.106176197, "operatingIncome": 14049000, "operatingIncomeRatio": 0.0827005263, "totalOtherIncomeExpensesNet": -3988000, "incomeBeforeTax": -31846000, "incomeBeforeTaxRatio": -0.1874639447, "incomeTaxExpense": 21410000, "netIncome": -31846000, "netIncomeRatio": -0.1874639447, "eps": -0.26, "epsdiluted": -0.26, "weightedAverageShsOut": 121628000, "weightedAverageShsOutDil": 121628000, "link": "https://www.sec.gov/Archives/edgar/data/879169/000104746911001198/0001047469-11-001198-index.htm", "finalLink": "https://www.sec.gov/Archives/edgar/data/879169/000104746911001198/a2202084z10-k.htm", "calculatedOtherExpenses": -379000, "calculatedOperatingExpenses": 155829000, "calculatedNetInterest": -41907000, "calculatedOtherIncome": -3988000, "calculatedIncomeNonControlling": -21410000, "calculatedEbitda": 38534000}, {"date": "2009-12-31", "symbol": "INCY", "reportedCurrency": "USD", "cik": "0000879169", "fillingDate": "2010-03-05", "acceptedDate": "2010-03-05 16:40:51", "calendarYear": "2009", "period": "FY", "revenue": 9265000, "costOfRevenue": 0, "grossProfit": 9265000, "grossProfitRatio": 1, "researchAndDevelopmentExpenses": 119442000, "generalAndAdministrativeExpenses": 27580000, "sellingAndMarketingExpenses": 0, "sellingGeneralAndAdministrativeExpenses": 27580000, "otherExpenses": 2011000, "operatingExpenses": 149033000, "costAndExpenses": 149033000, "interestIncome": 50000, "interestExpense": 32125000, "depreciationAndAmortization": 16690000, "ebitda": -99741000, "ebitdaratio": -10.7653534808, "operatingIncome": -139768000, "operatingIncomeRatio": -15.0855909336, "totalOtherIncomeExpensesNet": -40027000, "incomeBeforeTax": -211870000, "incomeBeforeTaxRatio": -22.8677819752, "incomeTaxExpense": 55412000, "netIncome": -211870000, "netIncomeRatio": -22.8677819752, "eps": -2.06, "epsdiluted": -2.06, "weightedAverageShsOut": 102943000, "weightedAverageShsOutDil": 102943000, "link": "https://www.sec.gov/Archives/edgar/data/879169/000104746910001834/0001047469-10-001834-index.htm", "finalLink": "https://www.sec.gov/Archives/edgar/data/879169/000104746910001834/a2196849z10-k.htm", "calculatedOtherExpenses": 2011000, "calculatedOperatingExpenses": 149033000, "calculatedNetInterest": -32075000, "calculatedOtherIncome": -40027000, "calculatedIncomeNonControlling": -55412000, "calculatedEbitda": -123078000}, {"date": "2008-12-31", "symbol": "INCY", "reportedCurrency": "USD", "cik": "0000879169", "fillingDate": "2009-03-03", "acceptedDate": "2009-03-03 16:37:03", "calendarYear": "2008", "period": "FY", "revenue": 3919000, "costOfRevenue": 0, "grossProfit": 3919000, "grossProfitRatio": 1, "researchAndDevelopmentExpenses": 146362000, "generalAndAdministrativeExpenses": 17073000, "sellingAndMarketingExpenses": 0, "sellingGeneralAndAdministrativeExpenses": 17073000, "otherExpenses": -227000, "operatingExpenses": 163208000, "costAndExpenses": 163208000, "interestIncome": 0, "interestExpense": 5306000, "depreciationAndAmortization": 13071000, "ebitda": -146445000, "ebitdaratio": -37.3679510079, "operatingIncome": -159289000, "operatingIncomeRatio": -40.6453176831, "totalOtherIncomeExpensesNet": 227000, "incomeBeforeTax": -178920000, "incomeBeforeTaxRatio": -45.6545036999, "incomeTaxExpense": 19631000, "netIncome": -178920000, "netIncomeRatio": -45.6545036999, "eps": -1.99, "epsdiluted": -1.99, "weightedAverageShsOut": 89785000, "weightedAverageShsOutDil": 89785000, "link": "https://www.sec.gov/Archives/edgar/data/879169/000104746909002189/0001047469-09-002189-index.htm", "finalLink": "https://www.sec.gov/Archives/edgar/data/879169/000104746909002189/a2190988z10-k.htm", "calculatedOtherExpenses": -227000, "calculatedOperatingExpenses": 163208000, "calculatedNetInterest": -5306000, "calculatedOtherIncome": -14325000, "calculatedIncomeNonControlling": -19631000, "calculatedEbitda": -146218000}, {"date": "2007-12-31", "symbol": "INCY", "reportedCurrency": "USD", "cik": "0000879169", "fillingDate": "2008-03-06", "acceptedDate": "2008-03-06 16:33:45", "calendarYear": "2007", "period": "FY", "revenue": 34440000, "costOfRevenue": 0, "grossProfit": 34440000, "grossProfitRatio": 1, "researchAndDevelopmentExpenses": 104889000, "generalAndAdministrativeExpenses": 15238000, "sellingAndMarketingExpenses": 0, "sellingGeneralAndAdministrativeExpenses": 15238000, "otherExpenses": -407000, "operatingExpenses": 119720000, "costAndExpenses": 119720000, "interestIncome": 0, "interestExpense": 22431000, "depreciationAndAmortization": 12963000, "ebitda": -72724000, "ebitdaratio": -2.1116144019, "operatingIncome": -85280000, "operatingIncomeRatio": -2.4761904762, "totalOtherIncomeExpensesNet": 407000, "incomeBeforeTax": -86881000, "incomeBeforeTaxRatio": -2.5226771196, "incomeTaxExpense": 1601000, "netIncome": -86881000, "netIncomeRatio": -2.5226771196, "eps": -1.03, "epsdiluted": -1.03, "weightedAverageShsOut": 84185000, "weightedAverageShsOutDil": 84185000, "link": "https://www.sec.gov/Archives/edgar/data/879169/000104746908002303/0001047469-08-002303-index.htm", "finalLink": "https://www.sec.gov/Archives/edgar/data/879169/000104746908002303/a2182995z10-k.htm", "calculatedOtherExpenses": -407000, "calculatedOperatingExpenses": 119720000, "calculatedNetInterest": -22431000, "calculatedOtherIncome": 20830000, "calculatedIncomeNonControlling": -1601000, "calculatedEbitda": -72317000}, {"date": "2006-12-31", "symbol": "INCY", "reportedCurrency": "USD", "cik": "0000879169", "fillingDate": "2007-02-28", "acceptedDate": "2007-02-28 17:30:21", "calendarYear": "2006", "period": "FY", "revenue": 27643000, "costOfRevenue": 0, "grossProfit": 27643000, "grossProfitRatio": 1, "researchAndDevelopmentExpenses": 87596000, "generalAndAdministrativeExpenses": 16911000, "sellingAndMarketingExpenses": 0, "sellingGeneralAndAdministrativeExpenses": 16911000, "otherExpenses": 0, "operatingExpenses": 104507000, "costAndExpenses": 104507000, "interestIncome": 0, "interestExpense": 12527000, "depreciationAndAmortization": 7411000, "ebitda": -74283000, "ebitdaratio": -2.6872264226, "operatingIncome": -76864000, "operatingIncomeRatio": -2.7805954491, "totalOtherIncomeExpensesNet": 4830000, "incomeBeforeTax": -74166000, "incomeBeforeTaxRatio": -2.6829938863, "incomeTaxExpense": -552000, "netIncome": -74166000, "netIncomeRatio": -2.6829938863, "eps": -0.89, "epsdiluted": -0.89, "weightedAverageShsOut": 83799000, "weightedAverageShsOutDil": 83799000, "link": "https://www.sec.gov/Archives/edgar/data/879169/000110465907015059/0001104659-07-015059-index.htm", "finalLink": "https://www.sec.gov/Archives/edgar/data/879169/000110465907015059/a07-5374_110k.htm", "calculatedOtherExpenses": 0, "calculatedOperatingExpenses": 104507000, "calculatedNetInterest": -12527000, "calculatedOtherIncome": 15225000, "calculatedIncomeNonControlling": 552000, "calculatedEbitda": -69453000}, {"date": "2005-12-31", "symbol": "INCY", "reportedCurrency": "USD", "cik": "0000879169", "fillingDate": "2006-03-03", "acceptedDate": "2006-03-03 14:35:40", "calendarYear": "2005", "period": "FY", "revenue": 7846000, "costOfRevenue": 0, "grossProfit": 7846000, "grossProfitRatio": 1, "researchAndDevelopmentExpenses": 95618000, "generalAndAdministrativeExpenses": 13012000, "sellingAndMarketingExpenses": 0, "sellingGeneralAndAdministrativeExpenses": 13012000, "otherExpenses": 0, "operatingExpenses": 108630000, "costAndExpenses": 108630000, "interestIncome": 0, "interestExpense": 12527000, "depreciationAndAmortization": 8192000, "ebitda": -92992000, "ebitdaratio": -11.8521539638, "operatingIncome": -100784000, "operatingIncomeRatio": -12.8452714759, "totalOtherIncomeExpensesNet": 400000, "incomeBeforeTax": -103909000, "incomeBeforeTaxRatio": -13.2435635993, "incomeTaxExpense": -552000, "netIncome": -103043000, "netIncomeRatio": -13.1331888861, "eps": -1.24, "epsdiluted": -1.24, "weightedAverageShsOut": 83321000, "weightedAverageShsOutDil": 83321000, "link": "https://www.sec.gov/Archives/edgar/data/879169/000110465906013846/0001104659-06-013846-index.htm", "finalLink": "https://www.sec.gov/Archives/edgar/data/879169/000110465906013846/a05-20227_210k.htm", "calculatedOtherExpenses": 0, "calculatedOperatingExpenses": 108630000, "calculatedNetInterest": -12527000, "calculatedOtherIncome": 9402000, "calculatedIncomeNonControlling": -314000, "calculatedEbitda": -92592000}, {"date": "2004-12-31", "symbol": "INCY", "reportedCurrency": "USD", "cik": "0000879169", "fillingDate": "2005-03-11", "acceptedDate": "2005-03-11 14:10:22", "calendarYear": "2004", "period": "FY", "revenue": 14146000, "costOfRevenue": 0, "grossProfit": 14146000, "grossProfitRatio": 1, "researchAndDevelopmentExpenses": 88271000, "generalAndAdministrativeExpenses": 74728000, "sellingAndMarketingExpenses": 0, "sellingGeneralAndAdministrativeExpenses": 74728000, "otherExpenses": 0, "operatingExpenses": 162999000, "costAndExpenses": 162999000, "interestIncome": 0, "interestExpense": 3563000, "depreciationAndAmortization": 13913000, "ebitda": -134260000, "ebitdaratio": -9.4910221971, "operatingIncome": -148853000, "operatingIncomeRatio": -10.5226212357, "totalOtherIncomeExpensesNet": -680000, "incomeBeforeTax": -163211000, "incomeBeforeTaxRatio": -11.5376078043, "incomeTaxExpense": 453000, "netIncome": -164817000, "netIncomeRatio": -11.6511381309, "eps": -2.21, "epsdiluted": -2.21, "weightedAverageShsOut": 74555000, "weightedAverageShsOutDil": 74555000, "link": "https://www.sec.gov/Archives/edgar/data/879169/000119312505047638/0001193125-05-047638-index.htm", "finalLink": "https://www.sec.gov/Archives/edgar/data/879169/000119312505047638/d10k.htm", "calculatedOtherExpenses": 0, "calculatedOperatingExpenses": 162999000, "calculatedNetInterest": -3563000, "calculatedOtherIncome": -10795000, "calculatedIncomeNonControlling": 1153000, "calculatedEbitda": -134940000}, {"date": "2003-12-31", "symbol": "INCY", "reportedCurrency": "USD", "cik": "0000879169", "fillingDate": "2004-03-15", "acceptedDate": "2004-03-15 14:55:05", "calendarYear": "2003", "period": "FY", "revenue": 47092000, "costOfRevenue": 0, "grossProfit": 47092000, "grossProfitRatio": 1, "researchAndDevelopmentExpenses": 116245000, "generalAndAdministrativeExpenses": 30325000, "sellingAndMarketingExpenses": 0, "sellingGeneralAndAdministrativeExpenses": 30325000, "otherExpenses": 15866000, "operatingExpenses": 162436000, "costAndExpenses": 162436000, "interestIncome": 0, "interestExpense": -7986000, "depreciationAndAmortization": 17685000, "ebitda": -48698000, "ebitdaratio": -1.0341034571, "operatingIncome": -149296000, "operatingIncomeRatio": -3.170304935, "totalOtherIncomeExpensesNet": -48961000, "incomeBeforeTax": -165986000, "incomeBeforeTaxRatio": -3.5247175741, "incomeTaxExpense": 477000, "netIncome": -166463000, "netIncomeRatio": -3.5348466831, "eps": -2.33, "epsdiluted": -2.33, "weightedAverageShsOut": 71369000, "weightedAverageShsOutDil": 71369000, "link": "https://www.sec.gov/Archives/edgar/data/879169/000119312504042081/0001193125-04-042081-index.htm", "finalLink": "https://www.sec.gov/Archives/edgar/data/879169/000119312504042081/d10k.htm", "calculatedOtherExpenses": 49818000, "calculatedOperatingExpenses": 196388000, "calculatedNetInterest": 7986000, "calculatedOtherIncome": -24676000, "calculatedIncomeNonControlling": 0, "calculatedEbitda": -131611000}, {"date": "2002-12-31", "symbol": "INCY", "reportedCurrency": "USD", "cik": "0000879169", "fillingDate": "2003-03-28", "acceptedDate": "2003-03-28 17:08:31", "calendarYear": "2002", "period": "FY", "revenue": 101612000, "costOfRevenue": 0, "grossProfit": 101612000, "grossProfitRatio": 1, "researchAndDevelopmentExpenses": 152373000, "generalAndAdministrativeExpenses": 47147000, "sellingAndMarketingExpenses": 0, "sellingGeneralAndAdministrativeExpenses": 47147000, "otherExpenses": 0, "operatingExpenses": 199520000, "costAndExpenses": 199520000, "interestIncome": 0, "interestExpense": 9434000, "depreciationAndAmortization": 23206000, "ebitda": -37213000, "ebitdaratio": -0.3662264299, "operatingIncome": -97908000, "operatingIncomeRatio": -0.9635476125, "totalOtherIncomeExpensesNet": -37489000, "incomeBeforeTax": -135765000, "incomeBeforeTaxRatio": -1.3361118766, "incomeTaxExpense": 1120000, "netIncome": -136885000, "netIncomeRatio": -1.3471341967, "eps": -2.03, "epsdiluted": -2.03, "weightedAverageShsOut": 67403000, "weightedAverageShsOutDil": 67403000, "link": "https://www.sec.gov/Archives/edgar/data/879169/000102140803005282/0001021408-03-005282-index.htm", "finalLink": "https://www.sec.gov/Archives/edgar/data/879169/000102140803005282/d10k.htm", "calculatedOtherExpenses": 0, "calculatedOperatingExpenses": 199520000, "calculatedNetInterest": -9434000, "calculatedOtherIncome": -28423000, "calculatedIncomeNonControlling": 0, "calculatedEbitda": -74702000}, {"date": "2001-12-31", "symbol": "INCY", "reportedCurrency": "USD", "cik": "0000879169", "fillingDate": "2002-04-01", "acceptedDate": "2002-04-01 00:00:00", "calendarYear": "2001", "period": "FY", "revenue": 219263000, "costOfRevenue": 0, "grossProfit": 219263000, "grossProfitRatio": 1, "researchAndDevelopmentExpenses": 213336000, "generalAndAdministrativeExpenses": 70626000, "sellingAndMarketingExpenses": 0, "sellingGeneralAndAdministrativeExpenses": 70626000, "otherExpenses": 0, "operatingExpenses": 283962000, "costAndExpenses": 283962000, "interestIncome": 0, "interestExpense": 0, "depreciationAndAmortization": 47665000, "ebitda": 118562000, "ebitdaratio": 0.5407296261, "operatingIncome": -64699000, "operatingIncomeRatio": -0.2950748644, "totalOtherIncomeExpensesNet": -135596000, "incomeBeforeTax": -186970000, "incomeBeforeTaxRatio": -0.8527202492, "incomeTaxExpense": 930000, "netIncome": -183235000, "netIncomeRatio": -0.8356859114, "eps": -2.77, "epsdiluted": -2.77, "weightedAverageShsOut": 66193000, "weightedAverageShsOutDil": 66193000, "link": "https://www.sec.gov/Archives/edgar/data/879169/000101287002001608/0001012870-02-001608-index.htm", "finalLink": "https://www.sec.gov/Archives/edgar/data/879169/000101287002001608/d10k.txt", "calculatedOtherExpenses": 0, "calculatedOperatingExpenses": 283962000, "calculatedNetInterest": 0, "calculatedOtherIncome": -122271000, "calculatedIncomeNonControlling": -4665000, "calculatedEbitda": -17034000}, {"date": "2000-12-31", "symbol": "INCY", "reportedCurrency": "USD", "cik": "0000879169", "fillingDate": "2001-04-02", "acceptedDate": "2001-04-02 00:00:00", "calendarYear": "2000", "period": "FY", "revenue": 194167000, "costOfRevenue": -34842000, "grossProfit": 229009000, "grossProfitRatio": 1.1794434688, "researchAndDevelopmentExpenses": 192556000, "generalAndAdministrativeExpenses": 64201000, "sellingAndMarketingExpenses": 0, "sellingGeneralAndAdministrativeExpenses": 64201000, "otherExpenses": 34842000, "operatingExpenses": 291599000, "costAndExpenses": 256757000, "interestIncome": 0, "interestExpense": 0, "depreciationAndAmortization": 34842000, "ebitda": -26465000, "ebitdaratio": -0.1363001952, "operatingIncome": -62590000, "operatingIncomeRatio": -0.3223513779, "totalOtherIncomeExpensesNet": -1283000, "incomeBeforeTax": -32667000, "incomeBeforeTaxRatio": -0.1682417713, "incomeTaxExpense": 205000, "netIncome": -29735000, "netIncomeRatio": -0.153141368, "eps": -0.47, "epsdiluted": -0.47, "weightedAverageShsOut": 63211000, "weightedAverageShsOutDil": 63211000, "link": "https://www.sec.gov/Archives/edgar/data/879169/000101287001001449/0001012870-01-001449-index.htm", "finalLink": "https://www.sec.gov/Archives/edgar/data/879169/000101287001001449/0001012870-01-001449-0001.txt", "calculatedOtherExpenses": 34842000, "calculatedOperatingExpenses": 291599000, "calculatedNetInterest": 0, "calculatedOtherIncome": 29923000, "calculatedIncomeNonControlling": -3137000, "calculatedEbitda": -27748000}, {"date": "1999-12-31", "symbol": "INCY", "reportedCurrency": "USD", "cik": "0000879169", "fillingDate": "2000-03-22", "acceptedDate": "2000-03-22 00:00:00", "calendarYear": "1999", "period": "FY", "revenue": 157000000, "costOfRevenue": -24700000, "grossProfit": 181700000, "grossProfitRatio": 1.1573248408, "researchAndDevelopmentExpenses": 146800000, "generalAndAdministrativeExpenses": 37200000, "sellingAndMarketingExpenses": 0, "sellingGeneralAndAdministrativeExpenses": 37200000, "otherExpenses": 24700000, "operatingExpenses": 208700000, "costAndExpenses": 184000000, "interestIncome": 0, "interestExpense": 0, "depreciationAndAmortization": 24700000, "ebitda": 3300000, "ebitdaratio": 0.0210191083, "operatingIncome": -27000000, "operatingIncomeRatio": -0.1719745223, "totalOtherIncomeExpensesNet": -5600000, "incomeBeforeTax": -27600000, "incomeBeforeTaxRatio": -0.1757961783, "incomeTaxExpense": -800000, "netIncome": -26800000, "netIncomeRatio": -0.1707006369, "eps": -0.48, "epsdiluted": -0.48, "weightedAverageShsOut": 56276000, "weightedAverageShsOutDil": 56276000, "link": "https://www.sec.gov/Archives/edgar/data/879169/000089161800001634/0000891618-00-001634-index.html", "finalLink": "https://www.sec.gov/Archives/edgar/data/879169/000089161800001634/", "calculatedOtherExpenses": 24700000, "calculatedOperatingExpenses": 208700000, "calculatedNetInterest": 0, "calculatedOtherIncome": -600000, "calculatedIncomeNonControlling": 0, "calculatedEbitda": -2300000}, {"date": "1998-12-31", "symbol": "INCY", "reportedCurrency": "USD", "cik": "0000879169", "fillingDate": "1999-03-25", "acceptedDate": "1999-03-25 00:00:00", "calendarYear": "1998", "period": "FY", "revenue": 134800000, "costOfRevenue": -17800000, "grossProfit": 152600000, "grossProfitRatio": 1.1320474777, "researchAndDevelopmentExpenses": 97200000, "generalAndAdministrativeExpenses": 25400000, "sellingAndMarketingExpenses": 0, "sellingGeneralAndAdministrativeExpenses": 25400000, "otherExpenses": 17800000, "operatingExpenses": 140400000, "costAndExpenses": 122600000, "interestIncome": 0, "interestExpense": 0, "depreciationAndAmortization": 17800000, "ebitda": 36300000, "ebitdaratio": 0.2692878338, "operatingIncome": 12200000, "operatingIncomeRatio": 0.090504451, "totalOtherIncomeExpensesNet": -6300000, "incomeBeforeTax": 5900000, "incomeBeforeTaxRatio": 0.043768546, "incomeTaxExpense": 2400000, "netIncome": 3500000, "netIncomeRatio": 0.0259643917, "eps": 0.065, "epsdiluted": 0.06, "weightedAverageShsOut": 53842000, "weightedAverageShsOutDil": 57798000, "link": "https://www.sec.gov/Archives/edgar/data/879169/000087916999000005/0000879169-99-000005-index.html", "finalLink": "https://www.sec.gov/Archives/edgar/data/879169/", "calculatedOtherExpenses": 17800000, "calculatedOperatingExpenses": 140400000, "calculatedNetInterest": 0, "calculatedOtherIncome": -6300000, "calculatedIncomeNonControlling": 0, "calculatedEbitda": 30000000}, {"date": "1997-12-31", "symbol": "INCY", "reportedCurrency": "USD", "cik": "0000879169", "fillingDate": "1998-03-30", "acceptedDate": "1998-03-30 00:00:00", "calendarYear": "1997", "period": "FY", "revenue": 88400000, "costOfRevenue": -10400000, "grossProfit": 98800000, "grossProfitRatio": 1.1176470588, "researchAndDevelopmentExpenses": 68900000, "generalAndAdministrativeExpenses": 12100000, "sellingAndMarketingExpenses": 0, "sellingGeneralAndAdministrativeExpenses": 12100000, "otherExpenses": 10400000, "operatingExpenses": 91400000, "costAndExpenses": 81000000, "interestIncome": 0, "interestExpense": 0, "depreciationAndAmortization": 10400000, "ebitda": 14000000, "ebitdaratio": 0.1583710407, "operatingIncome": 7400000, "operatingIncomeRatio": 0.0837104072, "totalOtherIncomeExpensesNet": 3800000, "incomeBeforeTax": 10900000, "incomeBeforeTaxRatio": 0.1233031674, "incomeTaxExpense": 500000, "netIncome": 10400000, "netIncomeRatio": 0.1176470588, "eps": 0.14, "epsdiluted": 0.13, "weightedAverageShsOut": 49285714, "weightedAverageShsOutDil": 53076923, "link": "https://www.sec.gov/Archives/edgar/data/879169/000095000898000156/0000950008-98-000156-index.html", "finalLink": "https://www.sec.gov/Archives/edgar/data/879169/", "calculatedOtherExpenses": 10400000, "calculatedOperatingExpenses": 91400000, "calculatedNetInterest": 0, "calculatedOtherIncome": 3500000, "calculatedIncomeNonControlling": 0, "calculatedEbitda": 17800000}, {"date": "1996-12-31", "symbol": "INCY", "reportedCurrency": "USD", "cik": "0000879169", "fillingDate": "1997-03-31", "acceptedDate": "1997-03-31 00:00:00", "calendarYear": "1996", "period": "FY", "revenue": 41800000, "costOfRevenue": -6500000, "grossProfit": 48300000, "grossProfitRatio": 1.1555023923, "researchAndDevelopmentExpenses": 40900000, "generalAndAdministrativeExpenses": 6800000, "sellingAndMarketingExpenses": 0, "sellingGeneralAndAdministrativeExpenses": 6800000, "otherExpenses": 6500000, "operatingExpenses": 54200000, "costAndExpenses": 47700000, "interestIncome": 0, "interestExpense": 0, "depreciationAndAmortization": 6500000, "ebitda": 1300000, "ebitdaratio": 0.0311004785, "operatingIncome": -5900000, "operatingIncomeRatio": -0.1411483254, "totalOtherIncomeExpensesNet": -700000, "incomeBeforeTax": -6600000, "incomeBeforeTaxRatio": -0.1578947368, "incomeTaxExpense": 900000, "netIncome": -6800000, "netIncomeRatio": -0.1626794258, "eps": -0.17, "epsdiluted": -0.17, "weightedAverageShsOut": 40000000, "weightedAverageShsOutDil": 40000000, "link": "https://www.sec.gov/Archives/edgar/data/879169/000095014997000691/0000950149-97-000691-index.html", "finalLink": "https://www.sec.gov/Archives/edgar/data/879169/", "calculatedOtherExpenses": 6500000, "calculatedOperatingExpenses": 54200000, "calculatedNetInterest": 0, "calculatedOtherIncome": -700000, "calculatedIncomeNonControlling": -700000, "calculatedEbitda": 600000}, {"date": "1995-12-31", "symbol": "INCY", "reportedCurrency": "USD", "cik": "0000879169", "fillingDate": "1995-12-31", "acceptedDate": "1995-12-30 19:00:00", "calendarYear": "1995", "period": "FY", "revenue": 12200000, "costOfRevenue": -2600000, "grossProfit": 14800000, "grossProfitRatio": 1.2131147541, "researchAndDevelopmentExpenses": 19300000, "generalAndAdministrativeExpenses": 0, "sellingAndMarketingExpenses": 0, "sellingGeneralAndAdministrativeExpenses": 3900000, "otherExpenses": 6500000, "operatingExpenses": 25800000, "costAndExpenses": 23200000, "interestIncome": 0, "interestExpense": 0, "depreciationAndAmortization": 2600000, "ebitda": -9600000, "ebitdaratio": -0.7868852459, "operatingIncome": -11000000, "operatingIncomeRatio": -0.9016393443, "totalOtherIncomeExpensesNet": 1200000, "incomeBeforeTax": -9800000, "incomeBeforeTaxRatio": -0.8032786885, "incomeTaxExpense": -900000, "netIncome": -10100000, "netIncomeRatio": -0.8278688525, "eps": -0.31, "epsdiluted": -0.31, "weightedAverageShsOut": 33000000, "weightedAverageShsOutDil": 33000000, "link": "", "finalLink": "", "calculatedOtherExpenses": 2600000, "calculatedOperatingExpenses": 25800000, "calculatedNetInterest": 0, "calculatedOtherIncome": 1200000, "calculatedIncomeNonControlling": 1200000, "calculatedEbitda": -8400000}, {"date": "1994-12-31", "symbol": "INCY", "reportedCurrency": "USD", "cik": "0000879169", "fillingDate": "1994-12-31", "acceptedDate": "1994-12-30 19:00:00", "calendarYear": "1994", "period": "FY", "revenue": 200000, "costOfRevenue": -900000, "grossProfit": 1100000, "grossProfitRatio": 5.5, "researchAndDevelopmentExpenses": 0, "generalAndAdministrativeExpenses": 0, "sellingAndMarketingExpenses": 0, "sellingGeneralAndAdministrativeExpenses": 12300000, "otherExpenses": 13200000, "operatingExpenses": 13200000, "costAndExpenses": 12300000, "interestIncome": 0, "interestExpense": 0, "depreciationAndAmortization": 900000, "ebitda": -11900000, "ebitdaratio": -59.5, "operatingIncome": -12100000, "operatingIncomeRatio": -60.5, "totalOtherIncomeExpensesNet": 700000, "incomeBeforeTax": -11400000, "incomeBeforeTaxRatio": -57, "incomeTaxExpense": -600000, "netIncome": -11500000, "netIncomeRatio": -57.5, "eps": -0.41, "epsdiluted": -0.41, "weightedAverageShsOut": 28048780, "weightedAverageShsOutDil": 28048780, "link": "", "finalLink": "", "calculatedOtherExpenses": 900000, "calculatedOperatingExpenses": 13200000, "calculatedNetInterest": 0, "calculatedOtherIncome": 700000, "calculatedIncomeNonControlling": 700000, "calculatedEbitda": -11200000}, {"date": "1993-12-31", "symbol": "INCY", "reportedCurrency": "USD", "cik": "0000879169", "fillingDate": "1993-12-31", "acceptedDate": "1993-12-30 19:00:00", "calendarYear": "1993", "period": "FY", "revenue": 300000, "costOfRevenue": 3600000, "grossProfit": -3300000, "grossProfitRatio": -11, "researchAndDevelopmentExpenses": 0, "generalAndAdministrativeExpenses": 0, "sellingAndMarketingExpenses": 0, "sellingGeneralAndAdministrativeExpenses": 1200000, "otherExpenses": 1600000, "operatingExpenses": 1600000, "costAndExpenses": 5200000, "interestIncome": 0, "interestExpense": 0, "depreciationAndAmortization": 400000, "ebitda": -4700000, "ebitdaratio": -15.6666666667, "operatingIncome": -4900000, "operatingIncomeRatio": -16.3333333333, "totalOtherIncomeExpensesNet": 200000, "incomeBeforeTax": -4700000, "incomeBeforeTaxRatio": -15.6666666667, "incomeTaxExpense": 0, "netIncome": -4900000, "netIncomeRatio": -16.3333333333, "eps": -0.19, "epsdiluted": -0.19, "weightedAverageShsOut": 25584000, "weightedAverageShsOutDil": 25584000, "link": "", "finalLink": "", "calculatedOtherExpenses": 400000, "calculatedOperatingExpenses": 1600000, "calculatedNetInterest": 0, "calculatedOtherIncome": 200000, "calculatedIncomeNonControlling": 200000, "calculatedEbitda": -4500000}]}