{"originalCurrency": "USD", "convertedCurrency": "USD", "report": [{"date": "2023-12-31", "symbol": "INDB", "reportedCurrency": "USD", "cik": "0000776901", "fillingDate": "2024-01-18", "acceptedDate": "2024-01-18 16:18:02", "calendarYear": "2023", "period": "FY", "revenue": 795726000, "costOfRevenue": 0, "grossProfit": 795726000, "grossProfitRatio": 1, "researchAndDevelopmentExpenses": 0, "generalAndAdministrativeExpenses": 234088000, "sellingAndMarketingExpenses": 0, "sellingGeneralAndAdministrativeExpenses": 234088000, "otherExpenses": -480592000, "operatingExpenses": -480592000, "costAndExpenses": -480592000, "interestIncome": 124609000, "interestExpense": 189205000, "depreciationAndAmortization": 25778000, "ebitda": 315134000, "ebitdaratio": 0.3960333079, "operatingIncome": 315134000, "operatingIncomeRatio": 0.3960333079, "totalOtherIncomeExpensesNet": 315134000, "incomeBeforeTax": 315134000, "incomeBeforeTaxRatio": 0.3960333079, "incomeTaxExpense": 75632000, "netIncome": 239502000, "netIncomeRatio": 0.3009855151, "eps": 5.42, "epsdiluted": 5.42, "weightedAverageShsOut": 44181540, "weightedAverageShsOutDil": 44193547, "link": "https://www.sec.gov/Archives/edgar/data/776901/000077690124000003/0000776901-24-000003-index.htm", "finalLink": "https://www.sec.gov/Archives/edgar/data/776901/000077690124000003/exhibit991-indb12x31x2023e.htm", "calculatedOtherExpenses": 246504000, "calculatedOperatingExpenses": 480592000, "calculatedNetInterest": -64596000, "calculatedOtherIncome": 64596000, "calculatedIncomeNonControlling": 0, "calculatedEbitda": 340912000}, {"date": "2022-12-31", "symbol": "INDB", "reportedCurrency": "USD", "cik": "0000776901", "fillingDate": "2023-02-28", "acceptedDate": "2023-02-28 16:18:13", "calendarYear": "2022", "period": "FY", "revenue": 727916000, "costOfRevenue": 0, "grossProfit": 727916000, "grossProfitRatio": 1, "researchAndDevelopmentExpenses": 0, "generalAndAdministrativeExpenses": 211662000, "sellingAndMarketingExpenses": 0, "sellingGeneralAndAdministrativeExpenses": 211662000, "otherExpenses": -601032000, "operatingExpenses": -389370000, "costAndExpenses": -389370000, "interestIncome": 642840000, "interestExpense": 29591000, "depreciationAndAmortization": 38799000, "ebitda": 377345000, "ebitdaratio": 0.5183908583, "operatingIncome": 338546000, "operatingIncomeRatio": 0.4650893784, "totalOtherIncomeExpensesNet": 9208000, "incomeBeforeTax": 347754000, "incomeBeforeTaxRatio": 0.4777391897, "incomeTaxExpense": 83941000, "netIncome": 263813000, "netIncomeRatio": 0.3624223125, "eps": 5.69, "epsdiluted": 5.69, "weightedAverageShsOut": 46372051, "weightedAverageShsOutDil": 46389989, "link": "https://www.sec.gov/Archives/edgar/data/776901/000077690123000064/0000776901-23-000064-index.htm", "finalLink": "https://www.sec.gov/Archives/edgar/data/776901/000077690123000064/indb-20221231.htm", "calculatedOtherExpenses": 177708000, "calculatedOperatingExpenses": 389370000, "calculatedNetInterest": 613249000, "calculatedOtherIncome": -604041000, "calculatedIncomeNonControlling": 0, "calculatedEbitda": 377345000}, {"date": "2021-12-31", "symbol": "INDB", "reportedCurrency": "USD", "cik": "0000776901", "fillingDate": "2022-02-28", "acceptedDate": "2022-02-28 16:16:24", "calendarYear": "2021", "period": "FY", "revenue": 507409000, "costOfRevenue": 0, "grossProfit": 507409000, "grossProfitRatio": 1, "researchAndDevelopmentExpenses": 0, "generalAndAdministrativeExpenses": 183465000, "sellingAndMarketingExpenses": 4085000, "sellingGeneralAndAdministrativeExpenses": 183465000, "otherExpenses": -534199000, "operatingExpenses": -350734000, "costAndExpenses": -350734000, "interestIncome": 415276000, "interestExpense": 13717000, "depreciationAndAmortization": 32824000, "ebitda": 189499000, "ebitdaratio": 0.3734640103, "operatingIncome": 156675000, "operatingIncomeRatio": 0.3087745783, "totalOtherIncomeExpensesNet": 156675000, "incomeBeforeTax": 156675000, "incomeBeforeTaxRatio": 0.3087745783, "incomeTaxExpense": 35683000, "netIncome": 120992000, "netIncomeRatio": 0.2384506384, "eps": 3.47, "epsdiluted": 3.47, "weightedAverageShsOut": 34872034, "weightedAverageShsOutDil": 34888518, "link": "https://www.sec.gov/Archives/edgar/data/776901/000077690122000048/0000776901-22-000048-index.htm", "finalLink": "https://www.sec.gov/Archives/edgar/data/776901/000077690122000048/indb-20211231.htm", "calculatedOtherExpenses": 167269000, "calculatedOperatingExpenses": 350734000, "calculatedNetInterest": 401559000, "calculatedOtherIncome": -401559000, "calculatedIncomeNonControlling": 0, "calculatedEbitda": 189499000}, {"date": "2020-12-31", "symbol": "INDB", "reportedCurrency": "USD", "cik": "0000776901", "fillingDate": "2021-02-26", "acceptedDate": "2021-02-26 16:13:34", "calendarYear": "2020", "period": "FY", "revenue": 477451000, "costOfRevenue": 0, "grossProfit": 477451000, "grossProfitRatio": 1, "researchAndDevelopmentExpenses": 0, "generalAndAdministrativeExpenses": 161247000, "sellingAndMarketingExpenses": 4258000, "sellingGeneralAndAdministrativeExpenses": 161247000, "otherExpenses": -485862000, "operatingExpenses": -324615000, "costAndExpenses": -324615000, "interestIncome": 402069000, "interestExpense": 34341000, "depreciationAndAmortization": 27262000, "ebitda": 180098000, "ebitdaratio": 0.3772072946, "operatingIncome": 152836000, "operatingIncomeRatio": 0.3201082415, "totalOtherIncomeExpensesNet": 152836000, "incomeBeforeTax": 152836000, "incomeBeforeTaxRatio": 0.3201082415, "incomeTaxExpense": 31669000, "netIncome": 121167000, "netIncomeRatio": 0.2537789218, "eps": 3.64, "epsdiluted": 3.64, "weightedAverageShsOut": 33259642, "weightedAverageShsOutDil": 33285289, "link": "https://www.sec.gov/Archives/edgar/data/776901/000077690121000083/0000776901-21-000083-index.htm", "finalLink": "https://www.sec.gov/Archives/edgar/data/776901/000077690121000083/indb-20201231.htm", "calculatedOtherExpenses": 163368000, "calculatedOperatingExpenses": 324615000, "calculatedNetInterest": 367728000, "calculatedOtherIncome": -367728000, "calculatedIncomeNonControlling": 0, "calculatedEbitda": 180098000}, {"date": "2019-12-31", "symbol": "INDB", "reportedCurrency": "USD", "cik": "0000776901", "fillingDate": "2020-02-27", "acceptedDate": "2020-02-27 16:14:50", "calendarYear": "2019", "period": "FY", "revenue": 508429000, "costOfRevenue": 0, "grossProfit": 508429000, "grossProfitRatio": 1, "researchAndDevelopmentExpenses": 0, "generalAndAdministrativeExpenses": 157075000, "sellingAndMarketingExpenses": 5444000, "sellingGeneralAndAdministrativeExpenses": 157075000, "otherExpenses": -447396000, "operatingExpenses": -290321000, "costAndExpenses": -290321000, "interestIncome": 447014000, "interestExpense": 53879000, "depreciationAndAmortization": 19439000, "ebitda": 237547000, "ebitdaratio": 0.4672176449, "operatingIncome": 218108000, "operatingIncomeRatio": 0.4289841846, "totalOtherIncomeExpensesNet": 218108000, "incomeBeforeTax": 218108000, "incomeBeforeTaxRatio": 0.4289841846, "incomeTaxExpense": 52933000, "netIncome": 165175000, "netIncomeRatio": 0.3248732861, "eps": 5.03, "epsdiluted": 5.03, "weightedAverageShsOut": 32810433, "weightedAverageShsOutDil": 32856234, "link": "https://www.sec.gov/Archives/edgar/data/776901/000077690120000064/0000776901-20-000064-index.htm", "finalLink": "https://www.sec.gov/Archives/edgar/data/776901/000077690120000064/indb12-31x201910xk.htm", "calculatedOtherExpenses": 133246000, "calculatedOperatingExpenses": 290321000, "calculatedNetInterest": 393135000, "calculatedOtherIncome": -393135000, "calculatedIncomeNonControlling": 0, "calculatedEbitda": 237547000}, {"date": "2018-12-31", "symbol": "INDB", "reportedCurrency": "USD", "cik": "0000776901", "fillingDate": "2019-02-28", "acceptedDate": "2019-02-28 16:13:22", "calendarYear": "2018", "period": "FY", "revenue": 386670000, "costOfRevenue": 3429000, "grossProfit": 383241000, "grossProfitRatio": 0.991131973, "researchAndDevelopmentExpenses": 0, "generalAndAdministrativeExpenses": 132227000, "sellingAndMarketingExpenses": 4942000, "sellingGeneralAndAdministrativeExpenses": 132227000, "otherExpenses": -343150000, "operatingExpenses": -201779000, "costAndExpenses": -201779000, "interestIncome": 323701000, "interestExpense": 25536000, "depreciationAndAmortization": 15994000, "ebitda": 197456000, "ebitdaratio": 0.5106576667, "operatingIncome": 181462000, "operatingIncomeRatio": 0.4692942302, "totalOtherIncomeExpensesNet": -25536000, "incomeBeforeTax": 155926000, "incomeBeforeTaxRatio": 0.4032534202, "incomeTaxExpense": 34304000, "netIncome": 121622000, "netIncomeRatio": 0.3145369436, "eps": 4.41, "epsdiluted": 4.4, "weightedAverageShsOut": 27592380, "weightedAverageShsOutDil": 27653808, "link": "https://www.sec.gov/Archives/edgar/data/776901/000077690119000069/0000776901-19-000069-index.htm", "finalLink": "https://www.sec.gov/Archives/edgar/data/776901/000077690119000069/indb12-31x201810xk.htm", "calculatedOtherExpenses": 69552000, "calculatedOperatingExpenses": 201779000, "calculatedNetInterest": 298165000, "calculatedOtherIncome": -323701000, "calculatedIncomeNonControlling": 0, "calculatedEbitda": 197456000}, {"date": "2017-12-31", "symbol": "INDB", "reportedCurrency": "USD", "cik": "0000776901", "fillingDate": "2018-02-27", "acceptedDate": "2018-02-27 16:14:59", "calendarYear": "2017", "period": "FY", "revenue": 341838000, "costOfRevenue": 0, "grossProfit": 341838000, "grossProfitRatio": 1, "researchAndDevelopmentExpenses": 0, "generalAndAdministrativeExpenses": 124656000, "sellingAndMarketingExpenses": 4989000, "sellingGeneralAndAdministrativeExpenses": 124656000, "otherExpenses": -313615000, "operatingExpenses": -188959000, "costAndExpenses": -188959000, "interestIncome": 277194000, "interestExpense": 18334000, "depreciationAndAmortization": 15681000, "ebitda": 168560000, "ebitdaratio": 0.4930990703, "operatingIncome": 152879000, "operatingIncomeRatio": 0.447226464, "totalOtherIncomeExpensesNet": -18334000, "incomeBeforeTax": 134545000, "incomeBeforeTaxRatio": 0.3935928715, "incomeTaxExpense": 47341000, "netIncome": 87204000, "netIncomeRatio": 0.2551032945, "eps": 3.19, "epsdiluted": 3.19, "weightedAverageShsOut": 27294028, "weightedAverageShsOutDil": 27372104, "link": "https://www.sec.gov/Archives/edgar/data/776901/000077690118000068/0000776901-18-000068-index.htm", "finalLink": "https://www.sec.gov/Archives/edgar/data/776901/000077690118000068/indb12-31x201710xk.htm", "calculatedOtherExpenses": 64303000, "calculatedOperatingExpenses": 188959000, "calculatedNetInterest": 258860000, "calculatedOtherIncome": -277194000, "calculatedIncomeNonControlling": 0, "calculatedEbitda": 168560000}, {"date": "2016-12-31", "symbol": "INDB", "reportedCurrency": "USD", "cik": "0000776901", "fillingDate": "2017-02-28", "acceptedDate": "2017-02-28 16:15:19", "calendarYear": "2016", "period": "FY", "revenue": 310240000, "costOfRevenue": 0, "grossProfit": 310240000, "grossProfitRatio": 1, "researchAndDevelopmentExpenses": 0, "generalAndAdministrativeExpenses": 116991000, "sellingAndMarketingExpenses": 5202000, "sellingGeneralAndAdministrativeExpenses": 116991000, "otherExpenses": -296363000, "operatingExpenses": -179372000, "costAndExpenses": -179372000, "interestIncome": 246637000, "interestExpense": 18793000, "depreciationAndAmortization": 14354000, "ebitda": 145222000, "ebitdaratio": 0.4680956679, "operatingIncome": 130868000, "operatingIncomeRatio": 0.421828262, "totalOtherIncomeExpensesNet": -18793000, "incomeBeforeTax": 112075000, "incomeBeforeTaxRatio": 0.3612525786, "incomeTaxExpense": 35427000, "netIncome": 76648000, "netIncomeRatio": 0.2470603404, "eps": 2.9, "epsdiluted": 2.9, "weightedAverageShsOut": 26404071, "weightedAverageShsOutDil": 26455918, "link": "https://www.sec.gov/Archives/edgar/data/776901/000077690117000063/0000776901-17-000063-index.htm", "finalLink": "https://www.sec.gov/Archives/edgar/data/776901/000077690117000063/indb1231201610-k.htm", "calculatedOtherExpenses": 62381000, "calculatedOperatingExpenses": 179372000, "calculatedNetInterest": 227844000, "calculatedOtherIncome": -246637000, "calculatedIncomeNonControlling": 0, "calculatedEbitda": 145222000}, {"date": "2015-12-31", "symbol": "INDB", "reportedCurrency": "USD", "cik": "0000776901", "fillingDate": "2016-02-25", "acceptedDate": "2016-02-25 16:27:11", "calendarYear": "2015", "period": "FY", "revenue": 289593000, "costOfRevenue": 0, "grossProfit": 289593000, "grossProfitRatio": 1, "researchAndDevelopmentExpenses": 0, "generalAndAdministrativeExpenses": 113678000, "sellingAndMarketingExpenses": 4645000, "sellingGeneralAndAdministrativeExpenses": 113678000, "otherExpenses": -290476000, "operatingExpenses": -176798000, "costAndExpenses": -176798000, "interestIncome": 235545000, "interestExpense": 20617000, "depreciationAndAmortization": 12285000, "ebitda": 125080000, "ebitdaratio": 0.4319165173, "operatingIncome": 112795000, "operatingIncomeRatio": 0.3894949118, "totalOtherIncomeExpensesNet": -20617000, "incomeBeforeTax": 92178000, "incomeBeforeTaxRatio": 0.3183018927, "incomeTaxExpense": 27218000, "netIncome": 64960000, "netIncomeRatio": 0.2243148142, "eps": 2.51, "epsdiluted": 2.5, "weightedAverageShsOut": 25891382, "weightedAverageShsOutDil": 25959948, "link": "https://www.sec.gov/Archives/edgar/data/776901/000077690116000317/0000776901-16-000317-index.htm", "finalLink": "https://www.sec.gov/Archives/edgar/data/776901/000077690116000317/indb1231201510-k.htm", "calculatedOtherExpenses": 63120000, "calculatedOperatingExpenses": 176798000, "calculatedNetInterest": 214928000, "calculatedOtherIncome": -235545000, "calculatedIncomeNonControlling": 0, "calculatedEbitda": 125080000}, {"date": "2014-12-31", "symbol": "INDB", "reportedCurrency": "USD", "cik": "0000776901", "fillingDate": "2015-02-27", "acceptedDate": "2015-02-27 16:04:11", "calendarYear": "2014", "period": "FY", "revenue": 264863000, "costOfRevenue": 0, "grossProfit": 264863000, "grossProfitRatio": 1, "researchAndDevelopmentExpenses": 0, "generalAndAdministrativeExpenses": 102579000, "sellingAndMarketingExpenses": 3859000, "sellingGeneralAndAdministrativeExpenses": 102579000, "otherExpenses": -263281000, "operatingExpenses": -160702000, "costAndExpenses": -160702000, "interestIncome": 216459000, "interestExpense": 20417000, "depreciationAndAmortization": 11011000, "ebitda": 115172000, "ebitdaratio": 0.4348361228, "operatingIncome": 104161000, "operatingIncomeRatio": 0.3932636873, "totalOtherIncomeExpensesNet": -20417000, "incomeBeforeTax": 83744000, "incomeBeforeTaxRatio": 0.3161785527, "incomeTaxExpense": 23899000, "netIncome": 59845000, "netIncomeRatio": 0.225946999, "eps": 2.5, "epsdiluted": 2.49, "weightedAverageShsOut": 23899562, "weightedAverageShsOutDil": 23993377, "link": "https://www.sec.gov/Archives/edgar/data/776901/000077690115000063/0000776901-15-000063-index.htm", "finalLink": "https://www.sec.gov/Archives/edgar/data/776901/000077690115000063/indb1231201410.htm", "calculatedOtherExpenses": 58123000, "calculatedOperatingExpenses": 160702000, "calculatedNetInterest": 196042000, "calculatedOtherIncome": -216459000, "calculatedIncomeNonControlling": 0, "calculatedEbitda": 115172000}, {"date": "2013-12-31", "symbol": "INDB", "reportedCurrency": "USD", "cik": "0000776901", "fillingDate": "2014-02-28", "acceptedDate": "2014-02-28 16:03:54", "calendarYear": "2013", "period": "FY", "revenue": 249824000, "costOfRevenue": 0, "grossProfit": 249824000, "grossProfitRatio": 1, "researchAndDevelopmentExpenses": 0, "generalAndAdministrativeExpenses": 98221000, "sellingAndMarketingExpenses": 4280000, "sellingGeneralAndAdministrativeExpenses": 98221000, "otherExpenses": 0, "operatingExpenses": 4280000, "costAndExpenses": 4280000, "interestIncome": 205914000, "interestExpense": 23336000, "depreciationAndAmortization": 8490000, "ebitda": 98564000, "ebitdaratio": 0.3945337518, "operatingIncome": 90074000, "operatingIncomeRatio": 0.3605498271, "totalOtherIncomeExpensesNet": -23336000, "incomeBeforeTax": 66738000, "incomeBeforeTaxRatio": 0.2671400666, "incomeTaxExpense": 16484000, "netIncome": 50254000, "netIncomeRatio": 0.201157615, "eps": 2.18, "epsdiluted": 2.18, "weightedAverageShsOut": 23011814, "weightedAverageShsOutDil": 23088578, "link": "https://www.sec.gov/Archives/edgar/data/776901/000077690114000009/0000776901-14-000009-index.htm", "finalLink": "https://www.sec.gov/Archives/edgar/data/776901/000077690114000009/indb1231201310-k.htm", "calculatedOtherExpenses": 61529000, "calculatedOperatingExpenses": 159750000, "calculatedNetInterest": 182578000, "calculatedOtherIncome": -205914000, "calculatedIncomeNonControlling": 0, "calculatedEbitda": 98564000}, {"date": "2012-12-31", "symbol": "INDB", "reportedCurrency": "USD", "cik": "0000776901", "fillingDate": "2013-03-12", "acceptedDate": "2013-03-12 16:24:33", "calendarYear": "2012", "period": "FY", "revenue": 234808000, "costOfRevenue": 0, "grossProfit": 234808000, "grossProfitRatio": 1, "researchAndDevelopmentExpenses": 0, "generalAndAdministrativeExpenses": 91890000, "sellingAndMarketingExpenses": 3949000, "sellingGeneralAndAdministrativeExpenses": 91890000, "otherExpenses": -246005000, "operatingExpenses": -154115000, "costAndExpenses": -154115000, "interestIncome": 196192000, "interestExpense": 23393000, "depreciationAndAmortization": 10212000, "ebitda": 90905000, "ebitdaratio": 0.3871460938, "operatingIncome": 80693000, "operatingIncomeRatio": 0.3436552417, "totalOtherIncomeExpensesNet": -23393000, "incomeBeforeTax": 57300000, "incomeBeforeTaxRatio": 0.2440291643, "incomeTaxExpense": 14673000, "netIncome": 42627000, "netIncomeRatio": 0.1815398113, "eps": 1.96, "epsdiluted": 1.95, "weightedAverageShsOut": 21782499, "weightedAverageShsOutDil": 21812316, "link": "https://www.sec.gov/Archives/edgar/data/776901/000077690113000009/0000776901-13-000009-index.htm", "finalLink": "https://www.sec.gov/Archives/edgar/data/776901/000077690113000009/indb1231201210-k.htm", "calculatedOtherExpenses": 62225000, "calculatedOperatingExpenses": 154115000, "calculatedNetInterest": 172799000, "calculatedOtherIncome": -196192000, "calculatedIncomeNonControlling": 0, "calculatedEbitda": 90905000}, {"date": "2011-12-31", "symbol": "INDB", "reportedCurrency": "USD", "cik": "0000776901", "fillingDate": "2012-03-09", "acceptedDate": "2012-03-09 16:14:48", "calendarYear": "2011", "period": "FY", "revenue": 219779000, "costOfRevenue": 0, "grossProfit": 219779000, "grossProfitRatio": 1, "researchAndDevelopmentExpenses": 0, "generalAndAdministrativeExpenses": 89662000, "sellingAndMarketingExpenses": 3876000, "sellingGeneralAndAdministrativeExpenses": 89662000, "otherExpenses": -218185000, "operatingExpenses": -128523000, "costAndExpenses": -128523000, "interestIncome": 195751000, "interestExpense": 28672000, "depreciationAndAmortization": 9634000, "ebitda": 100890000, "ebitdaratio": 0.4590520477, "operatingIncome": 91256000, "operatingIncomeRatio": 0.4152171045, "totalOtherIncomeExpensesNet": -28672000, "incomeBeforeTax": 62584000, "incomeBeforeTaxRatio": 0.2847587804, "incomeTaxExpense": 17148000, "netIncome": 45436000, "netIncomeRatio": 0.2067349474, "eps": 2.12, "epsdiluted": 2.12, "weightedAverageShsOut": 21422757, "weightedAverageShsOutDil": 21451587, "link": "https://www.sec.gov/Archives/edgar/data/776901/000119312512106946/0001193125-12-106946-index.htm", "finalLink": "https://www.sec.gov/Archives/edgar/data/776901/000119312512106946/d274411d10k.htm", "calculatedOtherExpenses": 38861000, "calculatedOperatingExpenses": 128523000, "calculatedNetInterest": 167079000, "calculatedOtherIncome": -195751000, "calculatedIncomeNonControlling": 0, "calculatedEbitda": 100890000}, {"date": "2010-12-31", "symbol": "INDB", "reportedCurrency": "USD", "cik": "0000776901", "fillingDate": "2011-03-08", "acceptedDate": "2011-03-08 16:30:02", "calendarYear": "2010", "period": "FY", "revenue": 210867000, "costOfRevenue": 0, "grossProfit": 210867000, "grossProfitRatio": 1, "researchAndDevelopmentExpenses": 0, "generalAndAdministrativeExpenses": 88003000, "sellingAndMarketingExpenses": 2171000, "sellingGeneralAndAdministrativeExpenses": 88003000, "otherExpenses": -458000, "operatingExpenses": 87545000, "costAndExpenses": 87545000, "interestIncome": 178067000, "interestExpense": 38763000, "depreciationAndAmortization": 9880000, "ebitda": 101110000, "ebitdaratio": 0.4794965547, "operatingIncome": 91230000, "operatingIncomeRatio": 0.4326423765, "totalOtherIncomeExpensesNet": -38763000, "incomeBeforeTax": 52467000, "incomeBeforeTaxRatio": 0.2488156041, "incomeTaxExpense": 12227000, "netIncome": 40240000, "netIncomeRatio": 0.1908311874, "eps": 1.9, "epsdiluted": 1.9, "weightedAverageShsOut": 21178117, "weightedAverageShsOutDil": 21203915, "link": "https://www.sec.gov/Archives/edgar/data/776901/000095012311023148/0000950123-11-023148-index.htm", "finalLink": "https://www.sec.gov/Archives/edgar/data/776901/000095012311023148/b84117e10vk.htm", "calculatedOtherExpenses": 31634000, "calculatedOperatingExpenses": 119637000, "calculatedNetInterest": 139304000, "calculatedOtherIncome": -178067000, "calculatedIncomeNonControlling": 0, "calculatedEbitda": 101110000}, {"date": "2009-12-31", "symbol": "INDB", "reportedCurrency": "USD", "cik": "0000776901", "fillingDate": "2010-03-10", "acceptedDate": "2010-03-10 16:26:10", "calendarYear": "2009", "period": "FY", "revenue": 188886000, "costOfRevenue": 0, "grossProfit": 188886000, "grossProfitRatio": 1, "researchAndDevelopmentExpenses": 0, "generalAndAdministrativeExpenses": 81011000, "sellingAndMarketingExpenses": 2199000, "sellingGeneralAndAdministrativeExpenses": 81011000, "otherExpenses": -1354000, "operatingExpenses": 79657000, "costAndExpenses": 79657000, "interestIncome": 173047000, "interestExpense": 51995000, "depreciationAndAmortization": 5744000, "ebitda": 87475000, "ebitdaratio": 0.463110024, "operatingIncome": 81731000, "operatingIncomeRatio": 0.4327001472, "totalOtherIncomeExpensesNet": -51995000, "incomeBeforeTax": 29736000, "incomeBeforeTaxRatio": 0.1574282901, "incomeTaxExpense": 6747000, "netIncome": 22989000, "netIncomeRatio": 0.121708332, "eps": 0.88, "epsdiluted": 0.88, "weightedAverageShsOut": 19642965, "weightedAverageShsOutDil": 19673156, "link": "https://www.sec.gov/Archives/edgar/data/776901/000095012310023069/0000950123-10-023069-index.htm", "finalLink": "https://www.sec.gov/Archives/edgar/data/776901/000095012310023069/b78701e10vk.htm", "calculatedOtherExpenses": 26144000, "calculatedOperatingExpenses": 107155000, "calculatedNetInterest": 121052000, "calculatedOtherIncome": -173047000, "calculatedIncomeNonControlling": 0, "calculatedEbitda": 87475000}, {"date": "2008-12-31", "symbol": "INDB", "reportedCurrency": "USD", "cik": "0000776901", "fillingDate": "2009-03-10", "acceptedDate": "2009-03-10 16:40:35", "calendarYear": "2008", "period": "FY", "revenue": 145546000, "costOfRevenue": 0, "grossProfit": 145546000, "grossProfitRatio": 1, "researchAndDevelopmentExpenses": 0, "generalAndAdministrativeExpenses": 58275000, "sellingAndMarketingExpenses": 2016000, "sellingGeneralAndAdministrativeExpenses": 60291000, "otherExpenses": -116396000, "operatingExpenses": -56105000, "costAndExpenses": -56105000, "interestIncome": 176388000, "interestExpense": 58926000, "depreciationAndAmortization": 6749000, "ebitda": 96190000, "ebitdaratio": 0.660890715, "operatingIncome": 89441000, "operatingIncomeRatio": 0.6145204952, "totalOtherIncomeExpensesNet": -58926000, "incomeBeforeTax": 30515000, "incomeBeforeTaxRatio": 0.209658802, "incomeTaxExpense": 6551000, "netIncome": 23964000, "netIncomeRatio": 0.164648977, "eps": 1.53, "epsdiluted": 1.52, "weightedAverageShsOut": 15694555, "weightedAverageShsOutDil": 15759482, "link": "https://www.sec.gov/Archives/edgar/data/776901/000095013509001644/0000950135-09-001644-index.htm", "finalLink": "https://www.sec.gov/Archives/edgar/data/776901/000095013509001644/b74547ibe10vk.htm", "calculatedOtherExpenses": -4186000, "calculatedOperatingExpenses": 56105000, "calculatedNetInterest": 117462000, "calculatedOtherIncome": -176388000, "calculatedIncomeNonControlling": 0, "calculatedEbitda": 96190000}, {"date": "2007-12-31", "symbol": "INDB", "reportedCurrency": "USD", "cik": "0000776901", "fillingDate": "2008-03-14", "acceptedDate": "2008-03-14 15:15:24", "calendarYear": "2007", "period": "FY", "revenue": 128234000, "costOfRevenue": 0, "grossProfit": 128234000, "grossProfitRatio": 1, "researchAndDevelopmentExpenses": 0, "generalAndAdministrativeExpenses": 52520000, "sellingAndMarketingExpenses": 1717000, "sellingGeneralAndAdministrativeExpenses": 54237000, "otherExpenses": -81744000, "operatingExpenses": -27507000, "costAndExpenses": -27507000, "interestIncome": 159738000, "interestExpense": 63555000, "depreciationAndAmortization": 5659000, "ebitda": 106386000, "ebitdaratio": 0.8296239687, "operatingIncome": 100727000, "operatingIncomeRatio": 0.7854937068, "totalOtherIncomeExpensesNet": -63555000, "incomeBeforeTax": 37172000, "incomeBeforeTaxRatio": 0.2898763199, "incomeTaxExpense": 8791000, "netIncome": 28381000, "netIncomeRatio": 0.2213219583, "eps": 2.02, "epsdiluted": 2, "weightedAverageShsOut": 14033257, "weightedAverageShsOutDil": 14160598, "link": "https://www.sec.gov/Archives/edgar/data/776901/000095013508001787/0000950135-08-001787-index.htm", "finalLink": "https://www.sec.gov/Archives/edgar/data/776901/000095013508001787/b68137ibe10vk.htm", "calculatedOtherExpenses": -26730000, "calculatedOperatingExpenses": 27507000, "calculatedNetInterest": 96183000, "calculatedOtherIncome": -159738000, "calculatedIncomeNonControlling": 0, "calculatedEbitda": 106386000}, {"date": "2006-12-31", "symbol": "INDB", "reportedCurrency": "USD", "cik": "0000776901", "fillingDate": "2007-02-28", "acceptedDate": "2007-02-28 17:26:42", "calendarYear": "2006", "period": "FY", "revenue": 129299000, "costOfRevenue": 0, "grossProfit": 129299000, "grossProfitRatio": 1, "researchAndDevelopmentExpenses": 0, "generalAndAdministrativeExpenses": 47890000, "sellingAndMarketingExpenses": 1364000, "sellingGeneralAndAdministrativeExpenses": 49254000, "otherExpenses": -65905000, "operatingExpenses": -16651000, "costAndExpenses": -16651000, "interestIncome": 167693000, "interestExpense": 65038000, "depreciationAndAmortization": 6371000, "ebitda": 119019000, "ebitdaratio": 0.920494358, "operatingIncome": 112648000, "operatingIncomeRatio": 0.8712209685, "totalOtherIncomeExpensesNet": -65038000, "incomeBeforeTax": 47610000, "incomeBeforeTaxRatio": 0.3682163048, "incomeTaxExpense": 14759000, "netIncome": 32851000, "netIncomeRatio": 0.2540700237, "eps": 2.2, "epsdiluted": 2.17, "weightedAverageShsOut": 14938095, "weightedAverageShsOutDil": 15109873, "link": "https://www.sec.gov/Archives/edgar/data/776901/000095013507001287/0000950135-07-001287-index.htm", "finalLink": "https://www.sec.gov/Archives/edgar/data/776901/000095013507001287/b63636ibe10vk.htm", "calculatedOtherExpenses": -32603000, "calculatedOperatingExpenses": 16651000, "calculatedNetInterest": 102655000, "calculatedOtherIncome": -167693000, "calculatedIncomeNonControlling": 0, "calculatedEbitda": 119019000}, {"date": "2005-12-31", "symbol": "INDB", "reportedCurrency": "USD", "cik": "0000776901", "fillingDate": "2006-03-03", "acceptedDate": "2006-03-03 16:26:47", "calendarYear": "2005", "period": "FY", "revenue": 132993000, "costOfRevenue": 0, "grossProfit": 132993000, "grossProfitRatio": 1, "researchAndDevelopmentExpenses": 0, "generalAndAdministrativeExpenses": 47912000, "sellingAndMarketingExpenses": 1959000, "sellingGeneralAndAdministrativeExpenses": 49871000, "otherExpenses": -84720000, "operatingExpenses": -34849000, "costAndExpenses": -34849000, "interestIncome": 155661000, "interestExpense": 49818000, "depreciationAndAmortization": 5978000, "ebitda": 104122000, "ebitdaratio": 0.7829133864, "operatingIncome": 98144000, "operatingIncomeRatio": 0.7379636522, "totalOtherIncomeExpensesNet": -49818000, "incomeBeforeTax": 48326000, "incomeBeforeTaxRatio": 0.3633725083, "incomeTaxExpense": 15121000, "netIncome": 33205000, "netIncomeRatio": 0.2496747949, "eps": 2.16, "epsdiluted": 2.14, "weightedAverageShsOut": 15378187, "weightedAverageShsOutDil": 15521915, "link": "https://www.sec.gov/Archives/edgar/data/776901/000095013506001378/0000950135-06-001378-index.htm", "finalLink": "https://www.sec.gov/Archives/edgar/data/776901/000095013506001378/b58505ibe10vk.htm", "calculatedOtherExpenses": -15022000, "calculatedOperatingExpenses": 34849000, "calculatedNetInterest": 105843000, "calculatedOtherIncome": -155661000, "calculatedIncomeNonControlling": 0, "calculatedEbitda": 104122000}, {"date": "2004-12-31", "symbol": "INDB", "reportedCurrency": "USD", "cik": "0000776901", "fillingDate": "2005-03-04", "acceptedDate": "2005-03-04 17:14:54", "calendarYear": "2004", "period": "FY", "revenue": 126171000, "costOfRevenue": 0, "grossProfit": 126171000, "grossProfitRatio": 1, "researchAndDevelopmentExpenses": 0, "generalAndAdministrativeExpenses": 44899000, "sellingAndMarketingExpenses": 2447000, "sellingGeneralAndAdministrativeExpenses": 47346000, "otherExpenses": 0, "operatingExpenses": 2447000, "costAndExpenses": 2447000, "interestIncome": 134613000, "interestExpense": 36797000, "depreciationAndAmortization": 5872000, "ebitda": 87059000, "ebitdaratio": 0.690008005, "operatingIncome": 81187000, "operatingIncomeRatio": 0.6434679919, "totalOtherIncomeExpensesNet": -36797000, "incomeBeforeTax": 44390000, "incomeBeforeTaxRatio": 0.3518241117, "incomeTaxExpense": 13623000, "netIncome": 30767000, "netIncomeRatio": 0.2438515982, "eps": 2.06, "epsdiluted": 2.06, "weightedAverageShsOut": 14935437, "weightedAverageShsOutDil": 15039756, "link": "https://www.sec.gov/Archives/edgar/data/776901/000095013505001226/0000950135-05-001226-index.htm", "finalLink": "https://www.sec.gov/Archives/edgar/data/776901/000095013505001226/b52922ibe10vk.htm", "calculatedOtherExpenses": -2362000, "calculatedOperatingExpenses": 44984000, "calculatedNetInterest": 97816000, "calculatedOtherIncome": -134613000, "calculatedIncomeNonControlling": 0, "calculatedEbitda": 87059000}, {"date": "2003-12-31", "symbol": "INDB", "reportedCurrency": "USD", "cik": "0000776901", "fillingDate": "2004-02-25", "acceptedDate": "2004-02-25 12:25:10", "calendarYear": "2003", "period": "FY", "revenue": 123567000, "costOfRevenue": 0, "grossProfit": 123567000, "grossProfitRatio": 1, "researchAndDevelopmentExpenses": 0, "generalAndAdministrativeExpenses": 41508000, "sellingAndMarketingExpenses": 1985000, "sellingGeneralAndAdministrativeExpenses": 43493000, "otherExpenses": 0, "operatingExpenses": 1985000, "costAndExpenses": 1985000, "interestIncome": 128306000, "interestExpense": 32533000, "depreciationAndAmortization": 5558000, "ebitda": 80058000, "ebitdaratio": 0.6478914273, "operatingIncome": 74500000, "operatingIncomeRatio": 0.6029117807, "totalOtherIncomeExpensesNet": -32533000, "incomeBeforeTax": 41967000, "incomeBeforeTaxRatio": 0.3396295127, "incomeTaxExpense": 15536000, "netIncome": 26431000, "netIncomeRatio": 0.2139001513, "eps": 1.82, "epsdiluted": 1.79, "weightedAverageShsOut": 14558031, "weightedAverageShsOutDil": 14738078, "link": "https://www.sec.gov/Archives/edgar/data/776901/000095013504000922/0000950135-04-000922-index.htm", "finalLink": "https://www.sec.gov/Archives/edgar/data/776901/000095013504000922/b48901ibe10vk.htm", "calculatedOtherExpenses": 5574000, "calculatedOperatingExpenses": 49067000, "calculatedNetInterest": 95773000, "calculatedOtherIncome": -128306000, "calculatedIncomeNonControlling": 0, "calculatedEbitda": 80058000}, {"date": "2002-12-31", "symbol": "INDB", "reportedCurrency": "USD", "cik": "0000776901", "fillingDate": "2003-02-19", "acceptedDate": "2003-02-19 12:30:51", "calendarYear": "2002", "period": "FY", "revenue": 123388000, "costOfRevenue": 0, "grossProfit": 123388000, "grossProfitRatio": 1, "researchAndDevelopmentExpenses": 0, "generalAndAdministrativeExpenses": 40274000, "sellingAndMarketingExpenses": 1894000, "sellingGeneralAndAdministrativeExpenses": 42168000, "otherExpenses": 0, "operatingExpenses": 1894000, "costAndExpenses": 1894000, "interestIncome": 140825000, "interestExpense": 40794000, "depreciationAndAmortization": 4311000, "ebitda": 82464000, "ebitdaratio": 0.6683307939, "operatingIncome": 78153000, "operatingIncomeRatio": 0.6333922261, "totalOtherIncomeExpensesNet": -40794000, "incomeBeforeTax": 37359000, "incomeBeforeTaxRatio": 0.3027766071, "incomeTaxExpense": 12293000, "netIncome": 25066000, "netIncomeRatio": 0.203147794, "eps": 1.63, "epsdiluted": 1.61, "weightedAverageShsOut": 14415570, "weightedAverageShsOutDil": 14619560, "link": "https://www.sec.gov/Archives/edgar/data/776901/000104746903006026/0001047469-03-006026-index.htm", "finalLink": "https://www.sec.gov/Archives/edgar/data/776901/000104746903006026/a2102654z10-k.htm", "calculatedOtherExpenses": 3067000, "calculatedOperatingExpenses": 45235000, "calculatedNetInterest": 100031000, "calculatedOtherIncome": -140825000, "calculatedIncomeNonControlling": 0, "calculatedEbitda": 82464000}, {"date": "2001-12-31", "symbol": "INDB", "reportedCurrency": "USD", "cik": "0000776901", "fillingDate": "2002-03-06", "acceptedDate": "2002-03-06 00:00:00", "calendarYear": "2001", "period": "FY", "revenue": 111869000, "costOfRevenue": 0, "grossProfit": 111869000, "grossProfitRatio": 1, "researchAndDevelopmentExpenses": 0, "generalAndAdministrativeExpenses": 36904000, "sellingAndMarketingExpenses": 0, "sellingGeneralAndAdministrativeExpenses": 36904000, "otherExpenses": -61758000, "operatingExpenses": -24854000, "costAndExpenses": -24854000, "interestIncome": 145069000, "interestExpense": 54478000, "depreciationAndAmortization": 7586000, "ebitda": 94601000, "ebitdaratio": 0.8456408835, "operatingIncome": 87015000, "operatingIncomeRatio": 0.7778294255, "totalOtherIncomeExpensesNet": -54478000, "incomeBeforeTax": 32537000, "incomeBeforeTaxRatio": 0.2908491182, "incomeTaxExpense": 10485000, "netIncome": 22052000, "netIncomeRatio": 0.1971234211, "eps": 1.54, "epsdiluted": 1.53, "weightedAverageShsOut": 14290504, "weightedAverageShsOutDil": 14445243, "link": "https://www.sec.gov/Archives/edgar/data/776901/000091205702008895/0000912057-02-008895-index.htm", "finalLink": "https://www.sec.gov/Archives/edgar/data/776901/000091205702008895/a2071739z10-k.htm", "calculatedOtherExpenses": -12050000, "calculatedOperatingExpenses": 24854000, "calculatedNetInterest": 90591000, "calculatedOtherIncome": -145069000, "calculatedIncomeNonControlling": 0, "calculatedEbitda": 94601000}, {"date": "2000-12-31", "symbol": "INDB", "reportedCurrency": "USD", "cik": "0000776901", "fillingDate": "2001-03-29", "acceptedDate": "2001-03-29 00:00:00", "calendarYear": "2000", "period": "FY", "revenue": 88565000, "costOfRevenue": 0, "grossProfit": 88565000, "grossProfitRatio": 1, "researchAndDevelopmentExpenses": 0, "generalAndAdministrativeExpenses": 28345000, "sellingAndMarketingExpenses": 1549000, "sellingGeneralAndAdministrativeExpenses": 29894000, "otherExpenses": -41436000, "operatingExpenses": -11542000, "costAndExpenses": -11542000, "interestIncome": 127566000, "interestExpense": 55419000, "depreciationAndAmortization": 5600000, "ebitda": 82623000, "ebitdaratio": 0.9329080336, "operatingIncome": 77023000, "operatingIncomeRatio": 0.8696776379, "totalOtherIncomeExpensesNet": -55419000, "incomeBeforeTax": 21604000, "incomeBeforeTaxRatio": 0.2439338339, "incomeTaxExpense": 6414000, "netIncome": 15190000, "netIncomeRatio": 0.1715124485, "eps": 1.07, "epsdiluted": 1.06, "weightedAverageShsOut": 14238148, "weightedAverageShsOutDil": 14305167, "link": "https://www.sec.gov/Archives/edgar/data/776901/000091205701008701/0000912057-01-008701-index.htm", "finalLink": "https://www.sec.gov/Archives/edgar/data/776901/000091205701008701/a2043346z10-k405.txt", "calculatedOtherExpenses": -18352000, "calculatedOperatingExpenses": 11542000, "calculatedNetInterest": 72147000, "calculatedOtherIncome": -127566000, "calculatedIncomeNonControlling": 0, "calculatedEbitda": 82623000}, {"date": "1999-12-31", "symbol": "INDB", "reportedCurrency": "USD", "cik": "0000776901", "fillingDate": "2000-03-29", "acceptedDate": "2000-03-29 00:00:00", "calendarYear": "1999", "period": "FY", "revenue": 76621000, "costOfRevenue": 0, "grossProfit": 76621000, "grossProfitRatio": 1, "researchAndDevelopmentExpenses": 0, "generalAndAdministrativeExpenses": 23716000, "sellingAndMarketingExpenses": 1197000, "sellingGeneralAndAdministrativeExpenses": 24913000, "otherExpenses": -26780000, "operatingExpenses": -1867000, "costAndExpenses": -1867000, "interestIncome": 112006000, "interestExpense": 50178000, "depreciationAndAmortization": 4544000, "ebitda": 79298000, "ebitdaratio": 1.0349382023, "operatingIncome": 74754000, "operatingIncomeRatio": 0.975633312, "totalOtherIncomeExpensesNet": -50178000, "incomeBeforeTax": 24576000, "incomeBeforeTaxRatio": 0.3207475757, "incomeTaxExpense": 7545000, "netIncome": 17031000, "netIncomeRatio": 0.2222758774, "eps": 1.2, "epsdiluted": 1.19, "weightedAverageShsOut": 14213390, "weightedAverageShsOutDil": 14365656, "link": "https://www.sec.gov/Archives/edgar/data/776901/000091205700014462/0000912057-00-014462-index.html", "finalLink": "https://www.sec.gov/Archives/edgar/data/776901/000091205700014462/", "calculatedOtherExpenses": -23046000, "calculatedOperatingExpenses": 1867000, "calculatedNetInterest": 61828000, "calculatedOtherIncome": -112006000, "calculatedIncomeNonControlling": 0, "calculatedEbitda": 79298000}, {"date": "1998-12-31", "symbol": "INDB", "reportedCurrency": "USD", "cik": "0000776901", "fillingDate": "1999-03-31", "acceptedDate": "1999-03-31 00:00:00", "calendarYear": "1998", "period": "FY", "revenue": 72200000, "costOfRevenue": 0, "grossProfit": 72200000, "grossProfitRatio": 1, "researchAndDevelopmentExpenses": 0, "generalAndAdministrativeExpenses": 21100000, "sellingAndMarketingExpenses": 0, "sellingGeneralAndAdministrativeExpenses": 21100000, "otherExpenses": -19800000, "operatingExpenses": 1300000, "costAndExpenses": 1300000, "interestIncome": 108700000, "interestExpense": 49600000, "depreciationAndAmortization": 4200000, "ebitda": 77700000, "ebitdaratio": 1.0761772853, "operatingIncome": 73500000, "operatingIncomeRatio": 1.0180055402, "totalOtherIncomeExpensesNet": -49600000, "incomeBeforeTax": 23900000, "incomeBeforeTaxRatio": 0.3310249307, "incomeTaxExpense": 7800000, "netIncome": 16100000, "netIncomeRatio": 0.2229916898, "eps": 1.1, "epsdiluted": 1.08, "weightedAverageShsOut": 14730193, "weightedAverageShsOutDil": 14945719, "link": "https://www.sec.gov/Archives/edgar/data/776901/000095014699000693/0000950146-99-000693-index.html", "finalLink": "https://www.sec.gov/Archives/edgar/data/776901/", "calculatedOtherExpenses": -22400000, "calculatedOperatingExpenses": -1300000, "calculatedNetInterest": 59100000, "calculatedOtherIncome": -108700000, "calculatedIncomeNonControlling": 0, "calculatedEbitda": 77700000}, {"date": "1997-12-31", "symbol": "INDB", "reportedCurrency": "USD", "cik": "0000776901", "fillingDate": "1998-03-31", "acceptedDate": "1998-03-31 00:00:00", "calendarYear": "1997", "period": "FY", "revenue": 65000000, "costOfRevenue": 0, "grossProfit": 65000000, "grossProfitRatio": 1, "researchAndDevelopmentExpenses": 0, "generalAndAdministrativeExpenses": 20600000, "sellingAndMarketingExpenses": 0, "sellingGeneralAndAdministrativeExpenses": 20600000, "otherExpenses": -22500000, "operatingExpenses": -1900000, "costAndExpenses": -1900000, "interestIncome": 93800000, "interestExpense": 41600000, "depreciationAndAmortization": 3200000, "ebitda": 66300000, "ebitdaratio": 1.02, "operatingIncome": 63100000, "operatingIncomeRatio": 0.9707692308, "totalOtherIncomeExpensesNet": -41600000, "incomeBeforeTax": 21500000, "incomeBeforeTaxRatio": 0.3307692308, "incomeTaxExpense": 7300000, "netIncome": 14200000, "netIncomeRatio": 0.2184615385, "eps": 0.97, "epsdiluted": 0.95, "weightedAverageShsOut": 14639175, "weightedAverageShsOutDil": 14947368, "link": "https://www.sec.gov/Archives/edgar/data/776901/000102986998000437/0001029869-98-000437-index.html", "finalLink": "https://www.sec.gov/Archives/edgar/data/776901/", "calculatedOtherExpenses": -18700000, "calculatedOperatingExpenses": 1900000, "calculatedNetInterest": 52200000, "calculatedOtherIncome": -93800000, "calculatedIncomeNonControlling": 0, "calculatedEbitda": 66300000}, {"date": "1996-12-31", "symbol": "INDB", "reportedCurrency": "USD", "cik": "0000776901", "fillingDate": "1997-03-31", "acceptedDate": "1997-03-31 00:00:00", "calendarYear": "1996", "period": "FY", "revenue": 57600000, "costOfRevenue": 0, "grossProfit": 57600000, "grossProfitRatio": 1, "researchAndDevelopmentExpenses": 0, "generalAndAdministrativeExpenses": 21100000, "sellingAndMarketingExpenses": 0, "sellingGeneralAndAdministrativeExpenses": 21100000, "otherExpenses": -28500000, "operatingExpenses": -7400000, "costAndExpenses": -7400000, "interestIncome": 77300000, "interestExpense": 32400000, "depreciationAndAmortization": 3100000, "ebitda": 53300000, "ebitdaratio": 0.9253472222, "operatingIncome": 50200000, "operatingIncomeRatio": 0.8715277778, "totalOtherIncomeExpensesNet": -32400000, "incomeBeforeTax": 17800000, "incomeBeforeTaxRatio": 0.3090277778, "incomeTaxExpense": 6200000, "netIncome": 11600000, "netIncomeRatio": 0.2013888889, "eps": 0.8, "epsdiluted": 0.79, "weightedAverageShsOut": 14500000, "weightedAverageShsOutDil": 14683544, "link": "https://www.sec.gov/Archives/edgar/data/776901/000102986997000398/0001029869-97-000398-index.html", "finalLink": "https://www.sec.gov/Archives/edgar/data/776901/", "calculatedOtherExpenses": -13700000, "calculatedOperatingExpenses": 7400000, "calculatedNetInterest": 44900000, "calculatedOtherIncome": -77300000, "calculatedIncomeNonControlling": 0, "calculatedEbitda": 53300000}, {"date": "1995-12-31", "symbol": "INDB", "reportedCurrency": "USD", "cik": "0000776901", "fillingDate": "1996-04-26", "acceptedDate": "1996-04-26 00:00:00", "calendarYear": "1995", "period": "FY", "revenue": 55400000, "costOfRevenue": 0, "grossProfit": 55400000, "grossProfitRatio": 1, "researchAndDevelopmentExpenses": 0, "generalAndAdministrativeExpenses": 22100000, "sellingAndMarketingExpenses": 0, "sellingGeneralAndAdministrativeExpenses": 22100000, "otherExpenses": -33300000, "operatingExpenses": -11200000, "costAndExpenses": -11200000, "interestIncome": 73000000, "interestExpense": 29100000, "depreciationAndAmortization": 3200000, "ebitda": 47400000, "ebitdaratio": 0.8555956679, "operatingIncome": 44200000, "operatingIncomeRatio": 0.797833935, "totalOtherIncomeExpensesNet": -29100000, "incomeBeforeTax": 15100000, "incomeBeforeTaxRatio": 0.2725631769, "incomeTaxExpense": 4700000, "netIncome": 10400000, "netIncomeRatio": 0.1877256318, "eps": 0.71, "epsdiluted": 0.71, "weightedAverageShsOut": 14631493, "weightedAverageShsOutDil": 14807692, "link": "https://www.sec.gov/Archives/edgar/data/776901/000077690196000011/0000776901-96-000011-index.html", "finalLink": "https://www.sec.gov/Archives/edgar/data/776901/", "calculatedOtherExpenses": -10900000, "calculatedOperatingExpenses": 11200000, "calculatedNetInterest": 43900000, "calculatedOtherIncome": -73000000, "calculatedIncomeNonControlling": 0, "calculatedEbitda": 47400000}, {"date": "1994-12-31", "symbol": "INDB", "reportedCurrency": "USD", "cik": "0000776901", "fillingDate": "1994-12-31", "acceptedDate": "1994-12-30 19:00:00", "calendarYear": "1994", "period": "FY", "revenue": 53000000, "costOfRevenue": 0, "grossProfit": 53000000, "grossProfitRatio": 1, "researchAndDevelopmentExpenses": 0, "generalAndAdministrativeExpenses": 20800000, "sellingAndMarketingExpenses": 0, "sellingGeneralAndAdministrativeExpenses": 20800000, "otherExpenses": -37100000, "operatingExpenses": -16300000, "costAndExpenses": -16300000, "interestIncome": 68600000, "interestExpense": 27100000, "depreciationAndAmortization": 5400000, "ebitda": 42100000, "ebitdaratio": 0.7943396226, "operatingIncome": 36700000, "operatingIncomeRatio": 0.6924528302, "totalOtherIncomeExpensesNet": -27100000, "incomeBeforeTax": 9600000, "incomeBeforeTaxRatio": 0.1811320755, "incomeTaxExpense": 1500000, "netIncome": 8100000, "netIncomeRatio": 0.1528301887, "eps": 0.56, "epsdiluted": 0.56, "weightedAverageShsOut": 14464286, "weightedAverageShsOutDil": 14464286, "link": "", "finalLink": "", "calculatedOtherExpenses": -4500000, "calculatedOperatingExpenses": 16300000, "calculatedNetInterest": 41500000, "calculatedOtherIncome": -68600000, "calculatedIncomeNonControlling": 0, "calculatedEbitda": 42100000}, {"date": "1993-12-31", "symbol": "INDB", "reportedCurrency": "USD", "cik": "0000776901", "fillingDate": "1993-12-31", "acceptedDate": "1993-12-30 19:00:00", "calendarYear": "1993", "period": "FY", "revenue": 47500000, "costOfRevenue": 0, "grossProfit": 47500000, "grossProfitRatio": 1, "researchAndDevelopmentExpenses": 0, "generalAndAdministrativeExpenses": 17300000, "sellingAndMarketingExpenses": 0, "sellingGeneralAndAdministrativeExpenses": 17300000, "otherExpenses": -33000000, "operatingExpenses": -15700000, "costAndExpenses": -15700000, "interestIncome": 61100000, "interestExpense": 26700000, "depreciationAndAmortization": 3300000, "ebitda": 35100000, "ebitdaratio": 0.7389473684, "operatingIncome": 31800000, "operatingIncomeRatio": 0.6694736842, "totalOtherIncomeExpensesNet": -26700000, "incomeBeforeTax": 5100000, "incomeBeforeTaxRatio": 0.1073684211, "incomeTaxExpense": 500000, "netIncome": 4600000, "netIncomeRatio": 0.0968421053, "eps": 0.32, "epsdiluted": 0.32, "weightedAverageShsOut": 14375000, "weightedAverageShsOutDil": 14375000, "link": "", "finalLink": "", "calculatedOtherExpenses": -1600000, "calculatedOperatingExpenses": 15700000, "calculatedNetInterest": 34400000, "calculatedOtherIncome": -61100000, "calculatedIncomeNonControlling": 0, "calculatedEbitda": 35100000}, {"date": "1992-12-31", "symbol": "INDB", "reportedCurrency": "USD", "cik": "0000776901", "fillingDate": "1992-12-31", "acceptedDate": "1992-12-30 19:00:00", "calendarYear": "1992", "period": "FY", "revenue": 51000000, "costOfRevenue": 0, "grossProfit": 51000000, "grossProfitRatio": 1, "researchAndDevelopmentExpenses": 0, "generalAndAdministrativeExpenses": 17000000, "sellingAndMarketingExpenses": 0, "sellingGeneralAndAdministrativeExpenses": 17000000, "otherExpenses": -35600000, "operatingExpenses": -18600000, "costAndExpenses": -18600000, "interestIncome": 65900000, "interestExpense": 32000000, "depreciationAndAmortization": 2500000, "ebitda": 34900000, "ebitdaratio": 0.6843137255, "operatingIncome": 32400000, "operatingIncomeRatio": 0.6352941176, "totalOtherIncomeExpensesNet": -32000000, "incomeBeforeTax": 400000, "incomeBeforeTaxRatio": 0.0078431373, "incomeTaxExpense": 200000, "netIncome": 200000, "netIncomeRatio": 0.0039215686, "eps": 0.03, "epsdiluted": 0.03, "weightedAverageShsOut": 5000000, "weightedAverageShsOutDil": 5000000, "link": "", "finalLink": "", "calculatedOtherExpenses": 1600000, "calculatedOperatingExpenses": 18600000, "calculatedNetInterest": 33900000, "calculatedOtherIncome": -65900000, "calculatedIncomeNonControlling": 0, "calculatedEbitda": 34900000}, {"date": "1991-12-31", "symbol": "INDB", "reportedCurrency": "USD", "cik": "0000776901", "fillingDate": "1991-12-31", "acceptedDate": "1991-12-30 19:00:00", "calendarYear": "1991", "period": "FY", "revenue": 52600000, "costOfRevenue": 0, "grossProfit": 52600000, "grossProfitRatio": 1, "researchAndDevelopmentExpenses": 0, "generalAndAdministrativeExpenses": 17800000, "sellingAndMarketingExpenses": 0, "sellingGeneralAndAdministrativeExpenses": 17800000, "otherExpenses": -36700000, "operatingExpenses": -18900000, "costAndExpenses": -18900000, "interestIncome": 80900000, "interestExpense": 49900000, "depreciationAndAmortization": 2300000, "ebitda": 36000000, "ebitdaratio": 0.6844106464, "operatingIncome": 33700000, "operatingIncomeRatio": 0.6406844106, "totalOtherIncomeExpensesNet": -49900000, "incomeBeforeTax": -16200000, "incomeBeforeTaxRatio": -0.3079847909, "incomeTaxExpense": -4300000, "netIncome": -11900000, "netIncomeRatio": -0.2262357414, "eps": -2.28, "epsdiluted": -2.28, "weightedAverageShsOut": 5219298, "weightedAverageShsOutDil": 5219298, "link": "", "finalLink": "", "calculatedOtherExpenses": 1100000, "calculatedOperatingExpenses": 18900000, "calculatedNetInterest": 31000000, "calculatedOtherIncome": -80900000, "calculatedIncomeNonControlling": 0, "calculatedEbitda": 36000000}, {"date": "1990-12-31", "symbol": "INDB", "reportedCurrency": "USD", "cik": "0000776901", "fillingDate": "1990-12-31", "acceptedDate": "1990-12-30 19:00:00", "calendarYear": "1990", "period": "FY", "revenue": 0, "costOfRevenue": 0, "grossProfit": 0, "grossProfitRatio": 0, "researchAndDevelopmentExpenses": 0, "generalAndAdministrativeExpenses": 0, "sellingAndMarketingExpenses": 0, "sellingGeneralAndAdministrativeExpenses": 0, "otherExpenses": -17900000, "operatingExpenses": -17900000, "costAndExpenses": -17900000, "interestIncome": 0, "interestExpense": 0, "depreciationAndAmortization": 0, "ebitda": -17900000, "ebitdaratio": 0, "operatingIncome": -17900000, "operatingIncomeRatio": 0, "totalOtherIncomeExpensesNet": 0, "incomeBeforeTax": 0, "incomeBeforeTaxRatio": 0, "incomeTaxExpense": 17900000, "netIncome": -17900000, "netIncomeRatio": 0, "eps": -3.45, "epsdiluted": -3.45, "weightedAverageShsOut": 5188406, "weightedAverageShsOutDil": 5188406, "link": "", "finalLink": "", "calculatedOtherExpenses": 17900000, "calculatedOperatingExpenses": 17900000, "calculatedNetInterest": 0, "calculatedOtherIncome": 17900000, "calculatedIncomeNonControlling": 0, "calculatedEbitda": -17900000}, {"date": "1989-12-31", "symbol": "INDB", "reportedCurrency": "USD", "cik": "0000776901", "fillingDate": "1989-12-31", "acceptedDate": "1989-12-30 19:00:00", "calendarYear": "1989", "period": "FY", "revenue": 0, "costOfRevenue": 0, "grossProfit": 0, "grossProfitRatio": 0, "researchAndDevelopmentExpenses": 0, "generalAndAdministrativeExpenses": 0, "sellingAndMarketingExpenses": 0, "sellingGeneralAndAdministrativeExpenses": 0, "otherExpenses": 5900000, "operatingExpenses": 5900000, "costAndExpenses": 5900000, "interestIncome": 0, "interestExpense": 0, "depreciationAndAmortization": 0, "ebitda": 5900000, "ebitdaratio": 0, "operatingIncome": 5900000, "operatingIncomeRatio": 0, "totalOtherIncomeExpensesNet": 0, "incomeBeforeTax": 0, "incomeBeforeTaxRatio": 0, "incomeTaxExpense": -5900000, "netIncome": 5900000, "netIncomeRatio": 0, "eps": 1.16, "epsdiluted": 1.16, "weightedAverageShsOut": 5086207, "weightedAverageShsOutDil": 5086207, "link": "", "finalLink": "", "calculatedOtherExpenses": -5900000, "calculatedOperatingExpenses": -5900000, "calculatedNetInterest": 0, "calculatedOtherIncome": -5900000, "calculatedIncomeNonControlling": 0, "calculatedEbitda": 5900000}, {"date": "1988-12-31", "symbol": "INDB", "reportedCurrency": "USD", "cik": "0000776901", "fillingDate": "1988-12-31", "acceptedDate": "1988-12-30 19:00:00", "calendarYear": "1988", "period": "FY", "revenue": 0, "costOfRevenue": 0, "grossProfit": 0, "grossProfitRatio": 0, "researchAndDevelopmentExpenses": 0, "generalAndAdministrativeExpenses": 0, "sellingAndMarketingExpenses": 0, "sellingGeneralAndAdministrativeExpenses": 0, "otherExpenses": 8900000, "operatingExpenses": 8900000, "costAndExpenses": 8900000, "interestIncome": 0, "interestExpense": 0, "depreciationAndAmortization": 0, "ebitda": 8900000, "ebitdaratio": 0, "operatingIncome": 8900000, "operatingIncomeRatio": 0, "totalOtherIncomeExpensesNet": 0, "incomeBeforeTax": 0, "incomeBeforeTaxRatio": 0, "incomeTaxExpense": -8900000, "netIncome": 8900000, "netIncomeRatio": 0, "eps": 1.75, "epsdiluted": 1.75, "weightedAverageShsOut": 5085714, "weightedAverageShsOutDil": 5085714, "link": "", "finalLink": "", "calculatedOtherExpenses": -8900000, "calculatedOperatingExpenses": -8900000, "calculatedNetInterest": 0, "calculatedOtherIncome": -8900000, "calculatedIncomeNonControlling": 0, "calculatedEbitda": 8900000}, {"date": "1987-12-31", "symbol": "INDB", "reportedCurrency": "USD", "cik": "0000776901", "fillingDate": "1987-12-31", "acceptedDate": "1987-12-30 19:00:00", "calendarYear": "1987", "period": "FY", "revenue": 0, "costOfRevenue": 0, "grossProfit": 0, "grossProfitRatio": 0, "researchAndDevelopmentExpenses": 0, "generalAndAdministrativeExpenses": 0, "sellingAndMarketingExpenses": 0, "sellingGeneralAndAdministrativeExpenses": 0, "otherExpenses": 8300000, "operatingExpenses": 8300000, "costAndExpenses": 8300000, "interestIncome": 0, "interestExpense": 0, "depreciationAndAmortization": 0, "ebitda": 8300000, "ebitdaratio": 0, "operatingIncome": 8300000, "operatingIncomeRatio": 0, "totalOtherIncomeExpensesNet": 0, "incomeBeforeTax": 0, "incomeBeforeTaxRatio": 0, "incomeTaxExpense": -8300000, "netIncome": 8300000, "netIncomeRatio": 0, "eps": 1.64, "epsdiluted": 1.64, "weightedAverageShsOut": 5060976, "weightedAverageShsOutDil": 5060976, "link": "", "finalLink": "", "calculatedOtherExpenses": -8300000, "calculatedOperatingExpenses": -8300000, "calculatedNetInterest": 0, "calculatedOtherIncome": -8300000, "calculatedIncomeNonControlling": 0, "calculatedEbitda": 8300000}, {"date": "1986-12-31", "symbol": "INDB", "reportedCurrency": "USD", "cik": "0000776901", "fillingDate": "1986-12-31", "acceptedDate": "1986-12-30 19:00:00", "calendarYear": "1986", "period": "FY", "revenue": 0, "costOfRevenue": 0, "grossProfit": 0, "grossProfitRatio": 0, "researchAndDevelopmentExpenses": 0, "generalAndAdministrativeExpenses": 0, "sellingAndMarketingExpenses": 0, "sellingGeneralAndAdministrativeExpenses": 0, "otherExpenses": 7800000, "operatingExpenses": 7800000, "costAndExpenses": 7800000, "interestIncome": 0, "interestExpense": 0, "depreciationAndAmortization": 0, "ebitda": 7800000, "ebitdaratio": 0, "operatingIncome": 7800000, "operatingIncomeRatio": 0, "totalOtherIncomeExpensesNet": 0, "incomeBeforeTax": 0, "incomeBeforeTaxRatio": 0, "incomeTaxExpense": -7800000, "netIncome": 7800000, "netIncomeRatio": 0, "eps": 1.55, "epsdiluted": 1.55, "weightedAverageShsOut": 5032258, "weightedAverageShsOutDil": 5032258, "link": "", "finalLink": "", "calculatedOtherExpenses": -7800000, "calculatedOperatingExpenses": -7800000, "calculatedNetInterest": 0, "calculatedOtherIncome": -7800000, "calculatedIncomeNonControlling": 0, "calculatedEbitda": 7800000}, {"date": "1985-12-31", "symbol": "INDB", "reportedCurrency": "USD", "cik": "0000776901", "fillingDate": "1985-12-31", "acceptedDate": "1985-12-30 19:00:00", "calendarYear": "1985", "period": "FY", "revenue": 0, "costOfRevenue": 0, "grossProfit": 0, "grossProfitRatio": 0, "researchAndDevelopmentExpenses": 0, "generalAndAdministrativeExpenses": 0, "sellingAndMarketingExpenses": 0, "sellingGeneralAndAdministrativeExpenses": 0, "otherExpenses": 6000000, "operatingExpenses": 6000000, "costAndExpenses": 6000000, "interestIncome": 0, "interestExpense": 0, "depreciationAndAmortization": 0, "ebitda": 6000000, "ebitdaratio": 0, "operatingIncome": 6000000, "operatingIncomeRatio": 0, "totalOtherIncomeExpensesNet": 0, "incomeBeforeTax": 0, "incomeBeforeTaxRatio": 0, "incomeTaxExpense": -6000000, "netIncome": 6000000, "netIncomeRatio": 0, "eps": 1.5, "epsdiluted": 1.5, "weightedAverageShsOut": 4000000, "weightedAverageShsOutDil": 4000000, "link": "", "finalLink": "", "calculatedOtherExpenses": -6000000, "calculatedOperatingExpenses": -6000000, "calculatedNetInterest": 0, "calculatedOtherIncome": -6000000, "calculatedIncomeNonControlling": 0, "calculatedEbitda": 6000000}]}