{"originalCurrency": "USD", "convertedCurrency": "USD", "report": [{"date": "2023-12-31", "symbol": "INGR", "reportedCurrency": "USD", "cik": "0001046257", "fillingDate": "2024-02-21", "acceptedDate": "2024-02-21 10:11:32", "calendarYear": "2023", "period": "FY", "revenue": 8160000000, "costOfRevenue": 6411000000, "grossProfit": 1749000000, "grossProfitRatio": 0.2143382353, "researchAndDevelopmentExpenses": 63000000, "generalAndAdministrativeExpenses": 0, "sellingAndMarketingExpenses": 0, "sellingGeneralAndAdministrativeExpenses": 789000000, "otherExpenses": -4000000, "operatingExpenses": 789000000, "costAndExpenses": 7200000000, "interestIncome": 114000000, "interestExpense": 114000000, "depreciationAndAmortization": 219000000, "ebitda": 1179000000, "ebitdaratio": 0.1444852941, "operatingIncome": 960000000, "operatingIncomeRatio": 0.1176470588, "totalOtherIncomeExpensesNet": -121000000, "incomeBeforeTax": 839000000, "incomeBeforeTaxRatio": 0.1028186275, "incomeTaxExpense": 188000000, "netIncome": 643000000, "netIncomeRatio": 0.0787990196, "eps": 9.74, "epsdiluted": 9.6, "weightedAverageShsOut": 66000000, "weightedAverageShsOutDil": 67000000, "link": "https://www.sec.gov/Archives/edgar/data/1046257/000104625724000005/0001046257-24-000005-index.htm", "finalLink": "https://www.sec.gov/Archives/edgar/data/1046257/000104625724000005/ingr-20231231.htm", "calculatedOtherExpenses": -63000000, "calculatedOperatingExpenses": 789000000, "calculatedNetInterest": 0, "calculatedOtherIncome": -121000000, "calculatedIncomeNonControlling": 8000000, "calculatedEbitda": 1179000000}, {"date": "2022-12-31", "symbol": "INGR", "reportedCurrency": "USD", "cik": "0001046257", "fillingDate": "2023-02-21", "acceptedDate": "2023-02-21 15:57:12", "calendarYear": "2022", "period": "FY", "revenue": 7946000000, "costOfRevenue": 6452000000, "grossProfit": 1494000000, "grossProfitRatio": 0.1880191291, "researchAndDevelopmentExpenses": 52000000, "generalAndAdministrativeExpenses": 0, "sellingAndMarketingExpenses": 0, "sellingGeneralAndAdministrativeExpenses": 663000000, "otherExpenses": 728000000, "operatingExpenses": 728000000, "costAndExpenses": 7180000000, "interestIncome": 99000000, "interestExpense": 99000000, "depreciationAndAmortization": 224000000, "ebitda": 986000000, "ebitdaratio": 0.1240875912, "operatingIncome": 762000000, "operatingIncomeRatio": 0.0958973068, "totalOtherIncomeExpensesNet": -94000000, "incomeBeforeTax": 668000000, "incomeBeforeTaxRatio": 0.0840674553, "incomeTaxExpense": 166000000, "netIncome": 492000000, "netIncomeRatio": 0.0619179461, "eps": 7.43, "epsdiluted": 7.34, "weightedAverageShsOut": 66200000, "weightedAverageShsOutDil": 67000000, "link": "https://www.sec.gov/Archives/edgar/data/1046257/000104625723000006/0001046257-23-000006-index.htm", "finalLink": "https://www.sec.gov/Archives/edgar/data/1046257/000104625723000006/ingr-20221231.htm", "calculatedOtherExpenses": 17000000, "calculatedOperatingExpenses": 732000000, "calculatedNetInterest": 0, "calculatedOtherIncome": -94000000, "calculatedIncomeNonControlling": 10000000, "calculatedEbitda": 986000000}, {"date": "2021-12-31", "symbol": "INGR", "reportedCurrency": "USD", "cik": "0001046257", "fillingDate": "2022-02-22", "acceptedDate": "2022-02-22 13:15:58", "calendarYear": "2021", "period": "FY", "revenue": 6894000000, "costOfRevenue": 5563000000, "grossProfit": 1331000000, "grossProfitRatio": 0.1930664346, "researchAndDevelopmentExpenses": 43000000, "generalAndAdministrativeExpenses": 0, "sellingAndMarketingExpenses": 0, "sellingGeneralAndAdministrativeExpenses": 625000000, "otherExpenses": 634000000, "operatingExpenses": 634000000, "costAndExpenses": 6197000000, "interestIncome": 74000000, "interestExpense": 74000000, "depreciationAndAmortization": 220000000, "ebitda": 929000000, "ebitdaratio": 0.1347548593, "operatingIncome": 709000000, "operatingIncomeRatio": 0.1028430519, "totalOtherIncomeExpensesNet": -461000000, "incomeBeforeTax": 248000000, "incomeBeforeTaxRatio": 0.0359733101, "incomeTaxExpense": 123000000, "netIncome": 117000000, "netIncomeRatio": 0.0169712794, "eps": 1.74, "epsdiluted": 1.73, "weightedAverageShsOut": 67099999, "weightedAverageShsOutDil": 67800000, "link": "https://www.sec.gov/Archives/edgar/data/1046257/000155837022001549/0001558370-22-001549-index.htm", "finalLink": "https://www.sec.gov/Archives/edgar/data/1046257/000155837022001549/ingr-20211231x10k.htm", "calculatedOtherExpenses": -46000000, "calculatedOperatingExpenses": 622000000, "calculatedNetInterest": 0, "calculatedOtherIncome": -461000000, "calculatedIncomeNonControlling": 8000000, "calculatedEbitda": 929000000}, {"date": "2020-12-31", "symbol": "INGR", "reportedCurrency": "USD", "cik": "0001046257", "fillingDate": "2021-02-24", "acceptedDate": "2021-02-24 17:11:05", "calendarYear": "2020", "period": "FY", "revenue": 5987000000, "costOfRevenue": 4715000000, "grossProfit": 1272000000, "grossProfitRatio": 0.2124603307, "researchAndDevelopmentExpenses": 43000000, "generalAndAdministrativeExpenses": 0, "sellingAndMarketingExpenses": 0, "sellingGeneralAndAdministrativeExpenses": 585000000, "otherExpenses": 628000000, "operatingExpenses": 628000000, "costAndExpenses": 5343000000, "interestIncome": 6000000, "interestExpense": 81000000, "depreciationAndAmortization": 311000000, "ebitda": 893000000, "ebitdaratio": 0.1491565058, "operatingIncome": 582000000, "operatingIncomeRatio": 0.097210623, "totalOtherIncomeExpensesNet": -76000000, "incomeBeforeTax": 506000000, "incomeBeforeTaxRatio": 0.0845164523, "incomeTaxExpense": 152000000, "netIncome": 348000000, "netIncomeRatio": 0.0581259395, "eps": 5.18, "epsdiluted": 5.15, "weightedAverageShsOut": 67200000, "weightedAverageShsOutDil": 67600000, "link": "https://www.sec.gov/Archives/edgar/data/1046257/000155837021001632/0001558370-21-001632-index.htm", "finalLink": "https://www.sec.gov/Archives/edgar/data/1046257/000155837021001632/ingr-20201231x10k.htm", "calculatedOtherExpenses": 62000000, "calculatedOperatingExpenses": 690000000, "calculatedNetInterest": -75000000, "calculatedOtherIncome": -1000000, "calculatedIncomeNonControlling": 6000000, "calculatedEbitda": 893000000}, {"date": "2019-12-31", "symbol": "INGR", "reportedCurrency": "USD", "cik": "0001046257", "fillingDate": "2020-02-19", "acceptedDate": "2020-02-19 15:42:27", "calendarYear": "2019", "period": "FY", "revenue": 6209000000, "costOfRevenue": 4897000000, "grossProfit": 1312000000, "grossProfitRatio": 0.2113061685, "researchAndDevelopmentExpenses": 44000000, "generalAndAdministrativeExpenses": 0, "sellingAndMarketingExpenses": 0, "sellingGeneralAndAdministrativeExpenses": 566000000, "otherExpenses": 591000000, "operatingExpenses": 591000000, "costAndExpenses": 5488000000, "interestIncome": 7000000, "interestExpense": 81000000, "depreciationAndAmortization": 276000000, "ebitda": 940000000, "ebitdaratio": 0.151393139, "operatingIncome": 664000000, "operatingIncomeRatio": 0.1069415365, "totalOtherIncomeExpensesNet": -82000000, "incomeBeforeTax": 582000000, "incomeBeforeTaxRatio": 0.093734901, "incomeTaxExpense": 158000000, "netIncome": 413000000, "netIncomeRatio": 0.0665163472, "eps": 6.17, "epsdiluted": 6.13, "weightedAverageShsOut": 66900000, "weightedAverageShsOutDil": 67400000, "link": "https://www.sec.gov/Archives/edgar/data/1046257/000155837020000978/0001558370-20-000978-index.htm", "finalLink": "https://www.sec.gov/Archives/edgar/data/1046257/000155837020000978/ingr-20191231x10k60356d.htm", "calculatedOtherExpenses": 38000000, "calculatedOperatingExpenses": 648000000, "calculatedNetInterest": -74000000, "calculatedOtherIncome": -8000000, "calculatedIncomeNonControlling": 11000000, "calculatedEbitda": 940000000}, {"date": "2018-12-31", "symbol": "INGR", "reportedCurrency": "USD", "cik": "0001046257", "fillingDate": "2019-02-25", "acceptedDate": "2019-02-25 16:41:09", "calendarYear": "2018", "period": "FY", "revenue": 6289000000, "costOfRevenue": 4921000000, "grossProfit": 1368000000, "grossProfitRatio": 0.2175226586, "researchAndDevelopmentExpenses": 46000000, "generalAndAdministrativeExpenses": 0, "sellingAndMarketingExpenses": 0, "sellingGeneralAndAdministrativeExpenses": 565000000, "otherExpenses": 4000000, "operatingExpenses": 601000000, "costAndExpenses": 5522000000, "interestIncome": 9000000, "interestExpense": 86000000, "depreciationAndAmortization": 247000000, "ebitda": 1018000000, "ebitdaratio": 0.1618699316, "operatingIncome": 703000000, "operatingIncomeRatio": 0.1117824773, "totalOtherIncomeExpensesNet": -60000000, "incomeBeforeTax": 621000000, "incomeBeforeTaxRatio": 0.0987438384, "incomeTaxExpense": 167000000, "netIncome": 443000000, "netIncomeRatio": 0.0704404516, "eps": 6.25, "epsdiluted": 6.17, "weightedAverageShsOut": 70900000, "weightedAverageShsOutDil": 71800000, "link": "https://www.sec.gov/Archives/edgar/data/1046257/000155837019000999/0001558370-19-000999-index.htm", "finalLink": "https://www.sec.gov/Archives/edgar/data/1046257/000155837019000999/ingr-20181231x10k.htm", "calculatedOtherExpenses": 54000000, "calculatedOperatingExpenses": 665000000, "calculatedNetInterest": -77000000, "calculatedOtherIncome": -5000000, "calculatedIncomeNonControlling": 11000000, "calculatedEbitda": 950000000}, {"date": "2017-12-31", "symbol": "INGR", "reportedCurrency": "USD", "cik": "0001046257", "fillingDate": "2018-02-21", "acceptedDate": "2018-02-21 16:54:20", "calendarYear": "2017", "period": "FY", "revenue": 6180000000, "costOfRevenue": 4707000000, "grossProfit": 1473000000, "grossProfitRatio": 0.2383495146, "researchAndDevelopmentExpenses": 43000000, "generalAndAdministrativeExpenses": 0, "sellingAndMarketingExpenses": 0, "sellingGeneralAndAdministrativeExpenses": 573000000, "otherExpenses": 602000000, "operatingExpenses": 593000000, "costAndExpenses": 5300000000, "interestIncome": 11000000, "interestExpense": 73000000, "depreciationAndAmortization": 209000000, "ebitda": 1089000000, "ebitdaratio": 0.1762135922, "operatingIncome": 842000000, "operatingIncomeRatio": 0.1362459547, "totalOtherIncomeExpensesNet": -38000000, "incomeBeforeTax": 769000000, "incomeBeforeTaxRatio": 0.124433657, "incomeTaxExpense": 237000000, "netIncome": 519000000, "netIncomeRatio": 0.0839805825, "eps": 7.21, "epsdiluted": 7.06, "weightedAverageShsOut": 72000000, "weightedAverageShsOutDil": 73500000, "link": "https://www.sec.gov/Archives/edgar/data/1046257/000155837018000857/0001558370-18-000857-index.htm", "finalLink": "https://www.sec.gov/Archives/edgar/data/1046257/000155837018000857/ingr-20171231x10k.htm", "calculatedOtherExpenses": 15000000, "calculatedOperatingExpenses": 631000000, "calculatedNetInterest": -62000000, "calculatedOtherIncome": -11000000, "calculatedIncomeNonControlling": 13000000, "calculatedEbitda": 1051000000}, {"date": "2016-12-31", "symbol": "INGR", "reportedCurrency": "USD", "cik": "0001046257", "fillingDate": "2017-02-22", "acceptedDate": "2017-02-22 13:56:23", "calendarYear": "2016", "period": "FY", "revenue": 6021400000, "costOfRevenue": 4619600000, "grossProfit": 1401800000, "grossProfitRatio": 0.2328030026, "researchAndDevelopmentExpenses": 41000000, "generalAndAdministrativeExpenses": 579000000, "sellingAndMarketingExpenses": -600000, "sellingGeneralAndAdministrativeExpenses": 578400000, "otherExpenses": -4000000, "operatingExpenses": 574300000, "costAndExpenses": 5193900000, "interestIncome": 10000000, "interestExpense": 66400000, "depreciationAndAmortization": 196000000, "ebitda": 1023500000, "ebitdaratio": 0.1699770817, "operatingIncome": 808200000, "operatingIncomeRatio": 0.1342212774, "totalOtherIncomeExpensesNet": -19300000, "incomeBeforeTax": 741800000, "incomeBeforeTaxRatio": 0.1231939416, "incomeTaxExpense": 245700000, "netIncome": 484900000, "netIncomeRatio": 0.080529445, "eps": 6.7, "epsdiluted": 6.55, "weightedAverageShsOut": 72300000, "weightedAverageShsOutDil": 74100000, "link": "https://www.sec.gov/Archives/edgar/data/1046257/000155837017000769/0001558370-17-000769-index.htm", "finalLink": "https://www.sec.gov/Archives/edgar/data/1046257/000155837017000769/ingr-20161231x10k.htm", "calculatedOtherExpenses": -25800000, "calculatedOperatingExpenses": 593600000, "calculatedNetInterest": -56400000, "calculatedOtherIncome": -10000000, "calculatedIncomeNonControlling": 11200000, "calculatedEbitda": 1004200000}, {"date": "2015-12-31", "symbol": "INGR", "reportedCurrency": "USD", "cik": "0001046257", "fillingDate": "2016-02-19", "acceptedDate": "2016-02-19 14:34:38", "calendarYear": "2015", "period": "FY", "revenue": 5958300000, "costOfRevenue": 4716400000, "grossProfit": 1241900000, "grossProfitRatio": 0.2084319353, "researchAndDevelopmentExpenses": 43000000, "generalAndAdministrativeExpenses": 555000000, "sellingAndMarketingExpenses": -600000, "sellingGeneralAndAdministrativeExpenses": 554400000, "otherExpenses": 2000000, "operatingExpenses": 553700000, "costAndExpenses": 5270100000, "interestIncome": 14000000, "interestExpense": 61600000, "depreciationAndAmortization": 194000000, "ebitda": 882200000, "ebitdaratio": 0.1480623668, "operatingIncome": 660200000, "operatingIncomeRatio": 0.1108034171, "totalOtherIncomeExpensesNet": -28000000, "incomeBeforeTax": 598600000, "incomeBeforeTaxRatio": 0.1004648977, "incomeTaxExpense": 186900000, "netIncome": 402200000, "netIncomeRatio": 0.0675024755, "eps": 5.62, "epsdiluted": 5.51, "weightedAverageShsOut": 71600000, "weightedAverageShsOutDil": 73000000, "link": "https://www.sec.gov/Archives/edgar/data/1046257/000110465916098429/0001104659-16-098429-index.htm", "finalLink": "https://www.sec.gov/Archives/edgar/data/1046257/000110465916098429/a15-23372_110k.htm", "calculatedOtherExpenses": -15700000, "calculatedOperatingExpenses": 581700000, "calculatedNetInterest": -47600000, "calculatedOtherIncome": -14000000, "calculatedIncomeNonControlling": 9500000, "calculatedEbitda": 854200000}, {"date": "2014-12-31", "symbol": "INGR", "reportedCurrency": "USD", "cik": "0001046257", "fillingDate": "2015-02-20", "acceptedDate": "2015-02-20 17:05:11", "calendarYear": "2014", "period": "FY", "revenue": 5998100000, "costOfRevenue": 4882800000, "grossProfit": 1115300000, "grossProfitRatio": 0.185942215, "researchAndDevelopmentExpenses": 37000000, "generalAndAdministrativeExpenses": 525000000, "sellingAndMarketingExpenses": -300000, "sellingGeneralAndAdministrativeExpenses": 524700000, "otherExpenses": -16000000, "operatingExpenses": 501200000, "costAndExpenses": 5384000000, "interestIncome": 13000000, "interestExpense": 61200000, "depreciationAndAmortization": 195000000, "ebitda": 809100000, "ebitdaratio": 0.134892716, "operatingIncome": 581300000, "operatingIncomeRatio": 0.0969140228, "totalOtherIncomeExpensesNet": -32800000, "incomeBeforeTax": 520100000, "incomeBeforeTaxRatio": 0.0867107918, "incomeTaxExpense": 156800000, "netIncome": 354900000, "netIncomeRatio": 0.0591687368, "eps": 4.82, "epsdiluted": 4.74, "weightedAverageShsOut": 73600000, "weightedAverageShsOutDil": 74900000, "link": "https://www.sec.gov/Archives/edgar/data/1046257/000110465915012662/0001104659-15-012662-index.htm", "finalLink": "https://www.sec.gov/Archives/edgar/data/1046257/000110465915012662/a14-24691_110k.htm", "calculatedOtherExpenses": -27700000, "calculatedOperatingExpenses": 534000000, "calculatedNetInterest": -48200000, "calculatedOtherIncome": -13000000, "calculatedIncomeNonControlling": 8400000, "calculatedEbitda": 776300000}, {"date": "2013-12-31", "symbol": "INGR", "reportedCurrency": "USD", "cik": "0001046257", "fillingDate": "2014-02-24", "acceptedDate": "2014-02-24 15:58:49", "calendarYear": "2013", "period": "FY", "revenue": 6653100000, "costOfRevenue": 5521900000, "grossProfit": 1131200000, "grossProfitRatio": 0.1700260029, "researchAndDevelopmentExpenses": 37000000, "generalAndAdministrativeExpenses": 534000000, "sellingAndMarketingExpenses": 200000, "sellingGeneralAndAdministrativeExpenses": 534200000, "otherExpenses": -16000000, "operatingExpenses": 518500000, "costAndExpenses": 6040400000, "interestIncome": 11000000, "interestExpense": 65900000, "depreciationAndAmortization": 194000000, "ebitda": 806700000, "ebitdaratio": 0.1212517473, "operatingIncome": 612700000, "operatingIncomeRatio": 0.0920924081, "totalOtherIncomeExpensesNet": -3000000, "incomeBeforeTax": 546800000, "incomeBeforeTaxRatio": 0.0821872511, "incomeTaxExpense": 144000000, "netIncome": 395700000, "netIncomeRatio": 0.0594760337, "eps": 5.14, "epsdiluted": 5.05, "weightedAverageShsOut": 77000000, "weightedAverageShsOutDil": 78300000, "link": "https://www.sec.gov/Archives/edgar/data/1046257/000110465914012704/0001104659-14-012704-index.htm", "finalLink": "https://www.sec.gov/Archives/edgar/data/1046257/000110465914012704/a13-24815_110k.htm", "calculatedOtherExpenses": -52700000, "calculatedOperatingExpenses": 518500000, "calculatedNetInterest": -54900000, "calculatedOtherIncome": -11000000, "calculatedIncomeNonControlling": 7100000, "calculatedEbitda": 806700000}, {"date": "2012-12-31", "symbol": "INGR", "reportedCurrency": "USD", "cik": "0001046257", "fillingDate": "2013-02-28", "acceptedDate": "2013-02-27 18:16:28", "calendarYear": "2012", "period": "FY", "revenue": 6868100000, "costOfRevenue": 5630500000, "grossProfit": 1237600000, "grossProfitRatio": 0.1801953961, "researchAndDevelopmentExpenses": 0, "generalAndAdministrativeExpenses": 556000000, "sellingAndMarketingExpenses": -400000, "sellingGeneralAndAdministrativeExpenses": 555600000, "otherExpenses": -15000000, "operatingExpenses": 534000000, "costAndExpenses": 6164500000, "interestIncome": 10000000, "interestExpense": 67400000, "depreciationAndAmortization": 211000000, "ebitda": 914600000, "ebitdaratio": 0.1331663779, "operatingIncome": 668000000, "operatingIncomeRatio": 0.0972612513, "totalOtherIncomeExpensesNet": -35600000, "incomeBeforeTax": 600600000, "incomeBeforeTaxRatio": 0.0874477658, "incomeTaxExpense": 167300000, "netIncome": 427500000, "netIncomeRatio": 0.0622442888, "eps": 5.59, "epsdiluted": 5.47, "weightedAverageShsOut": 76500000, "weightedAverageShsOutDil": 78200000, "link": "https://www.sec.gov/Archives/edgar/data/1046257/000110465913015305/0001104659-13-015305-index.htm", "finalLink": "https://www.sec.gov/Archives/edgar/data/1046257/000110465913015305/a12-29131_110k.htm", "calculatedOtherExpenses": 14000000, "calculatedOperatingExpenses": 569600000, "calculatedNetInterest": -57400000, "calculatedOtherIncome": -10000000, "calculatedIncomeNonControlling": 5800000, "calculatedEbitda": 879000000}, {"date": "2011-12-31", "symbol": "INGR", "reportedCurrency": "USD", "cik": "0001046257", "fillingDate": "2012-02-27", "acceptedDate": "2012-02-27 15:04:07", "calendarYear": "2011", "period": "FY", "revenue": 6219400000, "costOfRevenue": 5093000000, "grossProfit": 1126400000, "grossProfitRatio": 0.1811107181, "researchAndDevelopmentExpenses": 0, "generalAndAdministrativeExpenses": 543000000, "sellingAndMarketingExpenses": 200000, "sellingGeneralAndAdministrativeExpenses": 543200000, "otherExpenses": -98000000, "operatingExpenses": 445600000, "costAndExpenses": 5538600000, "interestIncome": 5000000, "interestExpense": 77400000, "depreciationAndAmortization": 211000000, "ebitda": 891800000, "ebitdaratio": 0.1433900376, "operatingIncome": 670800000, "operatingIncomeRatio": 0.1078560633, "totalOtherIncomeExpensesNet": -10000000, "incomeBeforeTax": 593400000, "incomeBeforeTaxRatio": 0.0954111329, "incomeTaxExpense": 170600000, "netIncome": 415700000, "netIncomeRatio": 0.0668392449, "eps": 5.44, "epsdiluted": 5.32, "weightedAverageShsOut": 76400000, "weightedAverageShsOutDil": 78200000, "link": "https://www.sec.gov/Archives/edgar/data/1046257/000110465912013085/0001104659-12-013085-index.htm", "finalLink": "https://www.sec.gov/Archives/edgar/data/1046257/000110465912013085/a12-1337_110k.htm", "calculatedOtherExpenses": -87600000, "calculatedOperatingExpenses": 455600000, "calculatedNetInterest": -72400000, "calculatedOtherIncome": -5000000, "calculatedIncomeNonControlling": 7100000, "calculatedEbitda": 881800000}, {"date": "2010-12-31", "symbol": "INGR", "reportedCurrency": "USD", "cik": "0001046257", "fillingDate": "2011-02-28", "acceptedDate": "2011-02-28 15:03:16", "calendarYear": "2010", "period": "FY", "revenue": 4366600000, "costOfRevenue": 3642800000, "grossProfit": 723800000, "grossProfitRatio": 0.1657582559, "researchAndDevelopmentExpenses": 0, "generalAndAdministrativeExpenses": 370000000, "sellingAndMarketingExpenses": 0, "sellingGeneralAndAdministrativeExpenses": 370000000, "otherExpenses": -10000000, "operatingExpenses": 369500000, "costAndExpenses": 4012300000, "interestIncome": 6000000, "interestExpense": 64000000, "depreciationAndAmortization": 155000000, "ebitda": 509300000, "ebitdaratio": 0.1166353685, "operatingIncome": 354300000, "operatingIncomeRatio": 0.0811386433, "totalOtherIncomeExpensesNet": -14800000, "incomeBeforeTax": 275500000, "incomeBeforeTaxRatio": 0.0630925663, "incomeTaxExpense": 99400000, "netIncome": 169200000, "netIncomeRatio": 0.0387486832, "eps": 2.24, "epsdiluted": 2.2, "weightedAverageShsOut": 75600000, "weightedAverageShsOutDil": 76800000, "link": "https://www.sec.gov/Archives/edgar/data/1046257/000110465911010836/0001104659-11-010836-index.htm", "finalLink": "https://www.sec.gov/Archives/edgar/data/1046257/000110465911010836/a11-2437_110k.htm", "calculatedOtherExpenses": -500000, "calculatedOperatingExpenses": 369500000, "calculatedNetInterest": -58000000, "calculatedOtherIncome": -20800000, "calculatedIncomeNonControlling": 6900000, "calculatedEbitda": 509300000}, {"date": "2009-12-31", "symbol": "INGR", "reportedCurrency": "USD", "cik": "0001046257", "fillingDate": "2010-02-26", "acceptedDate": "2010-02-26 16:59:59", "calendarYear": "2009", "period": "FY", "revenue": 3672000000, "costOfRevenue": 3151600000, "grossProfit": 520400000, "grossProfitRatio": 0.1417211329, "researchAndDevelopmentExpenses": 0, "generalAndAdministrativeExpenses": 247000000, "sellingAndMarketingExpenses": 0, "sellingGeneralAndAdministrativeExpenses": 247000000, "otherExpenses": -5000000, "operatingExpenses": 247500000, "costAndExpenses": 3399100000, "interestIncome": 1000000, "interestExpense": 37600000, "depreciationAndAmortization": 130000000, "ebitda": 402900000, "ebitdaratio": 0.1097222222, "operatingIncome": 152800000, "operatingIncomeRatio": 0.0416122004, "totalOtherIncomeExpensesNet": -120100000, "incomeBeforeTax": 115200000, "incomeBeforeTaxRatio": 0.031372549, "incomeTaxExpense": 68500000, "netIncome": 41100000, "netIncomeRatio": 0.0111928105, "eps": 0.55, "epsdiluted": 0.54, "weightedAverageShsOut": 74900000, "weightedAverageShsOutDil": 75500000, "link": "https://www.sec.gov/Archives/edgar/data/1046257/000110465910010324/0001104659-10-010324-index.htm", "finalLink": "https://www.sec.gov/Archives/edgar/data/1046257/000110465910010324/a10-4312_110k.htm", "calculatedOtherExpenses": 120600000, "calculatedOperatingExpenses": 367600000, "calculatedNetInterest": -36600000, "calculatedOtherIncome": -1000000, "calculatedIncomeNonControlling": 5600000, "calculatedEbitda": 282800000}, {"date": "2008-12-31", "symbol": "INGR", "reportedCurrency": "USD", "cik": "0001046257", "fillingDate": "2009-02-27", "acceptedDate": "2009-02-27 16:57:52", "calendarYear": "2008", "period": "FY", "revenue": 3943600000, "costOfRevenue": 3238600000, "grossProfit": 705000000, "grossProfitRatio": 0.1787706664, "researchAndDevelopmentExpenses": 0, "generalAndAdministrativeExpenses": 275000000, "sellingAndMarketingExpenses": 0, "sellingGeneralAndAdministrativeExpenses": 275000000, "otherExpenses": -4000000, "operatingExpenses": 274600000, "costAndExpenses": 3513200000, "interestIncome": 5000000, "interestExpense": 43000000, "depreciationAndAmortization": 128000000, "ebitda": 554700000, "ebitdaratio": 0.1406582818, "operatingIncome": 434100000, "operatingIncomeRatio": 0.1100770869, "totalOtherIncomeExpensesNet": 3700000, "incomeBeforeTax": 404800000, "incomeBeforeTaxRatio": 0.1026473273, "incomeTaxExpense": 129600000, "netIncome": 267200000, "netIncomeRatio": 0.0677553504, "eps": 3.59, "epsdiluted": 3.52, "weightedAverageShsOut": 74500000, "weightedAverageShsOutDil": 75900000, "link": "https://www.sec.gov/Archives/edgar/data/1046257/000095013709001371/0000950137-09-001371-index.htm", "finalLink": "https://www.sec.gov/Archives/edgar/data/1046257/000095013709001371/c48759e10vk.htm", "calculatedOtherExpenses": -4100000, "calculatedOperatingExpenses": 270900000, "calculatedNetInterest": -38000000, "calculatedOtherIncome": 8700000, "calculatedIncomeNonControlling": 8000000, "calculatedEbitda": 562100000}, {"date": "2007-12-31", "symbol": "INGR", "reportedCurrency": "USD", "cik": "0001046257", "fillingDate": "2008-02-29", "acceptedDate": "2008-02-29 12:23:36", "calendarYear": "2007", "period": "FY", "revenue": 3391000000, "costOfRevenue": 2805000000, "grossProfit": 586000000, "grossProfitRatio": 0.1728103804, "researchAndDevelopmentExpenses": 0, "generalAndAdministrativeExpenses": 249000000, "sellingAndMarketingExpenses": 0, "sellingGeneralAndAdministrativeExpenses": 249000000, "otherExpenses": -10000000, "operatingExpenses": 239000000, "costAndExpenses": 3044000000, "interestIncome": 0, "interestExpense": 47000000, "depreciationAndAmortization": 125000000, "ebitda": 466000000, "ebitdaratio": 0.1374225892, "operatingIncome": 347000000, "operatingIncomeRatio": 0.1023296963, "totalOtherIncomeExpensesNet": 6000000, "incomeBeforeTax": 305000000, "incomeBeforeTaxRatio": 0.0899439693, "incomeTaxExpense": 102000000, "netIncome": 198000000, "netIncomeRatio": 0.0583898555, "eps": 2.65, "epsdiluted": 2.59, "weightedAverageShsOut": 74700000, "weightedAverageShsOutDil": 76500000, "link": "https://www.sec.gov/Archives/edgar/data/1046257/000095013708003051/0000950137-08-003051-index.htm", "finalLink": "https://www.sec.gov/Archives/edgar/data/1046257/000095013708003051/c24006e10vk.htm", "calculatedOtherExpenses": -10000000, "calculatedOperatingExpenses": 239000000, "calculatedNetInterest": -47000000, "calculatedOtherIncome": 5000000, "calculatedIncomeNonControlling": 5000000, "calculatedEbitda": 472000000}, {"date": "2006-12-31", "symbol": "INGR", "reportedCurrency": "USD", "cik": "0001046257", "fillingDate": "2007-02-27", "acceptedDate": "2007-02-27 16:59:22", "calendarYear": "2006", "period": "FY", "revenue": 2621000000, "costOfRevenue": 2205000000, "grossProfit": 416000000, "grossProfitRatio": 0.1587180465, "researchAndDevelopmentExpenses": 0, "generalAndAdministrativeExpenses": 202000000, "sellingAndMarketingExpenses": 0, "sellingGeneralAndAdministrativeExpenses": 202000000, "otherExpenses": -10000000, "operatingExpenses": 192000000, "costAndExpenses": 2397000000, "interestIncome": 0, "interestExpense": 31000000, "depreciationAndAmortization": 114000000, "ebitda": 328000000, "ebitdaratio": 0.1251430752, "operatingIncome": 224000000, "operatingIncomeRatio": 0.0854635635, "totalOtherIncomeExpensesNet": 10000000, "incomeBeforeTax": 197000000, "incomeBeforeTaxRatio": 0.0751621519, "incomeTaxExpense": 69000000, "netIncome": 124000000, "netIncomeRatio": 0.047310187, "eps": 1.67, "epsdiluted": 1.63, "weightedAverageShsOut": 74100000, "weightedAverageShsOutDil": 75800000, "link": "https://www.sec.gov/Archives/edgar/data/1046257/000095013707002867/0000950137-07-002867-index.htm", "finalLink": "https://www.sec.gov/Archives/edgar/data/1046257/000095013707002867/c12670e10vk.htm", "calculatedOtherExpenses": -10000000, "calculatedOperatingExpenses": 192000000, "calculatedNetInterest": -31000000, "calculatedOtherIncome": 4000000, "calculatedIncomeNonControlling": 4000000, "calculatedEbitda": 338000000}, {"date": "2005-12-31", "symbol": "INGR", "reportedCurrency": "USD", "cik": "0001046257", "fillingDate": "2006-03-09", "acceptedDate": "2006-03-09 15:10:46", "calendarYear": "2005", "period": "FY", "revenue": 2360000000, "costOfRevenue": 2028000000, "grossProfit": 332000000, "grossProfitRatio": 0.1406779661, "researchAndDevelopmentExpenses": 0, "generalAndAdministrativeExpenses": 158000000, "sellingAndMarketingExpenses": 0, "sellingGeneralAndAdministrativeExpenses": 158000000, "otherExpenses": -9000000, "operatingExpenses": 149000000, "costAndExpenses": 2177000000, "interestIncome": 0, "interestExpense": 28000000, "depreciationAndAmortization": 106000000, "ebitda": 280000000, "ebitdaratio": 0.1186440678, "operatingIncome": 183000000, "operatingIncomeRatio": 0.0775423729, "totalOtherIncomeExpensesNet": 9000000, "incomeBeforeTax": 148000000, "incomeBeforeTaxRatio": 0.0627118644, "incomeTaxExpense": 56000000, "netIncome": 90000000, "netIncomeRatio": 0.0381355932, "eps": 1.2, "epsdiluted": 1.19, "weightedAverageShsOut": 74700000, "weightedAverageShsOutDil": 75600000, "link": "https://www.sec.gov/Archives/edgar/data/1046257/000095013706002801/0000950137-06-002801-index.htm", "finalLink": "https://www.sec.gov/Archives/edgar/data/1046257/000095013706002801/c03166e10vk.htm", "calculatedOtherExpenses": -9000000, "calculatedOperatingExpenses": 149000000, "calculatedNetInterest": -28000000, "calculatedOtherIncome": -7000000, "calculatedIncomeNonControlling": 2000000, "calculatedEbitda": 289000000}, {"date": "2004-12-31", "symbol": "INGR", "reportedCurrency": "USD", "cik": "0001046257", "fillingDate": "2005-03-11", "acceptedDate": "2005-03-11 15:09:13", "calendarYear": "2004", "period": "FY", "revenue": 2283000000, "costOfRevenue": 1929000000, "grossProfit": 354000000, "grossProfitRatio": 0.1550591327, "researchAndDevelopmentExpenses": 0, "generalAndAdministrativeExpenses": 158000000, "sellingAndMarketingExpenses": 0, "sellingGeneralAndAdministrativeExpenses": 158000000, "otherExpenses": 17000000, "operatingExpenses": 175000000, "costAndExpenses": 2104000000, "interestIncome": 0, "interestExpense": 59000000, "depreciationAndAmortization": 102000000, "ebitda": 298000000, "ebitdaratio": 0.1305300044, "operatingIncome": 179000000, "operatingIncomeRatio": 0.0784056067, "totalOtherIncomeExpensesNet": -17000000, "incomeBeforeTax": 145000000, "incomeBeforeTaxRatio": 0.0635129216, "incomeTaxExpense": 43000000, "netIncome": 94000000, "netIncomeRatio": 0.041173894, "eps": 1.28, "epsdiluted": 1.25, "weightedAverageShsOut": 73400000, "weightedAverageShsOutDil": 74700000, "link": "https://www.sec.gov/Archives/edgar/data/1046257/000095013705002885/0000950137-05-002885-index.htm", "finalLink": "https://www.sec.gov/Archives/edgar/data/1046257/000095013705002885/c92864e10vk.htm", "calculatedOtherExpenses": 17000000, "calculatedOperatingExpenses": 175000000, "calculatedNetInterest": -59000000, "calculatedOtherIncome": 25000000, "calculatedIncomeNonControlling": 8000000, "calculatedEbitda": 281000000}, {"date": "2003-12-31", "symbol": "INGR", "reportedCurrency": "USD", "cik": "0001046257", "fillingDate": "2004-03-12", "acceptedDate": "2004-03-12 17:20:14", "calendarYear": "2003", "period": "FY", "revenue": 2102000000, "costOfRevenue": 1778000000, "grossProfit": 324000000, "grossProfitRatio": 0.1541389153, "researchAndDevelopmentExpenses": 0, "generalAndAdministrativeExpenses": 149000000, "sellingAndMarketingExpenses": 0, "sellingGeneralAndAdministrativeExpenses": 149000000, "otherExpenses": 1000000, "operatingExpenses": 150000000, "costAndExpenses": 1928000000, "interestIncome": 0, "interestExpense": 50000000, "depreciationAndAmortization": 101000000, "ebitda": 276000000, "ebitdaratio": 0.1313035205, "operatingIncome": 174000000, "operatingIncomeRatio": 0.0827783064, "totalOtherIncomeExpensesNet": -1000000, "incomeBeforeTax": 135000000, "incomeBeforeTaxRatio": 0.064224548, "incomeTaxExpense": 49000000, "netIncome": 76000000, "netIncomeRatio": 0.0361560419, "eps": 1.06, "epsdiluted": 1.06, "weightedAverageShsOut": 72000000, "weightedAverageShsOutDil": 72400000, "link": "https://www.sec.gov/Archives/edgar/data/1046257/000095013704001814/0000950137-04-001814-index.htm", "finalLink": "https://www.sec.gov/Archives/edgar/data/1046257/000095013704001814/c83460e10vk.htm", "calculatedOtherExpenses": 1000000, "calculatedOperatingExpenses": 150000000, "calculatedNetInterest": -50000000, "calculatedOtherIncome": 11000000, "calculatedIncomeNonControlling": 10000000, "calculatedEbitda": 275000000}, {"date": "2002-12-31", "symbol": "INGR", "reportedCurrency": "USD", "cik": "0001046257", "fillingDate": "2003-03-21", "acceptedDate": "2003-03-21 14:38:20", "calendarYear": "2002", "period": "FY", "revenue": 1871000000, "costOfRevenue": 1604000000, "grossProfit": 267000000, "grossProfitRatio": 0.1427044361, "researchAndDevelopmentExpenses": 0, "generalAndAdministrativeExpenses": 134000000, "sellingAndMarketingExpenses": 0, "sellingGeneralAndAdministrativeExpenses": 134000000, "otherExpenses": -20000000, "operatingExpenses": 114000000, "costAndExpenses": 1718000000, "interestIncome": 0, "interestExpense": 28000000, "depreciationAndAmortization": 103000000, "ebitda": 236000000, "ebitdaratio": 0.1261357563, "operatingIncome": 153000000, "operatingIncomeRatio": 0.0817744522, "totalOtherIncomeExpensesNet": 20000000, "incomeBeforeTax": 105000000, "incomeBeforeTaxRatio": 0.0561197221, "incomeTaxExpense": 42000000, "netIncome": 63000000, "netIncomeRatio": 0.0336718332, "eps": 0.89, "epsdiluted": 0.89, "weightedAverageShsOut": 71200000, "weightedAverageShsOutDil": 71400000, "link": "https://www.sec.gov/Archives/edgar/data/1046257/000095013703001625/0000950137-03-001625-index.htm", "finalLink": "https://www.sec.gov/Archives/edgar/data/1046257/000095013703001625/c75436e10vk.txt", "calculatedOtherExpenses": -20000000, "calculatedOperatingExpenses": 114000000, "calculatedNetInterest": -28000000, "calculatedOtherIncome": -20000000, "calculatedIncomeNonControlling": 0, "calculatedEbitda": 256000000}, {"date": "2001-12-31", "symbol": "INGR", "reportedCurrency": "USD", "cik": "0001046257", "fillingDate": "2002-03-26", "acceptedDate": "2002-03-26 00:00:00", "calendarYear": "2001", "period": "FY", "revenue": 1887000000, "costOfRevenue": 1588000000, "grossProfit": 299000000, "grossProfitRatio": 0.1584525702, "researchAndDevelopmentExpenses": 0, "generalAndAdministrativeExpenses": 148000000, "sellingAndMarketingExpenses": 0, "sellingGeneralAndAdministrativeExpenses": 148000000, "otherExpenses": -15000000, "operatingExpenses": 133000000, "costAndExpenses": 1721000000, "interestIncome": 0, "interestExpense": 73000000, "depreciationAndAmortization": 127000000, "ebitda": 278000000, "ebitdaratio": 0.1473237944, "operatingIncome": 166000000, "operatingIncomeRatio": 0.0879703233, "totalOtherIncomeExpensesNet": 15000000, "incomeBeforeTax": 102000000, "incomeBeforeTaxRatio": 0.0540540541, "incomeTaxExpense": 36000000, "netIncome": 57000000, "netIncomeRatio": 0.0302066773, "eps": 0.8, "epsdiluted": 0.8, "weightedAverageShsOut": 70600000, "weightedAverageShsOutDil": 71000000, "link": "https://www.sec.gov/Archives/edgar/data/1046257/000095013702001595/0000950137-02-001595-index.htm", "finalLink": "https://www.sec.gov/Archives/edgar/data/1046257/000095013702001595/c68303e10-k.txt", "calculatedOtherExpenses": -15000000, "calculatedOperatingExpenses": 133000000, "calculatedNetInterest": -73000000, "calculatedOtherIncome": 9000000, "calculatedIncomeNonControlling": 9000000, "calculatedEbitda": 293000000}, {"date": "2000-12-31", "symbol": "INGR", "reportedCurrency": "USD", "cik": "0001046257", "fillingDate": "2001-03-27", "acceptedDate": "2001-03-27 00:00:00", "calendarYear": "2000", "period": "FY", "revenue": 1865000000, "costOfRevenue": 1424000000, "grossProfit": 441000000, "grossProfitRatio": 0.236461126, "researchAndDevelopmentExpenses": 0, "generalAndAdministrativeExpenses": 135000000, "sellingAndMarketingExpenses": 0, "sellingGeneralAndAdministrativeExpenses": 135000000, "otherExpenses": 135000000, "operatingExpenses": 270000000, "costAndExpenses": 1694000000, "interestIncome": 0, "interestExpense": 87000000, "depreciationAndAmortization": 135000000, "ebitda": 321000000, "ebitdaratio": 0.1721179625, "operatingIncome": 171000000, "operatingIncomeRatio": 0.091689008, "totalOtherIncomeExpensesNet": -15000000, "incomeBeforeTax": 84000000, "incomeBeforeTaxRatio": 0.0450402145, "incomeTaxExpense": 36000000, "netIncome": 48000000, "netIncomeRatio": 0.0257372654, "eps": 0.68, "epsdiluted": 0.68, "weightedAverageShsOut": 70600000, "weightedAverageShsOutDil": 70600000, "link": "https://www.sec.gov/Archives/edgar/data/1046257/000095013701000910/0000950137-01-000910-index.htm", "finalLink": "https://www.sec.gov/Archives/edgar/data/1046257/000095013701000910/c61002e10-k.txt", "calculatedOtherExpenses": 135000000, "calculatedOperatingExpenses": 270000000, "calculatedNetInterest": -87000000, "calculatedOtherIncome": 0, "calculatedIncomeNonControlling": 0, "calculatedEbitda": 306000000}, {"date": "1999-12-31", "symbol": "INGR", "reportedCurrency": "USD", "cik": "0001046257", "fillingDate": "2000-03-24", "acceptedDate": "2000-03-24 00:00:00", "calendarYear": "1999", "period": "FY", "revenue": 1735000000, "costOfRevenue": 1323000000, "grossProfit": 412000000, "grossProfitRatio": 0.2374639769, "researchAndDevelopmentExpenses": 0, "generalAndAdministrativeExpenses": 134000000, "sellingAndMarketingExpenses": 0, "sellingGeneralAndAdministrativeExpenses": 134000000, "otherExpenses": 122000000, "operatingExpenses": 256000000, "costAndExpenses": 1579000000, "interestIncome": 0, "interestExpense": 28000000, "depreciationAndAmortization": 122000000, "ebitda": 272000000, "ebitdaratio": 0.1567723343, "operatingIncome": 156000000, "operatingIncomeRatio": 0.0899135447, "totalOtherIncomeExpensesNet": 6000000, "incomeBeforeTax": 122000000, "incomeBeforeTaxRatio": 0.0703170029, "incomeTaxExpense": 45000000, "netIncome": 77000000, "netIncomeRatio": 0.0443804035, "eps": 0.99, "epsdiluted": 0.99, "weightedAverageShsOut": 74600000, "weightedAverageShsOutDil": 74800000, "link": "https://www.sec.gov/Archives/edgar/data/1046257/000095013700001233/0000950137-00-001233-index.html", "finalLink": "https://www.sec.gov/Archives/edgar/data/1046257/000095013700001233/", "calculatedOtherExpenses": 122000000, "calculatedOperatingExpenses": 256000000, "calculatedNetInterest": -28000000, "calculatedOtherIncome": -6000000, "calculatedIncomeNonControlling": 0, "calculatedEbitda": 278000000}, {"date": "1998-12-31", "symbol": "INGR", "reportedCurrency": "USD", "cik": "0001046257", "fillingDate": "1999-03-30", "acceptedDate": "1999-03-30 00:00:00", "calendarYear": "1998", "period": "FY", "revenue": 1448000000, "costOfRevenue": 1182000000, "grossProfit": 266000000, "grossProfitRatio": 0.1837016575, "researchAndDevelopmentExpenses": 0, "generalAndAdministrativeExpenses": 101000000, "sellingAndMarketingExpenses": 0, "sellingGeneralAndAdministrativeExpenses": 101000000, "otherExpenses": 95000000, "operatingExpenses": 196000000, "costAndExpenses": 1378000000, "interestIncome": 0, "interestExpense": 2000000, "depreciationAndAmortization": 95000000, "ebitda": 151000000, "ebitdaratio": 0.104281768, "operatingIncome": 70000000, "operatingIncomeRatio": 0.0483425414, "totalOtherIncomeExpensesNet": 14000000, "incomeBeforeTax": 68000000, "incomeBeforeTaxRatio": 0.046961326, "incomeTaxExpense": 25000000, "netIncome": 43000000, "netIncomeRatio": 0.0296961326, "eps": 0.6, "epsdiluted": 0.6, "weightedAverageShsOut": 72000000, "weightedAverageShsOutDil": 72200000, "link": "https://www.sec.gov/Archives/edgar/data/1046257/000095013799000673/0000950137-99-000673-index.html", "finalLink": "https://www.sec.gov/Archives/edgar/data/1046257/", "calculatedOtherExpenses": 95000000, "calculatedOperatingExpenses": 196000000, "calculatedNetInterest": -2000000, "calculatedOtherIncome": 0, "calculatedIncomeNonControlling": 0, "calculatedEbitda": 165000000}, {"date": "1997-12-31", "symbol": "INGR", "reportedCurrency": "USD", "cik": "0001046257", "fillingDate": "1998-03-31", "acceptedDate": "1998-03-31 00:00:00", "calendarYear": "1997", "period": "FY", "revenue": 1418000000, "costOfRevenue": 1177000000, "grossProfit": 241000000, "grossProfitRatio": 0.1699576869, "researchAndDevelopmentExpenses": 0, "generalAndAdministrativeExpenses": 90000000, "sellingAndMarketingExpenses": 0, "sellingGeneralAndAdministrativeExpenses": 90000000, "otherExpenses": 103000000, "operatingExpenses": 193000000, "costAndExpenses": 1370000000, "interestIncome": 0, "interestExpense": 139000000, "depreciationAndAmortization": 103000000, "ebitda": 260000000, "ebitdaratio": 0.1833568406, "operatingIncome": 48000000, "operatingIncomeRatio": 0.0338504937, "totalOtherIncomeExpensesNet": -109000000, "incomeBeforeTax": -91000000, "incomeBeforeTaxRatio": -0.0641748942, "incomeTaxExpense": -19000000, "netIncome": -75000000, "netIncomeRatio": -0.0528913963, "eps": -1.05, "epsdiluted": -1.05, "weightedAverageShsOut": 71428571, "weightedAverageShsOutDil": 71428571, "link": "https://www.sec.gov/Archives/edgar/data/1046257/000095013798001383/0000950137-98-001383-index.html", "finalLink": "https://www.sec.gov/Archives/edgar/data/1046257/", "calculatedOtherExpenses": 103000000, "calculatedOperatingExpenses": 193000000, "calculatedNetInterest": -139000000, "calculatedOtherIncome": 0, "calculatedIncomeNonControlling": 3000000, "calculatedEbitda": 151000000}]}