{"originalCurrency": "USD", "convertedCurrency": "USD", "report": [{"date": "2023-12-31", "symbol": "INSM", "reportedCurrency": "USD", "cik": "0001104506", "fillingDate": "2024-02-22", "acceptedDate": "2024-02-22 07:00:23", "calendarYear": "2023", "period": "FY", "revenue": 305208000, "costOfRevenue": 65573000, "grossProfit": 239635000, "grossProfitRatio": 0.7851530759, "researchAndDevelopmentExpenses": 571011000, "generalAndAdministrativeExpenses": 344501000, "sellingAndMarketingExpenses": 0, "sellingGeneralAndAdministrativeExpenses": 344501000, "otherExpenses": 1856000, "operatingExpenses": 920564000, "costAndExpenses": 986137000, "interestIncome": 1882000, "interestExpense": 76256000, "depreciationAndAmortization": 10579000, "ebitda": -673932000, "ebitdaratio": -2.208107258, "operatingIncome": -709626000, "operatingIncomeRatio": -2.3250570103, "totalOtherIncomeExpensesNet": 15611000, "incomeBeforeTax": -747012000, "incomeBeforeTaxRatio": -2.4475505229, "incomeTaxExpense": 2555000, "netIncome": -749567000, "netIncomeRatio": -2.4559218631, "eps": -5.34, "epsdiluted": -5.34, "weightedAverageShsOut": 140433000, "weightedAverageShsOutDil": 140433000, "link": "https://www.sec.gov/Archives/edgar/data/1104506/000110450624000008/0001104506-24-000008-index.htm", "finalLink": "https://www.sec.gov/Archives/edgar/data/1104506/000110450624000008/insm-20231231.htm", "calculatedOtherExpenses": 33749000, "calculatedOperatingExpenses": 949261000, "calculatedNetInterest": -74374000, "calculatedOtherIncome": 36988000, "calculatedIncomeNonControlling": 0, "calculatedEbitda": -699047000}, {"date": "2022-12-31", "symbol": "INSM", "reportedCurrency": "USD", "cik": "0001104506", "fillingDate": "2023-02-23", "acceptedDate": "2023-02-23 07:30:25", "calendarYear": "2022", "period": "FY", "revenue": 245358000, "costOfRevenue": 55126000, "grossProfit": 190232000, "grossProfitRatio": 0.7753242201, "researchAndDevelopmentExpenses": 397518000, "generalAndAdministrativeExpenses": 244982000, "sellingAndMarketingExpenses": 20802000, "sellingGeneralAndAdministrativeExpenses": 265784000, "otherExpenses": 5053000, "operatingExpenses": 668355000, "costAndExpenses": 723481000, "interestIncome": 11081000, "interestExpense": 26446000, "depreciationAndAmortization": 19916000, "ebitda": -458207000, "ebitdaratio": -1.8675038108, "operatingIncome": -478123000, "operatingIncomeRatio": -1.9486749974, "totalOtherIncomeExpensesNet": -2028000, "incomeBeforeTax": -480151000, "incomeBeforeTaxRatio": -1.9569404707, "incomeTaxExpense": 1383000, "netIncome": -481534000, "netIncomeRatio": -1.9625771322, "eps": -3.91, "epsdiluted": -3.91, "weightedAverageShsOut": 123035000, "weightedAverageShsOutDil": 123035000, "link": "https://www.sec.gov/Archives/edgar/data/1104506/000110450623000009/0001104506-23-000009-index.htm", "finalLink": "https://www.sec.gov/Archives/edgar/data/1104506/000110450623000009/insm-20221231.htm", "calculatedOtherExpenses": 5053000, "calculatedOperatingExpenses": 668355000, "calculatedNetInterest": -15365000, "calculatedOtherIncome": 13337000, "calculatedIncomeNonControlling": 0, "calculatedEbitda": -458207000}, {"date": "2021-12-31", "symbol": "INSM", "reportedCurrency": "USD", "cik": "0001104506", "fillingDate": "2022-02-17", "acceptedDate": "2022-02-17 07:00:01", "calendarYear": "2021", "period": "FY", "revenue": 188461000, "costOfRevenue": 44152000, "grossProfit": 144309000, "grossProfitRatio": 0.7657234123, "researchAndDevelopmentExpenses": 272744000, "generalAndAdministrativeExpenses": 234273000, "sellingAndMarketingExpenses": 0, "sellingGeneralAndAdministrativeExpenses": 234273000, "otherExpenses": 5052000, "operatingExpenses": 512069000, "costAndExpenses": 556221000, "interestIncome": 174000, "interestExpense": 40473000, "depreciationAndAmortization": -5612000, "ebitda": -373372000, "ebitdaratio": -1.9811632115, "operatingIncome": -367760000, "operatingIncomeRatio": -1.9513851672, "totalOtherIncomeExpensesNet": -68652000, "incomeBeforeTax": -436412000, "incomeBeforeTaxRatio": -2.3156621264, "incomeTaxExpense": -1758000, "netIncome": -434654000, "netIncomeRatio": -2.3063339365, "eps": -3.88, "epsdiluted": -3.88, "weightedAverageShsOut": 112111000, "weightedAverageShsOutDil": 112111000, "link": "https://www.sec.gov/Archives/edgar/data/1104506/000110450622000008/0001104506-22-000008-index.htm", "finalLink": "https://www.sec.gov/Archives/edgar/data/1104506/000110450622000008/insm-20211231.htm", "calculatedOtherExpenses": 5052000, "calculatedOperatingExpenses": 512069000, "calculatedNetInterest": -40299000, "calculatedOtherIncome": -28353000, "calculatedIncomeNonControlling": 0, "calculatedEbitda": -373372000}, {"date": "2020-12-31", "symbol": "INSM", "reportedCurrency": "USD", "cik": "0001104506", "fillingDate": "2021-02-25", "acceptedDate": "2021-02-25 07:29:31", "calendarYear": "2020", "period": "FY", "revenue": 164413000, "costOfRevenue": 39872000, "grossProfit": 124541000, "grossProfitRatio": 0.7574887631, "researchAndDevelopmentExpenses": 181157000, "generalAndAdministrativeExpenses": 203613000, "sellingAndMarketingExpenses": 0, "sellingGeneralAndAdministrativeExpenses": 203613000, "otherExpenses": 5003000, "operatingExpenses": 389773000, "costAndExpenses": 429645000, "interestIncome": 1703000, "interestExpense": 29564000, "depreciationAndAmortization": 5408000, "ebitda": -259824000, "ebitdaratio": -1.5803129923, "operatingIncome": -265232000, "operatingIncomeRatio": -1.6132057684, "totalOtherIncomeExpensesNet": -27456000, "incomeBeforeTax": -292688000, "incomeBeforeTaxRatio": -1.7801998625, "incomeTaxExpense": 1402000, "netIncome": -294090000, "netIncomeRatio": -1.7887271688, "eps": -3.01, "epsdiluted": -3.01, "weightedAverageShsOut": 97605000, "weightedAverageShsOutDil": 97605000, "link": "https://www.sec.gov/Archives/edgar/data/1104506/000110450621000005/0001104506-21-000005-index.htm", "finalLink": "https://www.sec.gov/Archives/edgar/data/1104506/000110450621000005/insm-20201231.htm", "calculatedOtherExpenses": 5003000, "calculatedOperatingExpenses": 389773000, "calculatedNetInterest": -27861000, "calculatedOtherIncome": 405000, "calculatedIncomeNonControlling": 0, "calculatedEbitda": -259824000}, {"date": "2019-12-31", "symbol": "INSM", "reportedCurrency": "USD", "cik": "0001104506", "fillingDate": "2020-02-25", "acceptedDate": "2020-02-25 07:30:50", "calendarYear": "2019", "period": "FY", "revenue": 136467000, "costOfRevenue": 24212000, "grossProfit": 112255000, "grossProfitRatio": 0.8225798178, "researchAndDevelopmentExpenses": 131711000, "generalAndAdministrativeExpenses": 210796000, "sellingAndMarketingExpenses": 0, "sellingGeneralAndAdministrativeExpenses": 210796000, "otherExpenses": 4993000, "operatingExpenses": 347500000, "costAndExpenses": 371712000, "interestIncome": 9921000, "interestExpense": 27705000, "depreciationAndAmortization": 4462000, "ebitda": -230783000, "ebitdaratio": -1.6911267926, "operatingIncome": -235245000, "operatingIncomeRatio": -1.7238233419, "totalOtherIncomeExpensesNet": -18315000, "incomeBeforeTax": -253560000, "incomeBeforeTaxRatio": -1.858031612, "incomeTaxExpense": 777000, "netIncome": -254337000, "netIncomeRatio": -1.8637252962, "eps": -3.01, "epsdiluted": -3.01, "weightedAverageShsOut": 84560000, "weightedAverageShsOutDil": 84560000, "link": "https://www.sec.gov/Archives/edgar/data/1104506/000110450620000007/0001104506-20-000007-index.htm", "finalLink": "https://www.sec.gov/Archives/edgar/data/1104506/000110450620000007/insm-20191231.htm", "calculatedOtherExpenses": 4993000, "calculatedOperatingExpenses": 347500000, "calculatedNetInterest": -17784000, "calculatedOtherIncome": -531000, "calculatedIncomeNonControlling": 0, "calculatedEbitda": -230783000}, {"date": "2018-12-31", "symbol": "INSM", "reportedCurrency": "USD", "cik": "0001104506", "fillingDate": "2019-02-22", "acceptedDate": "2019-02-22 07:30:35", "calendarYear": "2018", "period": "FY", "revenue": 9835000, "costOfRevenue": 2423000, "grossProfit": 7412000, "grossProfitRatio": 0.7536349771, "researchAndDevelopmentExpenses": 145283000, "generalAndAdministrativeExpenses": 168218000, "sellingAndMarketingExpenses": 0, "sellingGeneralAndAdministrativeExpenses": 168218000, "otherExpenses": 602000, "operatingExpenses": 314750000, "costAndExpenses": 317173000, "interestIncome": 0, "interestExpense": 25472000, "depreciationAndAmortization": 1249000, "ebitda": -305487000, "ebitdaratio": -31.0612099644, "operatingIncome": -307338000, "operatingIncomeRatio": -31.2494153533, "totalOtherIncomeExpensesNet": 8734000, "incomeBeforeTax": -324076000, "incomeBeforeTaxRatio": -32.9512963904, "incomeTaxExpense": 201000, "netIncome": -324277000, "netIncomeRatio": -32.9717336045, "eps": -4.22, "epsdiluted": -4.22, "weightedAverageShsOut": 76842890, "weightedAverageShsOutDil": 76889000, "link": "https://www.sec.gov/Archives/edgar/data/1104506/000110450619000009/0001104506-19-000009-index.htm", "finalLink": "https://www.sec.gov/Archives/edgar/data/1104506/000110450619000009/insmed10k2018.htm", "calculatedOtherExpenses": 1249000, "calculatedOperatingExpenses": 314750000, "calculatedNetInterest": -25472000, "calculatedOtherIncome": 8734000, "calculatedIncomeNonControlling": 0, "calculatedEbitda": -306089000}, {"date": "2017-12-31", "symbol": "INSM", "reportedCurrency": "USD", "cik": "0001104506", "fillingDate": "2018-02-23", "acceptedDate": "2018-02-23 08:00:43", "calendarYear": "2017", "period": "FY", "revenue": 0, "costOfRevenue": 2901000, "grossProfit": -2901000, "grossProfitRatio": 0, "researchAndDevelopmentExpenses": 109749000, "generalAndAdministrativeExpenses": 79171000, "sellingAndMarketingExpenses": 0, "sellingGeneralAndAdministrativeExpenses": 79171000, "otherExpenses": 300000, "operatingExpenses": 188920000, "costAndExpenses": 188920000, "interestIncome": 0, "interestExpense": 5925000, "depreciationAndAmortization": 2901000, "ebitda": -188620000, "ebitdaratio": 0, "operatingIncome": -188920000, "operatingIncomeRatio": 0, "totalOtherIncomeExpensesNet": 1924000, "incomeBeforeTax": -192921000, "incomeBeforeTaxRatio": 0, "incomeTaxExpense": -272000, "netIncome": -192649000, "netIncomeRatio": 0, "eps": -2.89, "epsdiluted": -2.89, "weightedAverageShsOut": 66575999, "weightedAverageShsOutDil": 66576000, "link": "https://www.sec.gov/Archives/edgar/data/1104506/000110450618000002/0001104506-18-000002-index.htm", "finalLink": "https://www.sec.gov/Archives/edgar/data/1104506/000110450618000002/insmed10k2017.htm", "calculatedOtherExpenses": -2901000, "calculatedOperatingExpenses": 186019000, "calculatedNetInterest": -5925000, "calculatedOtherIncome": 1924000, "calculatedIncomeNonControlling": 0, "calculatedEbitda": -186019000}, {"date": "2016-12-31", "symbol": "INSM", "reportedCurrency": "USD", "cik": "0001104506", "fillingDate": "2017-02-23", "acceptedDate": "2017-02-23 08:07:55", "calendarYear": "2016", "period": "FY", "revenue": 0, "costOfRevenue": 2438000, "grossProfit": -2438000, "grossProfitRatio": 0, "researchAndDevelopmentExpenses": 122721000, "generalAndAdministrativeExpenses": 50679000, "sellingAndMarketingExpenses": 0, "sellingGeneralAndAdministrativeExpenses": 50679000, "otherExpenses": 119000, "operatingExpenses": 173400000, "costAndExpenses": 173400000, "interestIncome": 0, "interestExpense": 3498000, "depreciationAndAmortization": 2438000, "ebitda": -173281000, "ebitdaratio": 0, "operatingIncome": -173400000, "operatingIncomeRatio": 0, "totalOtherIncomeExpensesNet": 723000, "incomeBeforeTax": -176175000, "incomeBeforeTaxRatio": 0, "incomeTaxExpense": 98000, "netIncome": -176273000, "netIncomeRatio": 0, "eps": -2.85, "epsdiluted": -2.85, "weightedAverageShsOut": 61850175, "weightedAverageShsOutDil": 61892000, "link": "https://www.sec.gov/Archives/edgar/data/1104506/000104746917000856/0001047469-17-000856-index.htm", "finalLink": "https://www.sec.gov/Archives/edgar/data/1104506/000104746917000856/a2230968z10-k.htm", "calculatedOtherExpenses": -2438000, "calculatedOperatingExpenses": 170962000, "calculatedNetInterest": -3498000, "calculatedOtherIncome": 723000, "calculatedIncomeNonControlling": 0, "calculatedEbitda": -170962000}, {"date": "2015-12-31", "symbol": "INSM", "reportedCurrency": "USD", "cik": "0001104506", "fillingDate": "2016-02-25", "acceptedDate": "2016-02-25 08:04:51", "calendarYear": "2015", "period": "FY", "revenue": 0, "costOfRevenue": 1982000, "grossProfit": -1982000, "grossProfitRatio": 0, "researchAndDevelopmentExpenses": 74277000, "generalAndAdministrativeExpenses": 43216000, "sellingAndMarketingExpenses": 0, "sellingGeneralAndAdministrativeExpenses": 43216000, "otherExpenses": -33000, "operatingExpenses": 117493000, "costAndExpenses": 117493000, "interestIncome": 0, "interestExpense": 2889000, "depreciationAndAmortization": 1982000, "ebitda": -117526000, "ebitdaratio": 0, "operatingIncome": -117493000, "operatingIncomeRatio": 0, "totalOtherIncomeExpensesNet": 228000, "incomeBeforeTax": -120154000, "incomeBeforeTaxRatio": 0, "incomeTaxExpense": -1971000, "netIncome": -118183000, "netIncomeRatio": 0, "eps": -2.02, "epsdiluted": -2.02, "weightedAverageShsOut": 58506435, "weightedAverageShsOutDil": 58633000, "link": "https://www.sec.gov/Archives/edgar/data/1104506/000104746916010395/0001047469-16-010395-index.htm", "finalLink": "https://www.sec.gov/Archives/edgar/data/1104506/000104746916010395/a2227323z10-k.htm", "calculatedOtherExpenses": -1982000, "calculatedOperatingExpenses": 115511000, "calculatedNetInterest": -2889000, "calculatedOtherIncome": 228000, "calculatedIncomeNonControlling": 0, "calculatedEbitda": -115511000}, {"date": "2014-12-31", "symbol": "INSM", "reportedCurrency": "USD", "cik": "0001104506", "fillingDate": "2015-02-27", "acceptedDate": "2015-02-27 07:50:18", "calendarYear": "2014", "period": "FY", "revenue": 11500000, "costOfRevenue": 33534999, "grossProfit": -22034999, "grossProfitRatio": -1.9160868696, "researchAndDevelopmentExpenses": 56292000, "generalAndAdministrativeExpenses": 31073000, "sellingAndMarketingExpenses": 0, "sellingGeneralAndAdministrativeExpenses": 31073000, "otherExpenses": 141000, "operatingExpenses": 87365000, "costAndExpenses": 87365000, "interestIncome": 0, "interestExpense": 2415000, "depreciationAndAmortization": 1073000, "ebitda": -87224000, "ebitdaratio": -7.5846956522, "operatingIncome": -87365000, "operatingIncomeRatio": -7.5969565217, "totalOtherIncomeExpensesNet": 199000, "incomeBeforeTax": -89581000, "incomeBeforeTaxRatio": -7.7896521739, "incomeTaxExpense": -10422000, "netIncome": -79159000, "netIncomeRatio": -6.8833913043, "eps": -1.84, "epsdiluted": -1.84, "weightedAverageShsOut": 43021195, "weightedAverageShsOutDil": 43095000, "link": "https://www.sec.gov/Archives/edgar/data/1104506/000104746915001346/0001047469-15-001346-index.htm", "finalLink": "https://www.sec.gov/Archives/edgar/data/1104506/000104746915001346/a2222985z10-k.htm", "calculatedOtherExpenses": -22034999, "calculatedOperatingExpenses": 65330001, "calculatedNetInterest": -2415000, "calculatedOtherIncome": 199000, "calculatedIncomeNonControlling": 0, "calculatedEbitda": -86292000}, {"date": "2013-12-31", "symbol": "INSM", "reportedCurrency": "USD", "cik": "0001104506", "fillingDate": "2014-03-06", "acceptedDate": "2014-03-06 07:36:16", "calendarYear": "2013", "period": "FY", "revenue": 11500000, "costOfRevenue": 29644000, "grossProfit": -18144000, "grossProfitRatio": -1.5777391304, "researchAndDevelopmentExpenses": 44279000, "generalAndAdministrativeExpenses": 22236000, "sellingAndMarketingExpenses": 0, "sellingGeneralAndAdministrativeExpenses": 22236000, "otherExpenses": -33000, "operatingExpenses": 66515000, "costAndExpenses": 66515000, "interestIncome": 0, "interestExpense": 2412000, "depreciationAndAmortization": 680000, "ebitda": -54368000, "ebitdaratio": -4.7276521739, "operatingIncome": -55015000, "operatingIncomeRatio": -4.7839130435, "totalOtherIncomeExpensesNet": 133000, "incomeBeforeTax": -57294000, "incomeBeforeTaxRatio": -4.9820869565, "incomeTaxExpense": -1221000, "netIncome": -56073000, "netIncomeRatio": -4.8759130435, "eps": -1.6, "epsdiluted": -1.6, "weightedAverageShsOut": 34980000, "weightedAverageShsOutDil": 34980000, "link": "https://www.sec.gov/Archives/edgar/data/1104506/000104746914001864/0001047469-14-001864-index.htm", "finalLink": "https://www.sec.gov/Archives/edgar/data/1104506/000104746914001864/a2218603z10-k.htm", "calculatedOtherExpenses": -29644000, "calculatedOperatingExpenses": 36871000, "calculatedNetInterest": -2412000, "calculatedOtherIncome": 133000, "calculatedIncomeNonControlling": 0, "calculatedEbitda": -54335000}, {"date": "2012-12-31", "symbol": "INSM", "reportedCurrency": "USD", "cik": "0001104506", "fillingDate": "2013-03-18", "acceptedDate": "2013-03-18 07:30:56", "calendarYear": "2012", "period": "FY", "revenue": 0, "costOfRevenue": 21369000, "grossProfit": -21369000, "grossProfitRatio": 0, "researchAndDevelopmentExpenses": 29781000, "generalAndAdministrativeExpenses": 12657000, "sellingAndMarketingExpenses": 0, "sellingGeneralAndAdministrativeExpenses": 12657000, "otherExpenses": 0, "operatingExpenses": 42438000, "costAndExpenses": 42438000, "interestIncome": 0, "interestExpense": 763000, "depreciationAndAmortization": 561000, "ebitda": -41877000, "ebitdaratio": 0, "operatingIncome": -42438000, "operatingIncomeRatio": 0, "totalOtherIncomeExpensesNet": 1827000, "incomeBeforeTax": -41374000, "incomeBeforeTaxRatio": 0, "incomeTaxExpense": 763000, "netIncome": -41374000, "netIncomeRatio": 0, "eps": -1.56, "epsdiluted": -1.56, "weightedAverageShsOut": 26521794, "weightedAverageShsOutDil": 26545000, "link": "https://www.sec.gov/Archives/edgar/data/1104506/000114036113012797/0001140361-13-012797-index.htm", "finalLink": "https://www.sec.gov/Archives/edgar/data/1104506/000114036113012797/form10k.htm", "calculatedOtherExpenses": -21369000, "calculatedOperatingExpenses": 21069000, "calculatedNetInterest": -763000, "calculatedOtherIncome": 1827000, "calculatedIncomeNonControlling": -763000, "calculatedEbitda": -41877000}, {"date": "2011-12-31", "symbol": "INSM", "reportedCurrency": "USD", "cik": "0001104506", "fillingDate": "2012-03-13", "acceptedDate": "2012-03-13 06:30:07", "calendarYear": "2011", "period": "FY", "revenue": 4417000, "costOfRevenue": 0, "grossProfit": 4417000, "grossProfitRatio": 1, "researchAndDevelopmentExpenses": 27917000, "generalAndAdministrativeExpenses": 12229000, "sellingAndMarketingExpenses": 0, "sellingGeneralAndAdministrativeExpenses": 12229000, "otherExpenses": 12229000, "operatingExpenses": 40146000, "costAndExpenses": 40146000, "interestIncome": 0, "interestExpense": 10000, "depreciationAndAmortization": 343000, "ebitda": -35386000, "ebitdaratio": -8.0113199004, "operatingIncome": -61719000, "operatingIncomeRatio": -13.9730586371, "totalOtherIncomeExpensesNet": -23925000, "incomeBeforeTax": -59664000, "incomeBeforeTaxRatio": -13.5078107313, "incomeTaxExpense": 9175000, "netIncome": -59664000, "netIncomeRatio": -13.5078107313, "eps": -2.56, "epsdiluted": -2.56, "weightedAverageShsOut": 23348000, "weightedAverageShsOutDil": 23348000, "link": "https://www.sec.gov/Archives/edgar/data/1104506/000114036112015075/0001140361-12-015075-index.htm", "finalLink": "https://www.sec.gov/Archives/edgar/data/1104506/000114036112015075/form10k.htm", "calculatedOtherExpenses": 25990000, "calculatedOperatingExpenses": 66136000, "calculatedNetInterest": -10000, "calculatedOtherIncome": 2065000, "calculatedIncomeNonControlling": -9175000, "calculatedEbitda": -61376000}, {"date": "2010-12-31", "symbol": "INSM", "reportedCurrency": "USD", "cik": "0001104506", "fillingDate": "2011-03-16", "acceptedDate": "2011-03-16 15:59:34", "calendarYear": "2010", "period": "FY", "revenue": 6921000, "costOfRevenue": 0, "grossProfit": 6921000, "grossProfitRatio": 1, "researchAndDevelopmentExpenses": 4757000, "generalAndAdministrativeExpenses": 10256000, "sellingAndMarketingExpenses": 0, "sellingGeneralAndAdministrativeExpenses": 10256000, "otherExpenses": 10256000, "operatingExpenses": 15013000, "costAndExpenses": 15013000, "interestIncome": 1845000, "interestExpense": 109000, "depreciationAndAmortization": 54000, "ebitda": -8038000, "ebitdaratio": -1.1613928623, "operatingIncome": -8092000, "operatingIncomeRatio": -1.169195203, "totalOtherIncomeExpensesNet": 1845000, "incomeBeforeTax": -6356000, "incomeBeforeTaxRatio": -0.9183643982, "incomeTaxExpense": 78000, "netIncome": -6434000, "netIncomeRatio": -0.9296344459, "eps": -0.49, "epsdiluted": -0.49, "weightedAverageShsOut": 13250000, "weightedAverageShsOutDil": 13250000, "link": "https://www.sec.gov/Archives/edgar/data/1104506/000110450611000016/0001104506-11-000016-index.htm", "finalLink": "https://www.sec.gov/Archives/edgar/data/1104506/000110450611000016/i10-k.htm", "calculatedOtherExpenses": 0, "calculatedOperatingExpenses": 15013000, "calculatedNetInterest": 1736000, "calculatedOtherIncome": 0, "calculatedIncomeNonControlling": 0, "calculatedEbitda": -8038000}, {"date": "2009-12-31", "symbol": "INSM", "reportedCurrency": "USD", "cik": "0001104506", "fillingDate": "2010-03-16", "acceptedDate": "2010-03-15 18:21:49", "calendarYear": "2009", "period": "FY", "revenue": 10373000, "costOfRevenue": 0, "grossProfit": 10373000, "grossProfitRatio": 1, "researchAndDevelopmentExpenses": 9207000, "generalAndAdministrativeExpenses": 0, "sellingAndMarketingExpenses": 0, "sellingGeneralAndAdministrativeExpenses": 9840000, "otherExpenses": 9840000, "operatingExpenses": 19047000, "costAndExpenses": 19047000, "interestIncome": 0, "interestExpense": 781000, "depreciationAndAmortization": 707000, "ebitda": -7967000, "ebitdaratio": -0.7680516726, "operatingIncome": -8674000, "operatingIncomeRatio": -0.8362093898, "totalOtherIncomeExpensesNet": 128282000, "incomeBeforeTax": 118827000, "incomeBeforeTaxRatio": 11.4554130917, "incomeTaxExpense": 477000, "netIncome": 118350000, "netIncomeRatio": 11.4094283235, "eps": 9.3, "epsdiluted": 9.3, "weightedAverageShsOut": 12711500, "weightedAverageShsOutDil": 12727000, "link": "https://www.sec.gov/Archives/edgar/data/1104506/000110450610000004/0001104506-10-000004-index.htm", "finalLink": "https://www.sec.gov/Archives/edgar/data/1104506/000110450610000004/i10k.htm", "calculatedOtherExpenses": 0, "calculatedOperatingExpenses": 19047000, "calculatedNetInterest": -781000, "calculatedOtherIncome": 128282000, "calculatedIncomeNonControlling": 0, "calculatedEbitda": -7967000}, {"date": "2008-12-31", "symbol": "INSM", "reportedCurrency": "USD", "cik": "0001104506", "fillingDate": "2009-03-31", "acceptedDate": "2009-03-31 17:10:56", "calendarYear": "2008", "period": "FY", "revenue": 11699000, "costOfRevenue": 0, "grossProfit": 11699000, "grossProfitRatio": 1, "researchAndDevelopmentExpenses": 21047000, "generalAndAdministrativeExpenses": 0, "sellingAndMarketingExpenses": 0, "sellingGeneralAndAdministrativeExpenses": 5063000, "otherExpenses": 5063000, "operatingExpenses": 26110000, "costAndExpenses": 26110000, "interestIncome": 500000, "interestExpense": 1256000, "depreciationAndAmortization": 1043000, "ebitda": -12868000, "ebitdaratio": -1.0999230703, "operatingIncome": -14411000, "operatingIncomeRatio": -1.231814685, "totalOtherIncomeExpensesNet": -500000, "incomeBeforeTax": -15667000, "incomeBeforeTaxRatio": -1.3391742884, "incomeTaxExpense": 1256000, "netIncome": -15667000, "netIncomeRatio": -1.3391742884, "eps": -1.28, "epsdiluted": -1.28, "weightedAverageShsOut": 12213000, "weightedAverageShsOutDil": 12213000, "link": "https://www.sec.gov/Archives/edgar/data/1104506/000110450609000004/0001104506-09-000004-index.htm", "finalLink": "https://www.sec.gov/Archives/edgar/data/1104506/000110450609000004/i10k.htm", "calculatedOtherExpenses": 0, "calculatedOperatingExpenses": 26110000, "calculatedNetInterest": -756000, "calculatedOtherIncome": -500000, "calculatedIncomeNonControlling": -1256000, "calculatedEbitda": -13368000}, {"date": "2007-12-31", "symbol": "INSM", "reportedCurrency": "USD", "cik": "0001104506", "fillingDate": "2008-03-12", "acceptedDate": "2008-03-12 16:28:00", "calendarYear": "2007", "period": "FY", "revenue": 7529000, "costOfRevenue": 576000, "grossProfit": 6953000, "grossProfitRatio": 0.9234958162, "researchAndDevelopmentExpenses": 18937000, "generalAndAdministrativeExpenses": 0, "sellingAndMarketingExpenses": 0, "sellingGeneralAndAdministrativeExpenses": 8455000, "otherExpenses": 8455000, "operatingExpenses": 27392000, "costAndExpenses": 27968000, "interestIncome": 1159000, "interestExpense": -682000, "depreciationAndAmortization": 406000, "ebitda": -20033000, "ebitdaratio": -2.6607783238, "operatingIncome": -20439000, "operatingIncomeRatio": -2.7147031478, "totalOtherIncomeExpensesNet": 477000, "incomeBeforeTax": -19962000, "incomeBeforeTaxRatio": -2.6513481206, "incomeTaxExpense": 0, "netIncome": -19962000, "netIncomeRatio": -2.6513481206, "eps": -1.74, "epsdiluted": -1.74, "weightedAverageShsOut": 11468200, "weightedAverageShsOutDil": 11468200, "link": "https://www.sec.gov/Archives/edgar/data/1104506/000119312508054197/0001193125-08-054197-index.htm", "finalLink": "https://www.sec.gov/Archives/edgar/data/1104506/000119312508054197/d10k.htm", "calculatedOtherExpenses": 0, "calculatedOperatingExpenses": 27392000, "calculatedNetInterest": 1841000, "calculatedOtherIncome": -1364000, "calculatedIncomeNonControlling": 0, "calculatedEbitda": -20033000}, {"date": "2006-12-31", "symbol": "INSM", "reportedCurrency": "USD", "cik": "0001104506", "fillingDate": "2007-03-16", "acceptedDate": "2007-03-16 09:49:00", "calendarYear": "2006", "period": "FY", "revenue": 991000, "costOfRevenue": 1490000, "grossProfit": -499000, "grossProfitRatio": -0.5035317861, "researchAndDevelopmentExpenses": 21089000, "generalAndAdministrativeExpenses": 0, "sellingAndMarketingExpenses": 0, "sellingGeneralAndAdministrativeExpenses": 25682000, "otherExpenses": 32785000, "operatingExpenses": 53874000, "costAndExpenses": 55364000, "interestIncome": 1937000, "interestExpense": -3703000, "depreciationAndAmortization": 3369000, "ebitda": -43901000, "ebitdaratio": -44.2996972755, "operatingIncome": -54373000, "operatingIncomeRatio": -54.8668012109, "totalOtherIncomeExpensesNet": -7103000, "incomeBeforeTax": -56139000, "incomeBeforeTaxRatio": -56.648839556, "incomeTaxExpense": 1766000, "netIncome": -56139000, "netIncomeRatio": -56.648839556, "eps": -5.89, "epsdiluted": -5.89, "weightedAverageShsOut": 9532100, "weightedAverageShsOutDil": 9532100, "link": "https://www.sec.gov/Archives/edgar/data/1104506/000119312507056486/0001193125-07-056486-index.htm", "finalLink": "https://www.sec.gov/Archives/edgar/data/1104506/000119312507056486/d10k.htm", "calculatedOtherExpenses": 7103000, "calculatedOperatingExpenses": 53874000, "calculatedNetInterest": 5640000, "calculatedOtherIncome": -7406000, "calculatedIncomeNonControlling": -1766000, "calculatedEbitda": -51004000}, {"date": "2005-12-31", "symbol": "INSM", "reportedCurrency": "USD", "cik": "0001104506", "fillingDate": "2006-03-06", "acceptedDate": "2006-03-06 06:22:40", "calendarYear": "2005", "period": "FY", "revenue": 131000, "costOfRevenue": 0, "grossProfit": 131000, "grossProfitRatio": 1, "researchAndDevelopmentExpenses": 21835000, "generalAndAdministrativeExpenses": 5730000, "sellingAndMarketingExpenses": 0, "sellingGeneralAndAdministrativeExpenses": 5730000, "otherExpenses": 5730000, "operatingExpenses": 27565000, "costAndExpenses": 27565000, "interestIncome": 752000, "interestExpense": -14247000, "depreciationAndAmortization": 12897000, "ebitda": -14537000, "ebitdaratio": -110.9694656489, "operatingIncome": -27434000, "operatingIncomeRatio": -209.4198473282, "totalOtherIncomeExpensesNet": -13495000, "incomeBeforeTax": -40929000, "incomeBeforeTaxRatio": -312.4351145038, "incomeTaxExpense": 0, "netIncome": -40929000, "netIncomeRatio": -312.4351145038, "eps": -8.4, "epsdiluted": -8.4, "weightedAverageShsOut": 4874200, "weightedAverageShsOutDil": 4874200, "link": "https://www.sec.gov/Archives/edgar/data/1104506/000119312506045468/0001193125-06-045468-index.htm", "finalLink": "https://www.sec.gov/Archives/edgar/data/1104506/000119312506045468/d10k.htm", "calculatedOtherExpenses": 0, "calculatedOperatingExpenses": 27565000, "calculatedNetInterest": 14999000, "calculatedOtherIncome": -28494000, "calculatedIncomeNonControlling": 0, "calculatedEbitda": -14537000}, {"date": "2004-12-31", "symbol": "INSM", "reportedCurrency": "USD", "cik": "0001104506", "fillingDate": "2005-03-16", "acceptedDate": "2005-03-16 16:11:24", "calendarYear": "2004", "period": "FY", "revenue": 137000, "costOfRevenue": 0, "grossProfit": 137000, "grossProfitRatio": 1, "researchAndDevelopmentExpenses": 23320000, "generalAndAdministrativeExpenses": 2984000, "sellingAndMarketingExpenses": 1258000, "sellingGeneralAndAdministrativeExpenses": 4242000, "otherExpenses": 4242000, "operatingExpenses": 27562000, "costAndExpenses": 27562000, "interestIncome": 0, "interestExpense": 0, "depreciationAndAmortization": 34000, "ebitda": -27391000, "ebitdaratio": -199.9343065693, "operatingIncome": -27425000, "operatingIncomeRatio": -200.1824817518, "totalOtherIncomeExpensesNet": -8992000, "incomeBeforeTax": -36417000, "incomeBeforeTaxRatio": -265.8175182482, "incomeTaxExpense": -9214000, "netIncome": -27203000, "netIncomeRatio": -198.5620437956, "eps": -6.95, "epsdiluted": -6.95, "weightedAverageShsOut": 3916000, "weightedAverageShsOutDil": 3916000, "link": "https://www.sec.gov/Archives/edgar/data/1104506/000119312505052742/0001193125-05-052742-index.htm", "finalLink": "https://www.sec.gov/Archives/edgar/data/1104506/000119312505052742/d10k.htm", "calculatedOtherExpenses": 0, "calculatedOperatingExpenses": 27562000, "calculatedNetInterest": 0, "calculatedOtherIncome": -8992000, "calculatedIncomeNonControlling": 0, "calculatedEbitda": -27391000}, {"date": "2003-12-31", "symbol": "INSM", "reportedCurrency": "USD", "cik": "0001104506", "fillingDate": "2004-03-12", "acceptedDate": "2004-03-12 14:50:44", "calendarYear": "2003", "period": "FY", "revenue": 150000, "costOfRevenue": 0, "grossProfit": 150000, "grossProfitRatio": 1, "researchAndDevelopmentExpenses": 7140000, "generalAndAdministrativeExpenses": 3477000, "sellingAndMarketingExpenses": 0, "sellingGeneralAndAdministrativeExpenses": 3477000, "otherExpenses": 3596000, "operatingExpenses": 10736000, "costAndExpenses": 10736000, "interestIncome": 0, "interestExpense": 0, "depreciationAndAmortization": 96000, "ebitda": -10371000, "ebitdaratio": -69.14, "operatingIncome": -10586000, "operatingIncomeRatio": -70.5733333333, "totalOtherIncomeExpensesNet": -119000, "incomeBeforeTax": -10298000, "incomeBeforeTaxRatio": -68.6533333333, "incomeTaxExpense": -288000, "netIncome": -10298000, "netIncomeRatio": -68.6533333333, "eps": -2.89, "epsdiluted": -2.89, "weightedAverageShsOut": 3560000, "weightedAverageShsOutDil": 3560000, "link": "https://www.sec.gov/Archives/edgar/data/1104506/000119312504040365/0001193125-04-040365-index.htm", "finalLink": "https://www.sec.gov/Archives/edgar/data/1104506/000119312504040365/d10k.htm", "calculatedOtherExpenses": 119000, "calculatedOperatingExpenses": 10736000, "calculatedNetInterest": 0, "calculatedOtherIncome": 288000, "calculatedIncomeNonControlling": 288000, "calculatedEbitda": -10490000}, {"date": "2002-12-31", "symbol": "INSM", "reportedCurrency": "USD", "cik": "0001104506", "fillingDate": "2003-03-28", "acceptedDate": "2003-03-28 11:08:55", "calendarYear": "2002", "period": "FY", "revenue": 1955000, "costOfRevenue": 0, "grossProfit": 1955000, "grossProfitRatio": 1, "researchAndDevelopmentExpenses": 18077000, "generalAndAdministrativeExpenses": 2984000, "sellingAndMarketingExpenses": 0, "sellingGeneralAndAdministrativeExpenses": 2984000, "otherExpenses": 18369000, "operatingExpenses": 36446000, "costAndExpenses": 36446000, "interestIncome": 607000, "interestExpense": 0, "depreciationAndAmortization": 346000, "ebitda": -16227000, "ebitdaratio": -8.3002557545, "operatingIncome": -37024000, "operatingIncomeRatio": -18.9381074169, "totalOtherIncomeExpensesNet": -17918000, "incomeBeforeTax": -36417000, "incomeBeforeTaxRatio": -18.6276214834, "incomeTaxExpense": 1926000, "netIncome": -36417000, "netIncomeRatio": -18.6276214834, "eps": -11.01, "epsdiluted": -11.01, "weightedAverageShsOut": 3306600, "weightedAverageShsOutDil": 3306600, "link": "https://www.sec.gov/Archives/edgar/data/1104506/000091664103000829/0000916641-03-000829-index.htm", "finalLink": "https://www.sec.gov/Archives/edgar/data/1104506/000091664103000829/d10k.htm", "calculatedOtherExpenses": 17918000, "calculatedOperatingExpenses": 38979000, "calculatedNetInterest": 607000, "calculatedOtherIncome": 0, "calculatedIncomeNonControlling": -1926000, "calculatedEbitda": -36678000}, {"date": "2001-12-31", "symbol": "INSM", "reportedCurrency": "USD", "cik": "0001104506", "fillingDate": "2002-03-25", "acceptedDate": "2002-03-25 00:00:00", "calendarYear": "2001", "period": "FY", "revenue": 296000, "costOfRevenue": 0, "grossProfit": 296000, "grossProfitRatio": 1, "researchAndDevelopmentExpenses": 35506000, "generalAndAdministrativeExpenses": 4976000, "sellingAndMarketingExpenses": 0, "sellingGeneralAndAdministrativeExpenses": 4976000, "otherExpenses": 95000, "operatingExpenses": 40482000, "costAndExpenses": 40482000, "interestIncome": 0, "interestExpense": 0, "depreciationAndAmortization": 1542000, "ebitda": -38644000, "ebitdaratio": -130.5540540541, "operatingIncome": -40186000, "operatingIncomeRatio": -135.7635135135, "totalOtherIncomeExpensesNet": 3017000, "incomeBeforeTax": -37169000, "incomeBeforeTaxRatio": -125.5709459459, "incomeTaxExpense": -74338000, "netIncome": -37169000, "netIncomeRatio": -125.5709459459, "eps": -11.31, "epsdiluted": -11.31, "weightedAverageShsOut": 3287100, "weightedAverageShsOutDil": 3287100, "link": "https://www.sec.gov/Archives/edgar/data/1104506/000095010902001597/0000950109-02-001597-index.htm", "finalLink": "https://www.sec.gov/Archives/edgar/data/1104506/000095010902001597/d10k405.htm", "calculatedOtherExpenses": 0, "calculatedOperatingExpenses": 40482000, "calculatedNetInterest": 0, "calculatedOtherIncome": 3017000, "calculatedIncomeNonControlling": 74338000, "calculatedEbitda": -38644000}, {"date": "2000-12-31", "symbol": "INSM", "reportedCurrency": "USD", "cik": "0001104506", "fillingDate": "2001-03-22", "acceptedDate": "2001-03-22 00:00:00", "calendarYear": "2000", "period": "FY", "revenue": 60000, "costOfRevenue": 0, "grossProfit": 60000, "grossProfitRatio": 1, "researchAndDevelopmentExpenses": 21608000, "generalAndAdministrativeExpenses": 9553000, "sellingAndMarketingExpenses": 0, "sellingGeneralAndAdministrativeExpenses": 9553000, "otherExpenses": 0, "operatingExpenses": 31161000, "costAndExpenses": 31161000, "interestIncome": 0, "interestExpense": 0, "depreciationAndAmortization": 789000, "ebitda": 20122000, "ebitdaratio": 335.3666666667, "operatingIncome": -81535000, "operatingIncomeRatio": -1358.9166666667, "totalOtherIncomeExpensesNet": -50434000, "incomeBeforeTax": -79662000, "incomeBeforeTaxRatio": -1327.7, "incomeTaxExpense": 200000, "netIncome": -79862000, "netIncomeRatio": -1331.0333333333, "eps": -43.6, "epsdiluted": -43.6, "weightedAverageShsOut": 1831900, "weightedAverageShsOutDil": 1831900, "link": "https://www.sec.gov/Archives/edgar/data/1104506/000091664101000387/0000916641-01-000387-index.htm", "finalLink": "https://www.sec.gov/Archives/edgar/data/1104506/000091664101000387/0000916641-01-000387-0001.txt", "calculatedOtherExpenses": 50434000, "calculatedOperatingExpenses": 81595000, "calculatedNetInterest": 0, "calculatedOtherIncome": 1873000, "calculatedIncomeNonControlling": 0, "calculatedEbitda": -80746000}, {"date": "1999-12-31", "symbol": "INSM", "reportedCurrency": "USD", "cik": "0001104506", "fillingDate": "1999-12-31", "acceptedDate": "1999-12-30 19:00:00", "calendarYear": "1999", "period": "FY", "revenue": 663162, "costOfRevenue": -86574, "grossProfit": 749736, "grossProfitRatio": 1.1305472871, "researchAndDevelopmentExpenses": 6348541, "generalAndAdministrativeExpenses": 0, "sellingAndMarketingExpenses": 0, "sellingGeneralAndAdministrativeExpenses": 2444873, "otherExpenses": 2531447, "operatingExpenses": 8879988, "costAndExpenses": 8793414, "interestIncome": 0, "interestExpense": 0, "depreciationAndAmortization": 86574, "ebitda": -8043678, "ebitdaratio": -12.1292806283, "operatingIncome": -8130252, "operatingIncomeRatio": -12.2598279154, "totalOtherIncomeExpensesNet": 0, "incomeBeforeTax": 0, "incomeBeforeTaxRatio": 0, "incomeTaxExpense": -337568, "netIncome": -7792684, "netIncomeRatio": -11.7507999554, "eps": -24.7, "epsdiluted": -24.7, "weightedAverageShsOut": 315500, "weightedAverageShsOutDil": 315500, "link": "", "finalLink": "", "calculatedOtherExpenses": 86574, "calculatedOperatingExpenses": 8879988, "calculatedNetInterest": 0, "calculatedOtherIncome": 8130252, "calculatedIncomeNonControlling": 8130252, "calculatedEbitda": -8043678}]}