{"originalCurrency": "USD", "convertedCurrency": "USD", "report": [{"date": "2023-12-31", "symbol": "INSP", "reportedCurrency": "USD", "cik": "0001609550", "fillingDate": "2024-02-09", "acceptedDate": "2024-02-09 16:02:04", "calendarYear": "2023", "period": "FY", "revenue": 624799000, "costOfRevenue": 96576000, "grossProfit": 528223000, "grossProfitRatio": 0.8454286899, "researchAndDevelopmentExpenses": 116536000, "generalAndAdministrativeExpenses": 351658000, "sellingAndMarketingExpenses": 100300000, "sellingGeneralAndAdministrativeExpenses": 451958000, "otherExpenses": -195000, "operatingExpenses": 568494000, "costAndExpenses": 665070000, "interestIncome": 20560000, "interestExpense": 0, "depreciationAndAmortization": 2846000, "ebitda": -40271000, "ebitdaratio": -0.0644543285, "operatingIncome": -40271000, "operatingIncomeRatio": -0.0644543285, "totalOtherIncomeExpensesNet": 20365000, "incomeBeforeTax": -19906000, "incomeBeforeTaxRatio": -0.0318598461, "incomeTaxExpense": 1247000, "netIncome": -21153000, "netIncomeRatio": -0.033855688, "eps": -0.72, "epsdiluted": -0.72, "weightedAverageShsOut": 29302154, "weightedAverageShsOutDil": 29302154, "link": "https://www.sec.gov/Archives/edgar/data/1609550/000160955024000016/0001609550-24-000016-index.htm", "finalLink": "https://www.sec.gov/Archives/edgar/data/1609550/000160955024000016/insp-20231231.htm", "calculatedOtherExpenses": 0, "calculatedOperatingExpenses": 568494000, "calculatedNetInterest": 20560000, "calculatedOtherIncome": -195000, "calculatedIncomeNonControlling": 0, "calculatedEbitda": -37425000}, {"date": "2022-12-31", "symbol": "INSP", "reportedCurrency": "USD", "cik": "0001609550", "fillingDate": "2023-02-10", "acceptedDate": "2023-02-10 16:15:32", "calendarYear": "2022", "period": "FY", "revenue": 407856000, "costOfRevenue": 66115000, "grossProfit": 341741000, "grossProfitRatio": 0.8378962183, "researchAndDevelopmentExpenses": 68645000, "generalAndAdministrativeExpenses": 246388000, "sellingAndMarketingExpenses": 74300000, "sellingGeneralAndAdministrativeExpenses": 320688000, "otherExpenses": -49000, "operatingExpenses": 389333000, "costAndExpenses": 455448000, "interestIncome": 5050000, "interestExpense": 1677000, "depreciationAndAmortization": 5001000, "ebitda": -42591000, "ebitdaratio": -0.1044265623, "operatingIncome": -47592000, "operatingIncomeRatio": -0.1166882429, "totalOtherIncomeExpensesNet": 3324000, "incomeBeforeTax": -44268000, "incomeBeforeTaxRatio": -0.1085383076, "incomeTaxExpense": 613000, "netIncome": -44881000, "netIncomeRatio": -0.1100412891, "eps": -1.6, "epsdiluted": -1.6, "weightedAverageShsOut": 28071748, "weightedAverageShsOutDil": 28071748, "link": "https://www.sec.gov/Archives/edgar/data/1609550/000160955023000024/0001609550-23-000024-index.htm", "finalLink": "https://www.sec.gov/Archives/edgar/data/1609550/000160955023000024/insp-20221231.htm", "calculatedOtherExpenses": 0, "calculatedOperatingExpenses": 389333000, "calculatedNetInterest": 3373000, "calculatedOtherIncome": -49000, "calculatedIncomeNonControlling": 0, "calculatedEbitda": -42591000}, {"date": "2021-12-31", "symbol": "INSP", "reportedCurrency": "USD", "cik": "0001609550", "fillingDate": "2022-02-15", "acceptedDate": "2022-02-15 16:07:01", "calendarYear": "2021", "period": "FY", "revenue": 233394000, "costOfRevenue": 33279000, "grossProfit": 200115000, "grossProfitRatio": 0.857412787, "researchAndDevelopmentExpenses": 37350000, "generalAndAdministrativeExpenses": 154815000, "sellingAndMarketingExpenses": 47800000, "sellingGeneralAndAdministrativeExpenses": 202615000, "otherExpenses": -117000, "operatingExpenses": 239965000, "costAndExpenses": 273244000, "interestIncome": 125000, "interestExpense": 2128000, "depreciationAndAmortization": 8000, "ebitda": -39842000, "ebitdaratio": -0.1707070447, "operatingIncome": -39850000, "operatingIncomeRatio": -0.1707413215, "totalOtherIncomeExpensesNet": -2120000, "incomeBeforeTax": -41970000, "incomeBeforeTaxRatio": -0.1798246742, "incomeTaxExpense": 72000, "netIncome": -42042000, "netIncomeRatio": -0.1801331654, "eps": -1.54, "epsdiluted": -1.54, "weightedAverageShsOut": 27262979, "weightedAverageShsOutDil": 27262979, "link": "https://www.sec.gov/Archives/edgar/data/1609550/000160955022000014/0001609550-22-000014-index.htm", "finalLink": "https://www.sec.gov/Archives/edgar/data/1609550/000160955022000014/insp-20211231.htm", "calculatedOtherExpenses": 0, "calculatedOperatingExpenses": 239965000, "calculatedNetInterest": -2003000, "calculatedOtherIncome": -117000, "calculatedIncomeNonControlling": 0, "calculatedEbitda": -39842000}, {"date": "2020-12-31", "symbol": "INSP", "reportedCurrency": "USD", "cik": "0001609550", "fillingDate": "2021-02-24", "acceptedDate": "2021-02-23 18:22:59", "calendarYear": "2020", "period": "FY", "revenue": 115381000, "costOfRevenue": 17623000, "grossProfit": 97758000, "grossProfitRatio": 0.8472625476, "researchAndDevelopmentExpenses": 26092000, "generalAndAdministrativeExpenses": 101474000, "sellingAndMarketingExpenses": 26400000, "sellingGeneralAndAdministrativeExpenses": 127874000, "otherExpenses": 145000, "operatingExpenses": 153966000, "costAndExpenses": 171589000, "interestIncome": 1092000, "interestExpense": 2117000, "depreciationAndAmortization": 1237000, "ebitda": -54971000, "ebitdaratio": -0.4764302615, "operatingIncome": -56208000, "operatingIncomeRatio": -0.4871512641, "totalOtherIncomeExpensesNet": -880000, "incomeBeforeTax": -57088000, "incomeBeforeTaxRatio": -0.4947781697, "incomeTaxExpense": 115000, "netIncome": -57203000, "netIncomeRatio": -0.4957748676, "eps": -2.19, "epsdiluted": -2.19, "weightedAverageShsOut": 26073418, "weightedAverageShsOutDil": 26073418, "link": "https://www.sec.gov/Archives/edgar/data/1609550/000160955021000010/0001609550-21-000010-index.htm", "finalLink": "https://www.sec.gov/Archives/edgar/data/1609550/000160955021000010/insp-20201231.htm", "calculatedOtherExpenses": 0, "calculatedOperatingExpenses": 153966000, "calculatedNetInterest": -1025000, "calculatedOtherIncome": 145000, "calculatedIncomeNonControlling": 0, "calculatedEbitda": -54971000}, {"date": "2019-12-31", "symbol": "INSP", "reportedCurrency": "USD", "cik": "0001609550", "fillingDate": "2020-02-25", "acceptedDate": "2020-02-25 16:26:47", "calendarYear": "2019", "period": "FY", "revenue": 82050000, "costOfRevenue": 13643000, "grossProfit": 68407000, "grossProfitRatio": 0.8337233394, "researchAndDevelopmentExpenses": 12839000, "generalAndAdministrativeExpenses": 72465000, "sellingAndMarketingExpenses": 18000000, "sellingGeneralAndAdministrativeExpenses": 90465000, "otherExpenses": 12000, "operatingExpenses": 103304000, "costAndExpenses": 116947000, "interestIncome": 3801000, "interestExpense": 2119000, "depreciationAndAmortization": 3813000, "ebitda": -31084000, "ebitdaratio": -0.3788421694, "operatingIncome": -34897000, "operatingIncomeRatio": -0.425313833, "totalOtherIncomeExpensesNet": 1694000, "incomeBeforeTax": -33203000, "incomeBeforeTaxRatio": -0.4046678854, "incomeTaxExpense": 40000, "netIncome": -33243000, "netIncomeRatio": -0.4051553931, "eps": -1.4, "epsdiluted": -1.4, "weightedAverageShsOut": 23804452, "weightedAverageShsOutDil": 23804452, "link": "https://www.sec.gov/Archives/edgar/data/1609550/000160955020000011/0001609550-20-000011-index.htm", "finalLink": "https://www.sec.gov/Archives/edgar/data/1609550/000160955020000011/insp-20191231.htm", "calculatedOtherExpenses": 0, "calculatedOperatingExpenses": 103304000, "calculatedNetInterest": 1682000, "calculatedOtherIncome": 12000, "calculatedIncomeNonControlling": 0, "calculatedEbitda": -31084000}, {"date": "2018-12-31", "symbol": "INSP", "reportedCurrency": "USD", "cik": "0001609550", "fillingDate": "2019-02-26", "acceptedDate": "2019-02-26 16:27:02", "calendarYear": "2018", "period": "FY", "revenue": 50593000, "costOfRevenue": 10056000, "grossProfit": 40537000, "grossProfitRatio": 0.8012373253, "researchAndDevelopmentExpenses": 7388000, "generalAndAdministrativeExpenses": 53527000, "sellingAndMarketingExpenses": 0, "sellingGeneralAndAdministrativeExpenses": 53527000, "otherExpenses": -16000, "operatingExpenses": 60915000, "costAndExpenses": 70971000, "interestIncome": 1870000, "interestExpense": 3304000, "depreciationAndAmortization": 393000, "ebitda": -18524000, "ebitdaratio": -0.366137608, "operatingIncome": -20378000, "operatingIncomeRatio": -0.4027829937, "totalOtherIncomeExpensesNet": -16000, "incomeBeforeTax": -21828000, "incomeBeforeTaxRatio": -0.431443085, "incomeTaxExpense": 1854000, "netIncome": -21828000, "netIncomeRatio": -0.431443085, "eps": -1.5, "epsdiluted": -1.5, "weightedAverageShsOut": 14579662, "weightedAverageShsOutDil": 14579662, "link": "https://www.sec.gov/Archives/edgar/data/1609550/000160955019000013/0001609550-19-000013-index.htm", "finalLink": "https://www.sec.gov/Archives/edgar/data/1609550/000160955019000013/insp-20181231.htm", "calculatedOtherExpenses": 0, "calculatedOperatingExpenses": 60915000, "calculatedNetInterest": -1434000, "calculatedOtherIncome": -16000, "calculatedIncomeNonControlling": -1854000, "calculatedEbitda": -19985000}, {"date": "2017-12-31", "symbol": "INSP", "reportedCurrency": "USD", "cik": "0001609550", "fillingDate": "2017-12-31", "acceptedDate": "2017-12-30 19:00:00", "calendarYear": "2017", "period": "FY", "revenue": 28567000, "costOfRevenue": 6018000, "grossProfit": 22549000, "grossProfitRatio": 0.7893373473, "researchAndDevelopmentExpenses": 6194000, "generalAndAdministrativeExpenses": 3806000, "sellingAndMarketingExpenses": 28552000, "sellingGeneralAndAdministrativeExpenses": 32358000, "otherExpenses": 42000, "operatingExpenses": 38552000, "costAndExpenses": 44570000, "interestIncome": 203000, "interestExpense": 1753000, "depreciationAndAmortization": 285000, "ebitda": -15473000, "ebitdaratio": -0.541638954, "operatingIncome": -16003000, "operatingIncomeRatio": -0.5601918297, "totalOtherIncomeExpensesNet": 42000, "incomeBeforeTax": -17511000, "incomeBeforeTaxRatio": -0.6129800119, "incomeTaxExpense": 1795000, "netIncome": -17511000, "netIncomeRatio": -0.6129800119, "eps": -1.3, "epsdiluted": -1.3, "weightedAverageShsOut": 13490719, "weightedAverageShsOutDil": 13490719, "link": "", "finalLink": "", "calculatedOtherExpenses": 0, "calculatedOperatingExpenses": 38552000, "calculatedNetInterest": -1550000, "calculatedOtherIncome": 42000, "calculatedIncomeNonControlling": -1795000, "calculatedEbitda": -15718000}, {"date": "2016-12-31", "symbol": "INSP", "reportedCurrency": "USD", "cik": "0001609550", "fillingDate": "2016-12-31", "acceptedDate": "2016-12-30 19:00:00", "calendarYear": "2016", "period": "FY", "revenue": 16427000, "costOfRevenue": 3905000, "grossProfit": 12522000, "grossProfitRatio": 0.7622816095, "researchAndDevelopmentExpenses": 7091000, "generalAndAdministrativeExpenses": 0, "sellingAndMarketingExpenses": 0, "sellingGeneralAndAdministrativeExpenses": 22684000, "otherExpenses": -29000, "operatingExpenses": 29775000, "costAndExpenses": 33680000, "interestIncome": 57000, "interestExpense": 1303000, "depreciationAndAmortization": 103000, "ebitda": -17122000, "ebitdaratio": -1.0423083947, "operatingIncome": -17253000, "operatingIncomeRatio": -1.0502830706, "totalOtherIncomeExpensesNet": -29000, "incomeBeforeTax": -18528000, "incomeBeforeTaxRatio": -1.1278991904, "incomeTaxExpense": 1274000, "netIncome": -18528000, "netIncomeRatio": -1.1278991904, "eps": -1.49, "epsdiluted": -1.49, "weightedAverageShsOut": 12462504, "weightedAverageShsOutDil": 12462504, "link": "", "finalLink": "", "calculatedOtherExpenses": 0, "calculatedOperatingExpenses": 29775000, "calculatedNetInterest": -1246000, "calculatedOtherIncome": -29000, "calculatedIncomeNonControlling": -1274000, "calculatedEbitda": -17150000}, {"date": "2015-12-31", "symbol": "INSP", "reportedCurrency": "USD", "cik": "0001609550", "fillingDate": "2015-12-31", "acceptedDate": "2015-12-30 19:00:00", "calendarYear": "2015", "period": "FY", "revenue": 8012000, "costOfRevenue": 2809000, "grossProfit": 5203000, "grossProfitRatio": 0.6494008987, "researchAndDevelopmentExpenses": 7079000, "generalAndAdministrativeExpenses": 2631000, "sellingAndMarketingExpenses": 15291000, "sellingGeneralAndAdministrativeExpenses": 17922000, "otherExpenses": -41000, "operatingExpenses": 25001000, "costAndExpenses": 27810000, "interestIncome": 66000, "interestExpense": 1564000, "depreciationAndAmortization": 120000, "ebitda": -19653000, "ebitdaratio": -2.4529455816, "operatingIncome": -19798000, "operatingIncomeRatio": -2.4710434348, "totalOtherIncomeExpensesNet": -41000, "incomeBeforeTax": -21337000, "incomeBeforeTaxRatio": -2.6631303045, "incomeTaxExpense": 1523000, "netIncome": -21337000, "netIncomeRatio": -2.6631303045, "eps": -1.71, "epsdiluted": -1.71, "weightedAverageShsOut": 12462504, "weightedAverageShsOutDil": 12462504, "link": "", "finalLink": "", "calculatedOtherExpenses": 0, "calculatedOperatingExpenses": 25001000, "calculatedNetInterest": -1498000, "calculatedOtherIncome": -41000, "calculatedIncomeNonControlling": -1523000, "calculatedEbitda": -19678000}]}