{"originalCurrency": "USD", "convertedCurrency": "USD", "report": [{"date": "2023-12-31", "symbol": "INSW", "reportedCurrency": "USD", "cik": "0001679049", "fillingDate": "2024-02-29", "acceptedDate": "2024-02-29 08:06:28", "calendarYear": "2023", "period": "FY", "revenue": 1071775000, "costOfRevenue": 444237000, "grossProfit": 627538000, "grossProfitRatio": 0.5855128175, "researchAndDevelopmentExpenses": 0, "generalAndAdministrativeExpenses": 46963000, "sellingAndMarketingExpenses": 510000, "sellingGeneralAndAdministrativeExpenses": 47473000, "otherExpenses": 188000, "operatingExpenses": 47473000, "costAndExpenses": 491710000, "interestIncome": 13963000, "interestExpense": 57394000, "depreciationAndAmortization": 129038000, "ebitda": 709103000, "ebitdaratio": 0.6616155443, "operatingIncome": 580065000, "operatingIncomeRatio": 0.5412190059, "totalOtherIncomeExpensesNet": -19741000, "incomeBeforeTax": 560324000, "incomeBeforeTaxRatio": 0.522800028, "incomeTaxExpense": 3878000, "netIncome": 556446000, "netIncomeRatio": 0.5191817312, "eps": 11.36, "epsdiluted": 11.26, "weightedAverageShsOut": 48978452, "weightedAverageShsOutDil": 49428967, "link": "https://www.sec.gov/Archives/edgar/data/1679049/000155837024002108/0001558370-24-002108-index.htm", "finalLink": "https://www.sec.gov/Archives/edgar/data/1679049/000155837024002108/insw-20231231x10k.htm", "calculatedOtherExpenses": 0, "calculatedOperatingExpenses": 47473000, "calculatedNetInterest": -43431000, "calculatedOtherIncome": 23690000, "calculatedIncomeNonControlling": 0, "calculatedEbitda": 709103000}, {"date": "2022-12-31", "symbol": "INSW", "reportedCurrency": "USD", "cik": "0001679049", "fillingDate": "2023-02-28", "acceptedDate": "2023-02-28 08:06:29", "calendarYear": "2022", "period": "FY", "revenue": 864665000, "costOfRevenue": 394149000, "grossProfit": 470516000, "grossProfitRatio": 0.5441598769, "researchAndDevelopmentExpenses": 0, "generalAndAdministrativeExpenses": 46351000, "sellingAndMarketingExpenses": 0, "sellingGeneralAndAdministrativeExpenses": 46351000, "otherExpenses": 2332000, "operatingExpenses": 46351000, "costAndExpenses": 440500000, "interestIncome": 3653000, "interestExpense": 57721000, "depreciationAndAmortization": 94231000, "ebitda": 537599000, "ebitdaratio": 0.6217425246, "operatingIncome": 443368000, "operatingIncomeRatio": 0.5127627463, "totalOtherIncomeExpensesNet": -55389000, "incomeBeforeTax": 387979000, "incomeBeforeTaxRatio": 0.4487044115, "incomeTaxExpense": 88000, "netIncome": 387891000, "netIncomeRatio": 0.448602638, "eps": 7.86, "epsdiluted": 7.78, "weightedAverageShsOut": 49381459, "weightedAverageShsOutDil": 49844904, "link": "https://www.sec.gov/Archives/edgar/data/1679049/000155837023002247/0001558370-23-002247-index.htm", "finalLink": "https://www.sec.gov/Archives/edgar/data/1679049/000155837023002247/insw-20221231x10k.htm", "calculatedOtherExpenses": -19203000, "calculatedOperatingExpenses": 27148000, "calculatedNetInterest": -54068000, "calculatedOtherIncome": -1321000, "calculatedIncomeNonControlling": 0, "calculatedEbitda": 537599000}, {"date": "2021-12-31", "symbol": "INSW", "reportedCurrency": "USD", "cik": "0001679049", "fillingDate": "2022-03-02", "acceptedDate": "2022-03-02 17:16:28", "calendarYear": "2021", "period": "FY", "revenue": 272546000, "costOfRevenue": 310351000, "grossProfit": -37805000, "grossProfitRatio": -0.1387105296, "researchAndDevelopmentExpenses": 0, "generalAndAdministrativeExpenses": 33256000, "sellingAndMarketingExpenses": 0, "sellingGeneralAndAdministrativeExpenses": 33256000, "otherExpenses": -21000, "operatingExpenses": 33235000, "costAndExpenses": 343586000, "interestIncome": 104000, "interestExpense": 36796000, "depreciationAndAmortization": 86674000, "ebitda": 31525000, "ebitdaratio": 0.1156685477, "operatingIncome": -55149000, "operatingIncomeRatio": -0.2023474936, "totalOtherIncomeExpensesNet": -77893000, "incomeBeforeTax": -133042000, "incomeBeforeTaxRatio": -0.4881451205, "incomeTaxExpense": 1618000, "netIncome": -134660000, "netIncomeRatio": -0.494081733, "eps": -3.51, "epsdiluted": -3.51, "weightedAverageShsOut": 38407007, "weightedAverageShsOutDil": 38407007, "link": "https://www.sec.gov/Archives/edgar/data/1679049/000155837022002682/0001558370-22-002682-index.htm", "finalLink": "https://www.sec.gov/Archives/edgar/data/1679049/000155837022002682/insw-20211231x10k.htm", "calculatedOtherExpenses": -15912000, "calculatedOperatingExpenses": 17344000, "calculatedNetInterest": -36692000, "calculatedOtherIncome": -41201000, "calculatedIncomeNonControlling": 0, "calculatedEbitda": 31525000}, {"date": "2020-12-31", "symbol": "INSW", "reportedCurrency": "USD", "cik": "0001679049", "fillingDate": "2021-03-12", "acceptedDate": "2021-03-12 08:17:57", "calendarYear": "2020", "period": "FY", "revenue": 421648000, "costOfRevenue": 252473000, "grossProfit": 169175000, "grossProfitRatio": 0.4012232953, "researchAndDevelopmentExpenses": 0, "generalAndAdministrativeExpenses": 29047000, "sellingAndMarketingExpenses": 0, "sellingGeneralAndAdministrativeExpenses": 29047000, "otherExpenses": -71000, "operatingExpenses": 28976000, "costAndExpenses": 281449000, "interestIncome": 558000, "interestExpense": 36712000, "depreciationAndAmortization": 74343000, "ebitda": 205844000, "ebitdaratio": 0.4881892005, "operatingIncome": 131501000, "operatingIncomeRatio": 0.3118738853, "totalOtherIncomeExpensesNet": -137031000, "incomeBeforeTax": -5530000, "incomeBeforeTaxRatio": -0.0131152051, "incomeTaxExpense": 1000, "netIncome": -5531000, "netIncomeRatio": -0.0131175767, "eps": -0.19, "epsdiluted": -0.19, "weightedAverageShsOut": 28372375, "weightedAverageShsOutDil": 28372375, "link": "https://www.sec.gov/Archives/edgar/data/1679049/000155837021002852/0001558370-21-002852-index.htm", "finalLink": "https://www.sec.gov/Archives/edgar/data/1679049/000155837021002852/insw-20201231x10k.htm", "calculatedOtherExpenses": 8627000, "calculatedOperatingExpenses": 37674000, "calculatedNetInterest": -36154000, "calculatedOtherIncome": -100877000, "calculatedIncomeNonControlling": 0, "calculatedEbitda": 205844000}, {"date": "2019-12-31", "symbol": "INSW", "reportedCurrency": "USD", "cik": "0001679049", "fillingDate": "2020-03-03", "acceptedDate": "2020-03-03 08:18:07", "calendarYear": "2019", "period": "FY", "revenue": 366184000, "costOfRevenue": 282635000, "grossProfit": 83549000, "grossProfitRatio": 0.2281612523, "researchAndDevelopmentExpenses": 0, "generalAndAdministrativeExpenses": 26798000, "sellingAndMarketingExpenses": 0, "sellingGeneralAndAdministrativeExpenses": 26798000, "otherExpenses": 1245000, "operatingExpenses": 28043000, "costAndExpenses": 310678000, "interestIncome": 2767000, "interestExpense": 66267000, "depreciationAndAmortization": 75048000, "ebitda": 141429000, "ebitdaratio": 0.3862238656, "operatingIncome": 66381000, "operatingIncomeRatio": 0.1812777183, "totalOtherIncomeExpensesNet": -67210000, "incomeBeforeTax": -829000, "incomeBeforeTaxRatio": -0.0022638892, "incomeTaxExpense": 1000, "netIncome": -830000, "netIncomeRatio": -0.0022666201, "eps": -0.0284, "epsdiluted": -0.0284, "weightedAverageShsOut": 29225483, "weightedAverageShsOutDil": 29225483, "link": "https://www.sec.gov/Archives/edgar/data/1679049/000155837020001928/0001558370-20-001928-index.htm", "finalLink": "https://www.sec.gov/Archives/edgar/data/1679049/000155837020001928/insw-20191231x10k.htm", "calculatedOtherExpenses": -9630000, "calculatedOperatingExpenses": 17168000, "calculatedNetInterest": -63500000, "calculatedOtherIncome": -3710000, "calculatedIncomeNonControlling": 0, "calculatedEbitda": 141429000}, {"date": "2018-12-31", "symbol": "INSW", "reportedCurrency": "USD", "cik": "0001679049", "fillingDate": "2019-03-12", "acceptedDate": "2019-03-12 08:17:25", "calendarYear": "2018", "period": "FY", "revenue": 270361000, "costOfRevenue": 279602000, "grossProfit": -9241000, "grossProfitRatio": -0.0341802257, "researchAndDevelopmentExpenses": 0, "generalAndAdministrativeExpenses": 24304000, "sellingAndMarketingExpenses": 0, "sellingGeneralAndAdministrativeExpenses": 24304000, "otherExpenses": -3715000, "operatingExpenses": 24304000, "costAndExpenses": 303906000, "interestIncome": 1300000, "interestExpense": 60231000, "depreciationAndAmortization": 72428000, "ebitda": 64600000, "ebitdaratio": 0.2389397879, "operatingIncome": -25099000, "operatingIncomeRatio": -0.0928351352, "totalOtherIncomeExpensesNet": 4731000, "incomeBeforeTax": -89045000, "incomeBeforeTaxRatio": -0.3293559352, "incomeTaxExpense": -105000, "netIncome": -88940000, "netIncomeRatio": -0.3289675656, "eps": -3.05, "epsdiluted": -3.05, "weightedAverageShsOut": 29136634, "weightedAverageShsOutDil": 29136634, "link": "https://www.sec.gov/Archives/edgar/data/1679049/000114420419013398/0001144204-19-013398-index.htm", "finalLink": "https://www.sec.gov/Archives/edgar/data/1679049/000114420419013398/tv511411_10k.htm", "calculatedOtherExpenses": -8446000, "calculatedOperatingExpenses": 15858000, "calculatedNetInterest": -58931000, "calculatedOtherIncome": -5015000, "calculatedIncomeNonControlling": 0, "calculatedEbitda": 47329000}, {"date": "2017-12-31", "symbol": "INSW", "reportedCurrency": "USD", "cik": "0001679049", "fillingDate": "2018-03-12", "acceptedDate": "2018-03-12 08:17:16", "calendarYear": "2017", "period": "FY", "revenue": 290101000, "costOfRevenue": 276894000, "grossProfit": 13207000, "grossProfitRatio": 0.0455255239, "researchAndDevelopmentExpenses": 0, "generalAndAdministrativeExpenses": 25340000, "sellingAndMarketingExpenses": 0, "sellingGeneralAndAdministrativeExpenses": 25340000, "otherExpenses": -6344000, "operatingExpenses": 25340000, "costAndExpenses": 302234000, "interestIncome": 676000, "interestExpense": 40438000, "depreciationAndAmortization": 78853000, "ebitda": 109342000, "ebitdaratio": 0.3769101106, "operatingIncome": -59262000, "operatingIncomeRatio": -0.2042805781, "totalOtherIncomeExpensesNet": -53473000, "incomeBeforeTax": -106044000, "incomeBeforeTaxRatio": -0.3655416562, "incomeTaxExpense": 44000, "netIncome": -106088000, "netIncomeRatio": -0.3656933275, "eps": -3.64, "epsdiluted": -3.64, "weightedAverageShsOut": 29145054, "weightedAverageShsOutDil": 29159440, "link": "https://www.sec.gov/Archives/edgar/data/1679049/000114420418013984/0001144204-18-013984-index.htm", "finalLink": "https://www.sec.gov/Archives/edgar/data/1679049/000114420418013984/tv487515_10k.htm", "calculatedOtherExpenses": 47129000, "calculatedOperatingExpenses": 72469000, "calculatedNetInterest": -39762000, "calculatedOtherIncome": -7020000, "calculatedIncomeNonControlling": 0, "calculatedEbitda": 19591000}, {"date": "2016-12-31", "symbol": "INSW", "reportedCurrency": "USD", "cik": "0001679049", "fillingDate": "2017-03-31", "acceptedDate": "2017-03-31 07:47:08", "calendarYear": "2016", "period": "FY", "revenue": 398319000, "costOfRevenue": 272514000, "grossProfit": 125805000, "grossProfitRatio": 0.3158398168, "researchAndDevelopmentExpenses": 0, "generalAndAdministrativeExpenses": 40661000, "sellingAndMarketingExpenses": 0, "sellingGeneralAndAdministrativeExpenses": 40661000, "otherExpenses": -966000, "operatingExpenses": 40661000, "costAndExpenses": 313175000, "interestIncome": 0, "interestExpense": 39476000, "depreciationAndAmortization": 79885000, "ebitda": 180912000, "ebitdaratio": 0.4541887281, "operatingIncome": 22790000, "operatingIncomeRatio": 0.0572154479, "totalOtherIncomeExpensesNet": -63451000, "incomeBeforeTax": -17783000, "incomeBeforeTaxRatio": -0.0446451211, "incomeTaxExpense": 440000, "netIncome": -18223000, "netIncomeRatio": -0.0457497634, "eps": -0.62, "epsdiluted": -0.62, "weightedAverageShsOut": 29157992, "weightedAverageShsOutDil": 29157992, "link": "https://www.sec.gov/Archives/edgar/data/1679049/000114420417017875/0001144204-17-017875-index.htm", "finalLink": "https://www.sec.gov/Archives/edgar/data/1679049/000114420417017875/v456577_10k.htm", "calculatedOtherExpenses": 62354000, "calculatedOperatingExpenses": 103015000, "calculatedNetInterest": -39476000, "calculatedOtherIncome": -1097000, "calculatedIncomeNonControlling": 0, "calculatedEbitda": 102675000}, {"date": "2015-12-31", "symbol": "INSW", "reportedCurrency": "USD", "cik": "0001679049", "fillingDate": "2015-12-31", "acceptedDate": "2015-12-30 19:00:00", "calendarYear": "2015", "period": "FY", "revenue": 497634000, "costOfRevenue": 284224000, "grossProfit": 213410000, "grossProfitRatio": 0.428849315, "researchAndDevelopmentExpenses": 0, "generalAndAdministrativeExpenses": 41555000, "sellingAndMarketingExpenses": 0, "sellingGeneralAndAdministrativeExpenses": 41555000, "otherExpenses": 66000, "operatingExpenses": 41555000, "costAndExpenses": 325779000, "interestIncome": 0, "interestExpense": 42970000, "depreciationAndAmortization": 81653000, "ebitda": 299133000, "ebitdaratio": 0.6011104547, "operatingIncome": 221873000, "operatingIncomeRatio": 0.4458557896, "totalOtherIncomeExpensesNet": 44425000, "incomeBeforeTax": 173310000, "incomeBeforeTaxRatio": 0.3482680042, "incomeTaxExpense": 140000, "netIncome": 173170000, "netIncomeRatio": 0.3479866729, "eps": 5.94, "epsdiluted": 5.94, "weightedAverageShsOut": 29157387, "weightedAverageShsOutDil": 29157494, "link": "", "finalLink": "", "calculatedOtherExpenses": -50018000, "calculatedOperatingExpenses": -8463000, "calculatedNetInterest": -42970000, "calculatedOtherIncome": -5593000, "calculatedIncomeNonControlling": 0, "calculatedEbitda": 303526000}, {"date": "2014-12-31", "symbol": "INSW", "reportedCurrency": "USD", "cik": "0001679049", "fillingDate": "2014-12-31", "acceptedDate": "2014-12-30 19:00:00", "calendarYear": "2014", "period": "FY", "revenue": 517018000, "costOfRevenue": 449689000, "grossProfit": 67329000, "grossProfitRatio": 0.1302256401, "researchAndDevelopmentExpenses": 0, "generalAndAdministrativeExpenses": 56014000, "sellingAndMarketingExpenses": 0, "sellingGeneralAndAdministrativeExpenses": 56014000, "otherExpenses": -45000, "operatingExpenses": 56014000, "costAndExpenses": 505703000, "interestIncome": 0, "interestExpense": 56258000, "depreciationAndAmortization": 84931000, "ebitda": 134073000, "ebitdaratio": 0.2593197916, "operatingIncome": 42476000, "operatingIncomeRatio": 0.082155747, "totalOtherIncomeExpensesNet": -73412000, "incomeBeforeTax": -118355000, "incomeBeforeTaxRatio": -0.2289185289, "incomeTaxExpense": 744000, "netIncome": -119099000, "netIncomeRatio": -0.2303575504, "eps": -4.08, "epsdiluted": -4.08, "weightedAverageShsOut": 29157393, "weightedAverageShsOutDil": 29157494, "link": "", "finalLink": "", "calculatedOtherExpenses": -31161000, "calculatedOperatingExpenses": 24853000, "calculatedNetInterest": -56258000, "calculatedOtherIncome": -104573000, "calculatedIncomeNonControlling": 0, "calculatedEbitda": 127407000}, {"date": "2013-12-31", "symbol": "INSW", "reportedCurrency": "USD", "cik": "0001679049", "fillingDate": "2013-12-31", "acceptedDate": "2013-12-30 19:00:00", "calendarYear": "2013", "period": "FY", "revenue": 585360000, "costOfRevenue": 583222000, "grossProfit": 2138000, "grossProfitRatio": 0.0036524532, "researchAndDevelopmentExpenses": 0, "generalAndAdministrativeExpenses": 69848000, "sellingAndMarketingExpenses": 0, "sellingGeneralAndAdministrativeExpenses": 69848000, "otherExpenses": 435000, "operatingExpenses": 69848000, "costAndExpenses": 653070000, "interestIncome": 0, "interestExpense": 350000, "depreciationAndAmortization": 108675000, "ebitda": 78454000, "ebitdaratio": 0.1340269236, "operatingIncome": -415385000, "operatingIncomeRatio": -0.7096231379, "totalOtherIncomeExpensesNet": -651528000, "incomeBeforeTax": -719588000, "incomeBeforeTaxRatio": -1.2293084598, "incomeTaxExpense": 4217000, "netIncome": -723805000, "netIncomeRatio": -1.2365125735, "eps": -24.82, "epsdiluted": -24.82, "weightedAverageShsOut": 29157494, "weightedAverageShsOutDil": 29157494, "link": "", "finalLink": "", "calculatedOtherExpenses": 347675000, "calculatedOperatingExpenses": 417523000, "calculatedNetInterest": -350000, "calculatedOtherIncome": -303853000, "calculatedIncomeNonControlling": 0, "calculatedEbitda": -306710000}]}