{"originalCurrency": "USD", "convertedCurrency": "USD", "report": [{"date": "2023-12-30", "symbol": "INTC", "reportedCurrency": "USD", "cik": "0000050863", "fillingDate": "2024-01-26", "acceptedDate": "2024-01-25 18:38:16", "calendarYear": "2023", "period": "FY", "revenue": 54228000000, "costOfRevenue": 32689000000, "grossProfit": 21539000000, "grossProfitRatio": 0.3971933319, "researchAndDevelopmentExpenses": 16046000000, "generalAndAdministrativeExpenses": 4512000000, "sellingAndMarketingExpenses": 950000000, "sellingGeneralAndAdministrativeExpenses": 5462000000, "otherExpenses": 0, "operatingExpenses": 21508000000, "costAndExpenses": 54197000000, "interestIncome": 1335000000, "interestExpense": 2378000000, "depreciationAndAmortization": 9602000000, "ebitda": 9633000000, "ebitdaratio": 0.1776388582, "operatingIncome": 31000000, "operatingIncomeRatio": 0.0005716604, "totalOtherIncomeExpensesNet": 731000000, "incomeBeforeTax": 762000000, "incomeBeforeTaxRatio": 0.0140517814, "incomeTaxExpense": -913000000, "netIncome": 1689000000, "netIncomeRatio": 0.0311462713, "eps": 0.4, "epsdiluted": 0.4, "weightedAverageShsOut": 4190000000, "weightedAverageShsOutDil": 4212000000, "link": "https://www.sec.gov/Archives/edgar/data/50863/000005086324000010/0000050863-24-000010-index.htm", "finalLink": "https://www.sec.gov/Archives/edgar/data/50863/000005086324000010/intc-20231230.htm", "calculatedOtherExpenses": 0, "calculatedOperatingExpenses": 21508000000, "calculatedNetInterest": -1043000000, "calculatedOtherIncome": 1774000000, "calculatedIncomeNonControlling": -14000000, "calculatedEbitda": 9633000000}, {"date": "2022-12-31", "symbol": "INTC", "reportedCurrency": "USD", "cik": "0000050863", "fillingDate": "2023-01-27", "acceptedDate": "2023-01-26 18:31:20", "calendarYear": "2022", "period": "FY", "revenue": 63054000000, "costOfRevenue": 36373000000, "grossProfit": 26681000000, "grossProfitRatio": 0.4231452406, "researchAndDevelopmentExpenses": 17528000000, "generalAndAdministrativeExpenses": 5617000000, "sellingAndMarketingExpenses": 1200000000, "sellingGeneralAndAdministrativeExpenses": 6817000000, "otherExpenses": 0, "operatingExpenses": 24345000000, "costAndExpenses": 60718000000, "interestIncome": 589000000, "interestExpense": 1281000000, "depreciationAndAmortization": 13035000000, "ebitda": 15371000000, "ebitdaratio": 0.2437751768, "operatingIncome": 2336000000, "operatingIncomeRatio": 0.03704761, "totalOtherIncomeExpensesNet": 5432000000, "incomeBeforeTax": 7768000000, "incomeBeforeTaxRatio": 0.1231959907, "incomeTaxExpense": -249000000, "netIncome": 8014000000, "netIncomeRatio": 0.1270974086, "eps": 1.95, "epsdiluted": 1.94, "weightedAverageShsOut": 4108000000, "weightedAverageShsOutDil": 4123000000, "link": "https://www.sec.gov/Archives/edgar/data/50863/000005086323000006/0000050863-23-000006-index.htm", "finalLink": "https://www.sec.gov/Archives/edgar/data/50863/000005086323000006/intc-20221231.htm", "calculatedOtherExpenses": 0, "calculatedOperatingExpenses": 24345000000, "calculatedNetInterest": -692000000, "calculatedOtherIncome": 6124000000, "calculatedIncomeNonControlling": 3000000, "calculatedEbitda": 15371000000}, {"date": "2021-12-25", "symbol": "INTC", "reportedCurrency": "USD", "cik": "0000050863", "fillingDate": "2022-01-27", "acceptedDate": "2022-01-26 18:34:53", "calendarYear": "2021", "period": "FY", "revenue": 79024000000, "costOfRevenue": 35209000000, "grossProfit": 43815000000, "grossProfitRatio": 0.5544518121, "researchAndDevelopmentExpenses": 15190000000, "generalAndAdministrativeExpenses": 5443000000, "sellingAndMarketingExpenses": 1100000000, "sellingGeneralAndAdministrativeExpenses": 6543000000, "otherExpenses": 2626000000, "operatingExpenses": 21733000000, "costAndExpenses": 56942000000, "interestIncome": 144000000, "interestExpense": 597000000, "depreciationAndAmortization": 17044000000, "ebitda": 36500000000, "ebitdaratio": 0.461884997, "operatingIncome": 19456000000, "operatingIncomeRatio": 0.246203685, "totalOtherIncomeExpensesNet": 2247000000, "incomeBeforeTax": 21703000000, "incomeBeforeTaxRatio": 0.2746380846, "incomeTaxExpense": 1835000000, "netIncome": 19868000000, "netIncomeRatio": 0.2514172909, "eps": 4.89, "epsdiluted": 4.86, "weightedAverageShsOut": 4059000000, "weightedAverageShsOutDil": 4090000000, "link": "https://www.sec.gov/Archives/edgar/data/50863/000005086322000007/0000050863-22-000007-index.htm", "finalLink": "https://www.sec.gov/Archives/edgar/data/50863/000005086322000007/intc-20211225.htm", "calculatedOtherExpenses": 2626000000, "calculatedOperatingExpenses": 24359000000, "calculatedNetInterest": -453000000, "calculatedOtherIncome": 2700000000, "calculatedIncomeNonControlling": 0, "calculatedEbitda": 36500000000}, {"date": "2020-12-26", "symbol": "INTC", "reportedCurrency": "USD", "cik": "0000050863", "fillingDate": "2021-01-22", "acceptedDate": "2021-01-21 19:06:04", "calendarYear": "2020", "period": "FY", "revenue": 77867000000, "costOfRevenue": 34255000000, "grossProfit": 43612000000, "grossProfitRatio": 0.5600832188, "researchAndDevelopmentExpenses": 13556000000, "generalAndAdministrativeExpenses": 5417000000, "sellingAndMarketingExpenses": 763000000, "sellingGeneralAndAdministrativeExpenses": 6180000000, "otherExpenses": -147000000, "operatingExpenses": 19736000000, "costAndExpenses": 53991000000, "interestIncome": 272000000, "interestExpense": 504000000, "depreciationAndAmortization": 14341000000, "ebitda": 38019000000, "ebitdaratio": 0.4882556153, "operatingIncome": 23678000000, "operatingIncomeRatio": 0.3040826024, "totalOtherIncomeExpensesNet": 1400000000, "incomeBeforeTax": 25078000000, "incomeBeforeTaxRatio": 0.3220619775, "incomeTaxExpense": 4179000000, "netIncome": 20899000000, "netIncomeRatio": 0.2683935428, "eps": 4.98, "epsdiluted": 4.94, "weightedAverageShsOut": 4199000000, "weightedAverageShsOutDil": 4232000000, "link": "https://www.sec.gov/Archives/edgar/data/50863/000005086321000010/0000050863-21-000010-index.htm", "finalLink": "https://www.sec.gov/Archives/edgar/data/50863/000005086321000010/intc-20201226.htm", "calculatedOtherExpenses": 198000000, "calculatedOperatingExpenses": 19934000000, "calculatedNetInterest": -232000000, "calculatedOtherIncome": 1632000000, "calculatedIncomeNonControlling": 0, "calculatedEbitda": 38019000000}, {"date": "2019-12-28", "symbol": "INTC", "reportedCurrency": "USD", "cik": "0000050863", "fillingDate": "2020-01-24", "acceptedDate": "2020-01-23 18:39:55", "calendarYear": "2019", "period": "FY", "revenue": 71965000000, "costOfRevenue": 29825000000, "grossProfit": 42140000000, "grossProfitRatio": 0.5855624262, "researchAndDevelopmentExpenses": 13362000000, "generalAndAdministrativeExpenses": 5318000000, "sellingAndMarketingExpenses": 832000000, "sellingGeneralAndAdministrativeExpenses": 6150000000, "otherExpenses": 200000000, "operatingExpenses": 19712000000, "costAndExpenses": 49537000000, "interestIncome": 483000000, "interestExpense": 489000000, "depreciationAndAmortization": 11612000000, "ebitda": 33647000000, "ebitdaratio": 0.4675467241, "operatingIncome": 22035000000, "operatingIncomeRatio": 0.3061905093, "totalOtherIncomeExpensesNet": 2023000000, "incomeBeforeTax": 24058000000, "incomeBeforeTaxRatio": 0.3343013965, "incomeTaxExpense": 3010000000, "netIncome": 21048000000, "netIncomeRatio": 0.2924755089, "eps": 4.77, "epsdiluted": 4.71, "weightedAverageShsOut": 4417000000, "weightedAverageShsOutDil": 4473000000, "link": "https://www.sec.gov/Archives/edgar/data/50863/000005086320000011/0000050863-20-000011-index.htm", "finalLink": "https://www.sec.gov/Archives/edgar/data/50863/000005086320000011/a12282019q4-10kdocument.htm", "calculatedOtherExpenses": 593000000, "calculatedOperatingExpenses": 20105000000, "calculatedNetInterest": -6000000, "calculatedOtherIncome": 2029000000, "calculatedIncomeNonControlling": 0, "calculatedEbitda": 33647000000}, {"date": "2018-12-29", "symbol": "INTC", "reportedCurrency": "USD", "cik": "0000050863", "fillingDate": "2019-02-01", "acceptedDate": "2019-02-01 09:00:50", "calendarYear": "2018", "period": "FY", "revenue": 70848000000, "costOfRevenue": 27111000000, "grossProfit": 43737000000, "grossProfitRatio": 0.6173357046, "researchAndDevelopmentExpenses": 13543000000, "generalAndAdministrativeExpenses": 6750000000, "sellingAndMarketingExpenses": 1200000000, "sellingGeneralAndAdministrativeExpenses": 6750000000, "otherExpenses": 156000000, "operatingExpenses": 20493000000, "costAndExpenses": 47604000000, "interestIncome": 438000000, "interestExpense": 468000000, "depreciationAndAmortization": 200000000, "ebitda": 23497000000, "ebitdaratio": 0.3316536811, "operatingIncome": 23316000000, "operatingIncomeRatio": 0.329098916, "totalOtherIncomeExpensesNet": -53000000, "incomeBeforeTax": 23317000000, "incomeBeforeTaxRatio": 0.3291130307, "incomeTaxExpense": 2264000000, "netIncome": 21053000000, "netIncomeRatio": 0.2971572945, "eps": 4.57, "epsdiluted": 4.48, "weightedAverageShsOut": 4611000000, "weightedAverageShsOutDil": 4701000000, "link": "https://www.sec.gov/Archives/edgar/data/50863/000005086319000007/0000050863-19-000007-index.htm", "finalLink": "https://www.sec.gov/Archives/edgar/data/50863/000005086319000007/a12292018q4-10kdocument.htm", "calculatedOtherExpenses": 128000000, "calculatedOperatingExpenses": 20421000000, "calculatedNetInterest": -30000000, "calculatedOtherIncome": 31000000, "calculatedIncomeNonControlling": 0, "calculatedEbitda": 23516000000}, {"date": "2017-12-30", "symbol": "INTC", "reportedCurrency": "USD", "cik": "0000050863", "fillingDate": "2018-02-16", "acceptedDate": "2018-02-16 08:31:45", "calendarYear": "2017", "period": "FY", "revenue": 62761000000, "costOfRevenue": 23692000000, "grossProfit": 39069000000, "grossProfitRatio": 0.6225044215, "researchAndDevelopmentExpenses": 13098000000, "generalAndAdministrativeExpenses": 6074000000, "sellingAndMarketingExpenses": 1400000000, "sellingGeneralAndAdministrativeExpenses": 7474000000, "otherExpenses": -30000000, "operatingExpenses": 20749000000, "costAndExpenses": 44441000000, "interestIncome": 441000000, "interestExpense": 646000000, "depreciationAndAmortization": 177000000, "ebitda": 16230000000, "ebitdaratio": 0.258600086, "operatingIncome": 17936000000, "operatingIncomeRatio": 0.285782572, "totalOtherIncomeExpensesNet": 2267000000, "incomeBeforeTax": 20352000000, "incomeBeforeTaxRatio": 0.3242778158, "incomeTaxExpense": 10751000000, "netIncome": 9601000000, "netIncomeRatio": 0.1529771673, "eps": 2.04, "epsdiluted": 1.99, "weightedAverageShsOut": 4701000000, "weightedAverageShsOutDil": 4835000000, "link": "https://www.sec.gov/Archives/edgar/data/50863/000005086318000007/0000050863-18-000007-index.htm", "finalLink": "https://www.sec.gov/Archives/edgar/data/50863/000005086318000007/a12302017q4-10kdocument.htm", "calculatedOtherExpenses": 561000000, "calculatedOperatingExpenses": 21133000000, "calculatedNetInterest": -205000000, "calculatedOtherIncome": 2621000000, "calculatedIncomeNonControlling": 0, "calculatedEbitda": 18113000000}, {"date": "2016-12-31", "symbol": "INTC", "reportedCurrency": "USD", "cik": "0000050863", "fillingDate": "2017-02-17", "acceptedDate": "2017-02-17 08:37:46", "calendarYear": "2016", "period": "FY", "revenue": 59387000000, "costOfRevenue": 23196000000, "grossProfit": 36191000000, "grossProfitRatio": 0.6094094667, "researchAndDevelopmentExpenses": 12740000000, "generalAndAdministrativeExpenses": 6597000000, "sellingAndMarketingExpenses": 1800000000, "sellingGeneralAndAdministrativeExpenses": 8397000000, "otherExpenses": 67000000, "operatingExpenses": 21431000000, "costAndExpenses": 44627000000, "interestIncome": 222000000, "interestExpense": 733000000, "depreciationAndAmortization": 294000000, "ebitda": 16434000000, "ebitdaratio": 0.2767272299, "operatingIncome": 12874000000, "operatingIncomeRatio": 0.2167814505, "totalOtherIncomeExpensesNet": -1380000000, "incomeBeforeTax": 12936000000, "incomeBeforeTaxRatio": 0.21782545, "incomeTaxExpense": 2620000000, "netIncome": 10316000000, "netIncomeRatio": 0.1737080506, "eps": 2.18, "epsdiluted": 2.12, "weightedAverageShsOut": 4730000000, "weightedAverageShsOutDil": 4875000000, "link": "https://www.sec.gov/Archives/edgar/data/50863/000005086317000012/0000050863-17-000012-index.htm", "finalLink": "https://www.sec.gov/Archives/edgar/data/50863/000005086317000012/a10kdocument12312016q4.htm", "calculatedOtherExpenses": 2180000000, "calculatedOperatingExpenses": 23317000000, "calculatedNetInterest": -511000000, "calculatedOtherIncome": 573000000, "calculatedIncomeNonControlling": 0, "calculatedEbitda": 13168000000}, {"date": "2015-12-26", "symbol": "INTC", "reportedCurrency": "USD", "cik": "0000050863", "fillingDate": "2016-02-12", "acceptedDate": "2016-02-12 08:09:19", "calendarYear": "2015", "period": "FY", "revenue": 55355000000, "costOfRevenue": 20676000000, "grossProfit": 34679000000, "grossProfitRatio": 0.6264836058, "researchAndDevelopmentExpenses": 12128000000, "generalAndAdministrativeExpenses": 6130000000, "sellingAndMarketingExpenses": 1800000000, "sellingGeneralAndAdministrativeExpenses": 7930000000, "otherExpenses": 108000000, "operatingExpenses": 20323000000, "costAndExpenses": 40999000000, "interestIncome": 124000000, "interestExpense": 337000000, "depreciationAndAmortization": 265000000, "ebitda": 14660000000, "ebitdaratio": 0.2648360582, "operatingIncome": 14002000000, "operatingIncomeRatio": 0.2529491464, "totalOtherIncomeExpensesNet": -39000000, "incomeBeforeTax": 14212000000, "incomeBeforeTaxRatio": 0.2567428417, "incomeTaxExpense": 2792000000, "netIncome": 11420000000, "netIncomeRatio": 0.2063047602, "eps": 2.41, "epsdiluted": 2.33, "weightedAverageShsOut": 4742000000, "weightedAverageShsOutDil": 4894000000, "link": "https://www.sec.gov/Archives/edgar/data/50863/000005086316000105/0000050863-16-000105-index.htm", "finalLink": "https://www.sec.gov/Archives/edgar/data/50863/000005086316000105/a10kdocument12262015q4.htm", "calculatedOtherExpenses": 619000000, "calculatedOperatingExpenses": 20677000000, "calculatedNetInterest": -213000000, "calculatedOtherIncome": 423000000, "calculatedIncomeNonControlling": 0, "calculatedEbitda": 14267000000}, {"date": "2014-12-27", "symbol": "INTC", "reportedCurrency": "USD", "cik": "0000050863", "fillingDate": "2015-02-13", "acceptedDate": "2015-02-13 09:11:52", "calendarYear": "2014", "period": "FY", "revenue": 55870000000, "costOfRevenue": 20261000000, "grossProfit": 35609000000, "grossProfitRatio": 0.6373545731, "researchAndDevelopmentExpenses": 11537000000, "generalAndAdministrativeExpenses": 6336000000, "sellingAndMarketingExpenses": 1800000000, "sellingGeneralAndAdministrativeExpenses": 8136000000, "otherExpenses": 94000000, "operatingExpenses": 19967000000, "costAndExpenses": 40228000000, "interestIncome": 141000000, "interestExpense": 192000000, "depreciationAndAmortization": 294000000, "ebitda": 15820000000, "ebitdaratio": 0.2831573295, "operatingIncome": 15347000000, "operatingIncomeRatio": 0.2746912475, "totalOtherIncomeExpensesNet": 116000000, "incomeBeforeTax": 15801000000, "incomeBeforeTaxRatio": 0.2828172543, "incomeTaxExpense": 4097000000, "netIncome": 11704000000, "netIncomeRatio": 0.2094863075, "eps": 2.39, "epsdiluted": 2.31, "weightedAverageShsOut": 4901000000, "weightedAverageShsOutDil": 5056000000, "link": "https://www.sec.gov/Archives/edgar/data/50863/000005086315000015/0000050863-15-000015-index.htm", "finalLink": "https://www.sec.gov/Archives/edgar/data/50863/000005086315000015/a10kdocument12272014.htm", "calculatedOtherExpenses": 589000000, "calculatedOperatingExpenses": 20262000000, "calculatedNetInterest": -51000000, "calculatedOtherIncome": 505000000, "calculatedIncomeNonControlling": 0, "calculatedEbitda": 15641000000}, {"date": "2013-12-28", "symbol": "INTC", "reportedCurrency": "USD", "cik": "0000050863", "fillingDate": "2014-02-14", "acceptedDate": "2014-02-14 09:08:47", "calendarYear": "2013", "period": "FY", "revenue": 52708000000, "costOfRevenue": 21187000000, "grossProfit": 31521000000, "grossProfitRatio": 0.5980306595, "researchAndDevelopmentExpenses": 10611000000, "generalAndAdministrativeExpenses": 6188000000, "sellingAndMarketingExpenses": 1900000000, "sellingGeneralAndAdministrativeExpenses": 8088000000, "otherExpenses": -11000000, "operatingExpenses": 18990000000, "costAndExpenses": 40177000000, "interestIncome": 104000000, "interestExpense": 244000000, "depreciationAndAmortization": 291000000, "ebitda": 12591000000, "ebitdaratio": 0.2388821431, "operatingIncome": 12291000000, "operatingIncomeRatio": 0.2331904075, "totalOtherIncomeExpensesNet": 231000000, "incomeBeforeTax": 12611000000, "incomeBeforeTaxRatio": 0.2392615922, "incomeTaxExpense": 2991000000, "netIncome": 9620000000, "netIncomeRatio": 0.1825149882, "eps": 1.94, "epsdiluted": 1.89, "weightedAverageShsOut": 4970000000, "weightedAverageShsOutDil": 5097000000, "link": "https://www.sec.gov/Archives/edgar/data/50863/000005086314000020/0000050863-14-000020-index.htm", "finalLink": "https://www.sec.gov/Archives/edgar/data/50863/000005086314000020/a10kdocument12282013.htm", "calculatedOtherExpenses": 531000000, "calculatedOperatingExpenses": 19230000000, "calculatedNetInterest": -140000000, "calculatedOtherIncome": 460000000, "calculatedIncomeNonControlling": 0, "calculatedEbitda": 12582000000}, {"date": "2012-12-29", "symbol": "INTC", "reportedCurrency": "USD", "cik": "0000050863", "fillingDate": "2013-02-19", "acceptedDate": "2013-02-19 17:06:31", "calendarYear": "2012", "period": "FY", "revenue": 53341000000, "costOfRevenue": 20190000000, "grossProfit": 33151000000, "grossProfitRatio": 0.6214919105, "researchAndDevelopmentExpenses": 10148000000, "generalAndAdministrativeExpenses": 6057000000, "sellingAndMarketingExpenses": 2000000000, "sellingGeneralAndAdministrativeExpenses": 8057000000, "otherExpenses": 87000000, "operatingExpenses": 18513000000, "costAndExpenses": 38703000000, "interestIncome": 97000000, "interestExpense": 90000000, "depreciationAndAmortization": 308000000, "ebitda": 14805000000, "ebitdaratio": 0.2775538516, "operatingIncome": 14638000000, "operatingIncomeRatio": 0.2744230517, "totalOtherIncomeExpensesNet": 141000000, "incomeBeforeTax": 14873000000, "incomeBeforeTaxRatio": 0.2788286684, "incomeTaxExpense": 3868000000, "netIncome": 11005000000, "netIncomeRatio": 0.2063140923, "eps": 2.2, "epsdiluted": 2.13, "weightedAverageShsOut": 4996000000, "weightedAverageShsOutDil": 5160000000, "link": "https://www.sec.gov/Archives/edgar/data/50863/000119312513065416/0001193125-13-065416-index.htm", "finalLink": "https://www.sec.gov/Archives/edgar/data/50863/000119312513065416/d424446d10k.htm", "calculatedOtherExpenses": 308000000, "calculatedOperatingExpenses": 18513000000, "calculatedNetInterest": 7000000, "calculatedOtherIncome": 228000000, "calculatedIncomeNonControlling": 0, "calculatedEbitda": 14946000000}, {"date": "2011-12-31", "symbol": "INTC", "reportedCurrency": "USD", "cik": "0000050863", "fillingDate": "2012-02-23", "acceptedDate": "2012-02-23 17:05:25", "calendarYear": "2011", "period": "FY", "revenue": 53999000000, "costOfRevenue": 20242000000, "grossProfit": 33757000000, "grossProfitRatio": 0.6251412063, "researchAndDevelopmentExpenses": 8350000000, "generalAndAdministrativeExpenses": 0, "sellingAndMarketingExpenses": 0, "sellingGeneralAndAdministrativeExpenses": 7670000000, "otherExpenses": 0, "operatingExpenses": 16280000000, "costAndExpenses": 36522000000, "interestIncome": 98000000, "interestExpense": 41000000, "depreciationAndAmortization": 260000000, "ebitda": 17625000000, "ebitdaratio": 0.3263949332, "operatingIncome": 17477000000, "operatingIncomeRatio": 0.3236541417, "totalOtherIncomeExpensesNet": 112000000, "incomeBeforeTax": 17781000000, "incomeBeforeTaxRatio": 0.3292838756, "incomeTaxExpense": 4839000000, "netIncome": 12942000000, "netIncomeRatio": 0.239671105, "eps": 2.46, "epsdiluted": 2.39, "weightedAverageShsOut": 5256000000, "weightedAverageShsOutDil": 5411000000, "link": "https://www.sec.gov/Archives/edgar/data/50863/000119312512075534/0001193125-12-075534-index.htm", "finalLink": "https://www.sec.gov/Archives/edgar/data/50863/000119312512075534/d302695d10k.htm", "calculatedOtherExpenses": 260000000, "calculatedOperatingExpenses": 16280000000, "calculatedNetInterest": 57000000, "calculatedOtherIncome": 247000000, "calculatedIncomeNonControlling": 0, "calculatedEbitda": 17737000000}, {"date": "2010-12-25", "symbol": "INTC", "reportedCurrency": "USD", "cik": "0000050863", "fillingDate": "2011-02-18", "acceptedDate": "2011-02-18 17:20:31", "calendarYear": "2010", "period": "FY", "revenue": 43623000000, "costOfRevenue": 14808000000, "grossProfit": 28815000000, "grossProfitRatio": 0.6605460422, "researchAndDevelopmentExpenses": 6576000000, "generalAndAdministrativeExpenses": 0, "sellingAndMarketingExpenses": 6309000000, "sellingGeneralAndAdministrativeExpenses": 6309000000, "otherExpenses": 0, "operatingExpenses": 12903000000, "costAndExpenses": 27711000000, "interestIncome": 119000000, "interestExpense": 0, "depreciationAndAmortization": 18000000, "ebitda": 15582000000, "ebitdaratio": 0.3571968915, "operatingIncome": 15912000000, "operatingIncomeRatio": 0.3647617083, "totalOtherIncomeExpensesNet": 348000000, "incomeBeforeTax": 16369000000, "incomeBeforeTaxRatio": 0.3752378333, "incomeTaxExpense": 4697000000, "netIncome": 11672000000, "netIncomeRatio": 0.2675652752, "eps": 2.1, "epsdiluted": 2.05, "weightedAverageShsOut": 5555000000, "weightedAverageShsOutDil": 5696000000, "link": "https://www.sec.gov/Archives/edgar/data/50863/000095012311015783/0000950123-11-015783-index.htm", "finalLink": "https://www.sec.gov/Archives/edgar/data/50863/000095012311015783/f56033e10vk.htm", "calculatedOtherExpenses": 18000000, "calculatedOperatingExpenses": 12903000000, "calculatedNetInterest": 119000000, "calculatedOtherIncome": 338000000, "calculatedIncomeNonControlling": 0, "calculatedEbitda": 15930000000}, {"date": "2009-12-26", "symbol": "INTC", "reportedCurrency": "USD", "cik": "0000050863", "fillingDate": "2010-02-22", "acceptedDate": "2010-02-22 17:14:00", "calendarYear": "2009", "period": "FY", "revenue": 35127000000, "costOfRevenue": 15566000000, "grossProfit": 19561000000, "grossProfitRatio": 0.5568650895, "researchAndDevelopmentExpenses": 5653000000, "generalAndAdministrativeExpenses": 0, "sellingAndMarketingExpenses": 0, "sellingGeneralAndAdministrativeExpenses": 6681000000, "otherExpenses": 0, "operatingExpenses": 13619000000, "costAndExpenses": 29185000000, "interestIncome": 168000000, "interestExpense": 1000000, "depreciationAndAmortization": 35000000, "ebitda": 6215000000, "ebitdaratio": 0.1769294275, "operatingIncome": 5711000000, "operatingIncomeRatio": 0.16258149, "totalOtherIncomeExpensesNet": -238000000, "incomeBeforeTax": 5704000000, "incomeBeforeTaxRatio": 0.1623822131, "incomeTaxExpense": 1335000000, "netIncome": 4369000000, "netIncomeRatio": 0.1243772597, "eps": 0.79, "epsdiluted": 0.77, "weightedAverageShsOut": 5557000000, "weightedAverageShsOutDil": 5645000000, "link": "https://www.sec.gov/Archives/edgar/data/50863/000095012310015237/0000950123-10-015237-index.htm", "finalLink": "https://www.sec.gov/Archives/edgar/data/50863/000095012310015237/f54119e10vk.htm", "calculatedOtherExpenses": 1516000000, "calculatedOperatingExpenses": 13850000000, "calculatedNetInterest": 167000000, "calculatedOtherIncome": -174000000, "calculatedIncomeNonControlling": 0, "calculatedEbitda": 5746000000}, {"date": "2008-12-27", "symbol": "INTC", "reportedCurrency": "USD", "cik": "0000050863", "fillingDate": "2009-02-23", "acceptedDate": "2009-02-20 17:44:51", "calendarYear": "2008", "period": "FY", "revenue": 37586000000, "costOfRevenue": 16742000000, "grossProfit": 20844000000, "grossProfitRatio": 0.5545681903, "researchAndDevelopmentExpenses": 5722000000, "generalAndAdministrativeExpenses": 0, "sellingAndMarketingExpenses": 0, "sellingGeneralAndAdministrativeExpenses": 5458000000, "otherExpenses": 0, "operatingExpenses": 11668000000, "costAndExpenses": 28410000000, "interestIncome": 488000000, "interestExpense": 8000000, "depreciationAndAmortization": 4616000000, "ebitda": 11642000000, "ebitdaratio": 0.3097429894, "operatingIncome": 8954000000, "operatingIncomeRatio": 0.2382269994, "totalOtherIncomeExpensesNet": -2466000000, "incomeBeforeTax": 7686000000, "incomeBeforeTaxRatio": 0.2044910339, "incomeTaxExpense": 2394000000, "netIncome": 5292000000, "netIncomeRatio": 0.1407971053, "eps": 0.93, "epsdiluted": 0.92, "weightedAverageShsOut": 5663000000, "weightedAverageShsOutDil": 5748000000, "link": "https://www.sec.gov/Archives/edgar/data/50863/000089161809000047/0000891618-09-000047-index.htm", "finalLink": "https://www.sec.gov/Archives/edgar/data/50863/000089161809000047/f50771e10vk.htm", "calculatedOtherExpenses": 710000000, "calculatedOperatingExpenses": 11890000000, "calculatedNetInterest": 480000000, "calculatedOtherIncome": -1748000000, "calculatedIncomeNonControlling": 0, "calculatedEbitda": 13570000000}, {"date": "2007-12-29", "symbol": "INTC", "reportedCurrency": "USD", "cik": "0000050863", "fillingDate": "2008-02-20", "acceptedDate": "2008-02-19 19:50:19", "calendarYear": "2007", "period": "FY", "revenue": 38334000000, "costOfRevenue": 18430000000, "grossProfit": 19904000000, "grossProfitRatio": 0.5192257526, "researchAndDevelopmentExpenses": 5755000000, "generalAndAdministrativeExpenses": 0, "sellingAndMarketingExpenses": 0, "sellingGeneralAndAdministrativeExpenses": 5401000000, "otherExpenses": 0, "operatingExpenses": 11399000000, "costAndExpenses": 29829000000, "interestIncome": 0, "interestExpense": 0, "depreciationAndAmortization": 4798000000, "ebitda": 13815000000, "ebitdaratio": 0.3603850368, "operatingIncome": 8216000000, "operatingIncomeRatio": 0.2143267074, "totalOtherIncomeExpensesNet": -355000000, "incomeBeforeTax": 9166000000, "incomeBeforeTaxRatio": 0.2391088851, "incomeTaxExpense": 2190000000, "netIncome": 6976000000, "netIncomeRatio": 0.1819794438, "eps": 1.2, "epsdiluted": 1.18, "weightedAverageShsOut": 5816000000, "weightedAverageShsOutDil": 5936000000, "link": "https://www.sec.gov/Archives/edgar/data/50863/000089161808000106/0000891618-08-000106-index.htm", "finalLink": "https://www.sec.gov/Archives/edgar/data/50863/000089161808000106/f36442e10vk.htm", "calculatedOtherExpenses": 532000000, "calculatedOperatingExpenses": 11688000000, "calculatedNetInterest": 0, "calculatedOtherIncome": 950000000, "calculatedIncomeNonControlling": 0, "calculatedEbitda": 13014000000}, {"date": "2006-12-30", "symbol": "INTC", "reportedCurrency": "USD", "cik": "0000050863", "fillingDate": "2007-02-26", "acceptedDate": "2007-02-23 17:40:01", "calendarYear": "2006", "period": "FY", "revenue": 35382000000, "costOfRevenue": 17164000000, "grossProfit": 18218000000, "grossProfitRatio": 0.5148945792, "researchAndDevelopmentExpenses": 5873000000, "generalAndAdministrativeExpenses": 0, "sellingAndMarketingExpenses": 0, "sellingGeneralAndAdministrativeExpenses": 6096000000, "otherExpenses": 0, "operatingExpenses": 12011000000, "costAndExpenses": 29175000000, "interestIncome": 0, "interestExpense": 0, "depreciationAndAmortization": 4912000000, "ebitda": 11084000000, "ebitdaratio": 0.3132666328, "operatingIncome": 5652000000, "operatingIncomeRatio": 0.1597422418, "totalOtherIncomeExpensesNet": 249000000, "incomeBeforeTax": 7068000000, "incomeBeforeTaxRatio": 0.1997625911, "incomeTaxExpense": 2024000000, "netIncome": 5044000000, "netIncomeRatio": 0.142558363, "eps": 0.87, "epsdiluted": 0.86, "weightedAverageShsOut": 5797000000, "weightedAverageShsOutDil": 5880000000, "link": "https://www.sec.gov/Archives/edgar/data/50863/000089161807000111/0000891618-07-000111-index.htm", "finalLink": "https://www.sec.gov/Archives/edgar/data/50863/000089161807000111/f23627e10vk.htm", "calculatedOtherExpenses": 597000000, "calculatedOperatingExpenses": 12566000000, "calculatedNetInterest": 0, "calculatedOtherIncome": 1416000000, "calculatedIncomeNonControlling": 0, "calculatedEbitda": 10564000000}, {"date": "2005-12-31", "symbol": "INTC", "reportedCurrency": "USD", "cik": "0000050863", "fillingDate": "2006-02-27", "acceptedDate": "2006-02-24 17:40:44", "calendarYear": "2005", "period": "FY", "revenue": 38826000000, "costOfRevenue": 15777000000, "grossProfit": 23049000000, "grossProfitRatio": 0.593648586, "researchAndDevelopmentExpenses": 5145000000, "generalAndAdministrativeExpenses": 0, "sellingAndMarketingExpenses": 0, "sellingGeneralAndAdministrativeExpenses": 5688000000, "otherExpenses": 0, "operatingExpenses": 10959000000, "costAndExpenses": 26736000000, "interestIncome": 0, "interestExpense": 0, "depreciationAndAmortization": 4595000000, "ebitda": 16678000000, "ebitdaratio": 0.429557513, "operatingIncome": 12090000000, "operatingIncomeRatio": 0.3113892752, "totalOtherIncomeExpensesNet": -38000000, "incomeBeforeTax": 12610000000, "incomeBeforeTaxRatio": 0.3247823623, "incomeTaxExpense": 3946000000, "netIncome": 8664000000, "netIncomeRatio": 0.2231494359, "eps": 1.42, "epsdiluted": 1.4, "weightedAverageShsOut": 6106000000, "weightedAverageShsOutDil": 6178000000, "link": "https://www.sec.gov/Archives/edgar/data/50863/000089161806000089/0000891618-06-000089-index.htm", "finalLink": "https://www.sec.gov/Archives/edgar/data/50863/000089161806000089/f12963e10vk.htm", "calculatedOtherExpenses": 126000000, "calculatedOperatingExpenses": 10959000000, "calculatedNetInterest": 0, "calculatedOtherIncome": 520000000, "calculatedIncomeNonControlling": 0, "calculatedEbitda": 16685000000}, {"date": "2004-12-25", "symbol": "INTC", "reportedCurrency": "USD", "cik": "0000050863", "fillingDate": "2005-02-22", "acceptedDate": "2005-02-18 17:51:02", "calendarYear": "2004", "period": "FY", "revenue": 34209000000, "costOfRevenue": 14463000000, "grossProfit": 19746000000, "grossProfitRatio": 0.577216522, "researchAndDevelopmentExpenses": 4778000000, "generalAndAdministrativeExpenses": 0, "sellingAndMarketingExpenses": 0, "sellingGeneralAndAdministrativeExpenses": 4659000000, "otherExpenses": 0, "operatingExpenses": 9616000000, "costAndExpenses": 24079000000, "interestIncome": 0, "interestExpense": 0, "depreciationAndAmortization": 4889000000, "ebitda": 14981000000, "ebitdaratio": 0.4379256921, "operatingIncome": 10130000000, "operatingIncomeRatio": 0.2961209039, "totalOtherIncomeExpensesNet": 36000000, "incomeBeforeTax": 10417000000, "incomeBeforeTaxRatio": 0.3045105089, "incomeTaxExpense": 2901000000, "netIncome": 7516000000, "netIncomeRatio": 0.2197082639, "eps": 1.17, "epsdiluted": 1.16, "weightedAverageShsOut": 6400000000, "weightedAverageShsOutDil": 6494000000, "link": "https://www.sec.gov/Archives/edgar/data/50863/000119312505033162/0001193125-05-033162-index.htm", "finalLink": "https://www.sec.gov/Archives/edgar/data/50863/000119312505033162/d10k.htm", "calculatedOtherExpenses": 179000000, "calculatedOperatingExpenses": 9616000000, "calculatedNetInterest": 0, "calculatedOtherIncome": 287000000, "calculatedIncomeNonControlling": 0, "calculatedEbitda": 15019000000}, {"date": "2003-12-27", "symbol": "INTC", "reportedCurrency": "USD", "cik": "0000050863", "fillingDate": "2004-02-23", "acceptedDate": "2004-02-20 17:50:23", "calendarYear": "2003", "period": "FY", "revenue": 30141000000, "costOfRevenue": 13047000000, "grossProfit": 17094000000, "grossProfitRatio": 0.567134468, "researchAndDevelopmentExpenses": 4360000000, "generalAndAdministrativeExpenses": 0, "sellingAndMarketingExpenses": 0, "sellingGeneralAndAdministrativeExpenses": 4278000000, "otherExpenses": 0, "operatingExpenses": 9556000000, "costAndExpenses": 22603000000, "interestIncome": 0, "interestExpense": 0, "depreciationAndAmortization": 5070000000, "ebitda": 13224000000, "ebitdaratio": 0.4387379317, "operatingIncome": 7533000000, "operatingIncomeRatio": 0.2499253509, "totalOtherIncomeExpensesNet": -899000000, "incomeBeforeTax": 7442000000, "incomeBeforeTaxRatio": 0.2469062075, "incomeTaxExpense": 1801000000, "netIncome": 5641000000, "netIncomeRatio": 0.1871537109, "eps": 0.86, "epsdiluted": 0.85, "weightedAverageShsOut": 6527000000, "weightedAverageShsOutDil": 6621000000, "link": "https://www.sec.gov/Archives/edgar/data/50863/000119312504027430/0001193125-04-027430-index.htm", "finalLink": "https://www.sec.gov/Archives/edgar/data/50863/000119312504027430/d10k.htm", "calculatedOtherExpenses": 923000000, "calculatedOperatingExpenses": 9561000000, "calculatedNetInterest": 0, "calculatedOtherIncome": -91000000, "calculatedIncomeNonControlling": 0, "calculatedEbitda": 12603000000}, {"date": "2002-12-28", "symbol": "INTC", "reportedCurrency": "USD", "cik": "0000050863", "fillingDate": "2003-03-11", "acceptedDate": "2003-03-10 19:12:43", "calendarYear": "2002", "period": "FY", "revenue": 26764000000, "costOfRevenue": 13446000000, "grossProfit": 13318000000, "grossProfitRatio": 0.4976087281, "researchAndDevelopmentExpenses": 4034000000, "generalAndAdministrativeExpenses": 0, "sellingAndMarketingExpenses": 0, "sellingGeneralAndAdministrativeExpenses": 4334000000, "otherExpenses": 0, "operatingExpenses": 8916000000, "costAndExpenses": 22362000000, "interestIncome": 0, "interestExpense": 0, "depreciationAndAmortization": 5344000000, "ebitda": 9786000000, "ebitdaratio": 0.3656404125, "operatingIncome": 4382000000, "operatingIncomeRatio": 0.163727395, "totalOtherIncomeExpensesNet": -412000000, "incomeBeforeTax": 4204000000, "incomeBeforeTaxRatio": 0.1570766702, "incomeTaxExpense": 1087000000, "netIncome": 3117000000, "netIncomeRatio": 0.1164624122, "eps": 0.47, "epsdiluted": 0.46, "weightedAverageShsOut": 6651000000, "weightedAverageShsOutDil": 6759000000, "link": "https://www.sec.gov/Archives/edgar/data/50863/000104746903008257/0001047469-03-008257-index.htm", "finalLink": "https://www.sec.gov/Archives/edgar/data/50863/000104746903008257/a2104280z10-k.htm", "calculatedOtherExpenses": 568000000, "calculatedOperatingExpenses": 8936000000, "calculatedNetInterest": 0, "calculatedOtherIncome": -178000000, "calculatedIncomeNonControlling": 0, "calculatedEbitda": 9726000000}, {"date": "2001-12-29", "symbol": "INTC", "reportedCurrency": "USD", "cik": "0000050863", "fillingDate": "2002-03-13", "acceptedDate": "2002-03-13 00:00:00", "calendarYear": "2001", "period": "FY", "revenue": 26539000000, "costOfRevenue": 13487000000, "grossProfit": 13052000000, "grossProfitRatio": 0.4918045141, "researchAndDevelopmentExpenses": 3796000000, "generalAndAdministrativeExpenses": 0, "sellingAndMarketingExpenses": 0, "sellingGeneralAndAdministrativeExpenses": 4464000000, "otherExpenses": 0, "operatingExpenses": 10598000000, "costAndExpenses": 24085000000, "interestIncome": 0, "interestExpense": 0, "depreciationAndAmortization": 6469000000, "ebitda": 9287000000, "ebitdaratio": 0.3499378273, "operatingIncome": 2256000000, "operatingIncomeRatio": 0.0850069709, "totalOtherIncomeExpensesNet": -830000000, "incomeBeforeTax": 2183000000, "incomeBeforeTaxRatio": 0.082256302, "incomeTaxExpense": 892000000, "netIncome": 1291000000, "netIncomeRatio": 0.0486453898, "eps": 0.19, "epsdiluted": 0.19, "weightedAverageShsOut": 6794736842, "weightedAverageShsOutDil": 6879000000, "link": "https://www.sec.gov/Archives/edgar/data/50863/000091205702009698/0000912057-02-009698-index.htm", "finalLink": "https://www.sec.gov/Archives/edgar/data/50863/000091205702009698/a2072777z10-k.htm", "calculatedOtherExpenses": 2536000000, "calculatedOperatingExpenses": 10796000000, "calculatedNetInterest": 0, "calculatedOtherIncome": -73000000, "calculatedIncomeNonControlling": 0, "calculatedEbitda": 8725000000}, {"date": "2000-12-30", "symbol": "INTC", "reportedCurrency": "USD", "cik": "0000050863", "fillingDate": "2001-03-13", "acceptedDate": "2001-03-13 00:00:00", "calendarYear": "2000", "period": "FY", "revenue": 33726000000, "costOfRevenue": 12650000000, "grossProfit": 21076000000, "grossProfitRatio": 0.6249184605, "researchAndDevelopmentExpenses": 3897000000, "generalAndAdministrativeExpenses": 0, "sellingAndMarketingExpenses": 0, "sellingGeneralAndAdministrativeExpenses": 5089000000, "otherExpenses": 0, "operatingExpenses": 10572000000, "costAndExpenses": 23222000000, "interestIncome": 0, "interestExpense": 0, "depreciationAndAmortization": 4835000000, "ebitda": 11587000000, "ebitdaratio": 0.3435628299, "operatingIncome": 10395000000, "operatingIncomeRatio": 0.3082191781, "totalOtherIncomeExpensesNet": 3752000000, "incomeBeforeTax": 15141000000, "incomeBeforeTaxRatio": 0.4489414695, "incomeTaxExpense": 4606000000, "netIncome": 10535000000, "netIncomeRatio": 0.3123702781, "eps": 1.57, "epsdiluted": 1.51, "weightedAverageShsOut": 6710191083, "weightedAverageShsOutDil": 6986000000, "link": "https://www.sec.gov/Archives/edgar/data/50863/000091205701503434/0000912057-01-503434-index.htm", "finalLink": "https://www.sec.gov/Archives/edgar/data/50863/000091205701503434/a2040883z10-k.htm", "calculatedOtherExpenses": 1695000000, "calculatedOperatingExpenses": 10681000000, "calculatedNetInterest": 0, "calculatedOtherIncome": 4746000000, "calculatedIncomeNonControlling": 0, "calculatedEbitda": 15230000000}, {"date": "1999-12-25", "symbol": "INTC", "reportedCurrency": "USD", "cik": "0000050863", "fillingDate": "2000-03-23", "acceptedDate": "2000-03-23 00:00:00", "calendarYear": "1999", "period": "FY", "revenue": 29389000000, "costOfRevenue": 11836000000, "grossProfit": 17553000000, "grossProfitRatio": 0.5972642826, "researchAndDevelopmentExpenses": 3111000000, "generalAndAdministrativeExpenses": 0, "sellingAndMarketingExpenses": 0, "sellingGeneralAndAdministrativeExpenses": 3872000000, "otherExpenses": 0, "operatingExpenses": 7394000000, "costAndExpenses": 19230000000, "interestIncome": 0, "interestExpense": 0, "depreciationAndAmortization": 3597000000, "ebitda": 13269000000, "ebitdaratio": 0.4514954575, "operatingIncome": 9767000000, "operatingIncomeRatio": 0.3323352275, "totalOtherIncomeExpensesNet": 487000000, "incomeBeforeTax": 11228000000, "incomeBeforeTaxRatio": 0.3820477049, "incomeTaxExpense": 3914000000, "netIncome": 7314000000, "netIncomeRatio": 0.2488686243, "eps": 1.1, "epsdiluted": 1.05, "weightedAverageShsOut": 6648000000, "weightedAverageShsOutDil": 6940000000, "link": "https://www.sec.gov/Archives/edgar/data/50863/000101287000001562/0001012870-00-001562-index.htm", "finalLink": "https://www.sec.gov/Archives/edgar/data/50863/000101287000001562/0001012870-00-001562.txt", "calculatedOtherExpenses": 803000000, "calculatedOperatingExpenses": 7786000000, "calculatedNetInterest": 0, "calculatedOtherIncome": 1461000000, "calculatedIncomeNonControlling": 0, "calculatedEbitda": 13364000000}, {"date": "1998-12-26", "symbol": "INTC", "reportedCurrency": "USD", "cik": "0000050863", "fillingDate": "1999-03-26", "acceptedDate": "1999-03-26 00:00:00", "calendarYear": "1998", "period": "FY", "revenue": 26273000000, "costOfRevenue": 12144000000, "grossProfit": 14129000000, "grossProfitRatio": 0.5377764245, "researchAndDevelopmentExpenses": 2509000000, "generalAndAdministrativeExpenses": 0, "sellingAndMarketingExpenses": 0, "sellingGeneralAndAdministrativeExpenses": 3076000000, "otherExpenses": 0, "operatingExpenses": 5585000000, "costAndExpenses": 17729000000, "interestIncome": 0, "interestExpense": 0, "depreciationAndAmortization": 2807000000, "ebitda": 11516000000, "ebitdaratio": 0.4383207095, "operatingIncome": 8379000000, "operatingIncomeRatio": 0.3189205648, "totalOtherIncomeExpensesNet": -165000000, "incomeBeforeTax": 9137000000, "incomeBeforeTaxRatio": 0.3477714764, "incomeTaxExpense": 3069000000, "netIncome": 6068000000, "netIncomeRatio": 0.2309595402, "eps": 0.91, "epsdiluted": 0.87, "weightedAverageShsOut": 6672000000, "weightedAverageShsOutDil": 7034000000, "link": "https://www.sec.gov/Archives/edgar/data/50863/000104746999011450/0001047469-99-011450-index.htm", "finalLink": "https://www.sec.gov/Archives/edgar/data/50863/0001047469-99-011450.txt", "calculatedOtherExpenses": 165000000, "calculatedOperatingExpenses": 5750000000, "calculatedNetInterest": 0, "calculatedOtherIncome": 758000000, "calculatedIncomeNonControlling": 0, "calculatedEbitda": 11186000000}, {"date": "1997-12-27", "symbol": "INTC", "reportedCurrency": "USD", "cik": "0000050863", "fillingDate": "1998-03-27", "acceptedDate": "1998-03-27 00:00:00", "calendarYear": "1997", "period": "FY", "revenue": 25070000000, "costOfRevenue": 9945000000, "grossProfit": 15125000000, "grossProfitRatio": 0.60331073, "researchAndDevelopmentExpenses": 2347000000, "generalAndAdministrativeExpenses": 0, "sellingAndMarketingExpenses": 0, "sellingGeneralAndAdministrativeExpenses": 2891000000, "otherExpenses": 0, "operatingExpenses": 5238000000, "costAndExpenses": 15183000000, "interestIncome": 0, "interestExpense": 0, "depreciationAndAmortization": 2192000000, "ebitda": 12079000000, "ebitdaratio": 0.4818109294, "operatingIncome": 9887000000, "operatingIncomeRatio": 0.3943757479, "totalOtherIncomeExpensesNet": 772000000, "incomeBeforeTax": 10659000000, "incomeBeforeTaxRatio": 0.4251695253, "incomeTaxExpense": 3714000000, "netIncome": 6945000000, "netIncomeRatio": 0.2770243319, "eps": 1.07, "epsdiluted": 0.97, "weightedAverageShsOut": 6542000000, "weightedAverageShsOutDil": 7180000000, "link": "https://www.sec.gov/Archives/edgar/data/50863/000005086398000031/0000050863-98-000031-index.htm", "finalLink": "https://www.sec.gov/Archives/edgar/data/50863/0000050863-98-000031.txt", "calculatedOtherExpenses": 0, "calculatedOperatingExpenses": 5238000000, "calculatedNetInterest": 0, "calculatedOtherIncome": 772000000, "calculatedIncomeNonControlling": 0, "calculatedEbitda": 12079000000}, {"date": "1996-12-28", "symbol": "INTC", "reportedCurrency": "USD", "cik": "0000050863", "fillingDate": "1997-03-28", "acceptedDate": "1997-03-28 00:00:00", "calendarYear": "1996", "period": "FY", "revenue": 20847000000, "costOfRevenue": 9164000000, "grossProfit": 11683000000, "grossProfitRatio": 0.5604163669, "researchAndDevelopmentExpenses": 1808000000, "generalAndAdministrativeExpenses": 0, "sellingAndMarketingExpenses": 0, "sellingGeneralAndAdministrativeExpenses": 2322000000, "otherExpenses": 0, "operatingExpenses": 4130000000, "costAndExpenses": 13294000000, "interestIncome": 0, "interestExpense": 0, "depreciationAndAmortization": 1888000000, "ebitda": 9441000000, "ebitdaratio": 0.4528709167, "operatingIncome": 7553000000, "operatingIncomeRatio": 0.362306327, "totalOtherIncomeExpensesNet": 381000000, "incomeBeforeTax": 7934000000, "incomeBeforeTaxRatio": 0.380582338, "incomeTaxExpense": 2777000000, "netIncome": 5157000000, "netIncomeRatio": 0.2473737228, "eps": 0.79, "epsdiluted": 0.73, "weightedAverageShsOut": 6580000000, "weightedAverageShsOutDil": 7102000000, "link": "https://www.sec.gov/Archives/edgar/data/50863/000005086397000020/0000050863-97-000020-index.htm", "finalLink": "https://www.sec.gov/Archives/edgar/data/50863/0000050863-97-000020.txt", "calculatedOtherExpenses": 0, "calculatedOperatingExpenses": 4130000000, "calculatedNetInterest": 0, "calculatedOtherIncome": 381000000, "calculatedIncomeNonControlling": 0, "calculatedEbitda": 9441000000}, {"date": "1995-12-30", "symbol": "INTC", "reportedCurrency": "USD", "cik": "0000050863", "fillingDate": "1996-03-29", "acceptedDate": "1996-03-29 00:00:00", "calendarYear": "1995", "period": "FY", "revenue": 16202000000, "costOfRevenue": 7811000000, "grossProfit": 8391000000, "grossProfitRatio": 0.5178990248, "researchAndDevelopmentExpenses": 1296000000, "generalAndAdministrativeExpenses": 0, "sellingAndMarketingExpenses": 0, "sellingGeneralAndAdministrativeExpenses": 1843000000, "otherExpenses": 0, "operatingExpenses": 3139000000, "costAndExpenses": 10950000000, "interestIncome": 0, "interestExpense": 0, "depreciationAndAmortization": 1379000000, "ebitda": 6631000000, "ebitdaratio": 0.4092704604, "operatingIncome": 5252000000, "operatingIncomeRatio": 0.3241575114, "totalOtherIncomeExpensesNet": 386000000, "incomeBeforeTax": 5638000000, "incomeBeforeTaxRatio": 0.3479817307, "incomeTaxExpense": 2072000000, "netIncome": 3566000000, "netIncomeRatio": 0.2200962844, "eps": 0.54, "epsdiluted": 0.51, "weightedAverageShsOut": 6600000000, "weightedAverageShsOutDil": 7072000000, "link": "https://www.sec.gov/Archives/edgar/data/50863/000005086396000002/0000050863-96-000002-index.htm", "finalLink": "https://www.sec.gov/Archives/edgar/data/50863/0000050863-96-000002.txt", "calculatedOtherExpenses": 0, "calculatedOperatingExpenses": 3139000000, "calculatedNetInterest": 0, "calculatedOtherIncome": 386000000, "calculatedIncomeNonControlling": 0, "calculatedEbitda": 6631000000}, {"date": "1994-12-31", "symbol": "INTC", "reportedCurrency": "USD", "cik": "0000050863", "fillingDate": "1995-03-28", "acceptedDate": "1995-03-28 00:00:00", "calendarYear": "1994", "period": "FY", "revenue": 11521000000, "costOfRevenue": 5576000000, "grossProfit": 5945000000, "grossProfitRatio": 0.5160142349, "researchAndDevelopmentExpenses": 1111000000, "generalAndAdministrativeExpenses": 0, "sellingAndMarketingExpenses": 0, "sellingGeneralAndAdministrativeExpenses": 1447000000, "otherExpenses": 0, "operatingExpenses": 2558000000, "costAndExpenses": 8134000000, "interestIncome": 0, "interestExpense": 0, "depreciationAndAmortization": 1047000000, "ebitda": 4434000000, "ebitdaratio": 0.3848624251, "operatingIncome": 3387000000, "operatingIncomeRatio": 0.2939848971, "totalOtherIncomeExpensesNet": 216000000, "incomeBeforeTax": 3603000000, "incomeBeforeTaxRatio": 0.3127332697, "incomeTaxExpense": 1315000000, "netIncome": 2288000000, "netIncomeRatio": 0.1985938721, "eps": 0.35, "epsdiluted": 0.33, "weightedAverageShsOut": 6992000000, "weightedAverageShsOutDil": 6992000000, "link": "https://www.sec.gov/Archives/edgar/data/50863/000005086395000004/0000050863-95-000004-index.htm", "finalLink": "https://www.sec.gov/Archives/edgar/data/50863/0000050863-95-000004.txt", "calculatedOtherExpenses": 0, "calculatedOperatingExpenses": 2558000000, "calculatedNetInterest": 0, "calculatedOtherIncome": 216000000, "calculatedIncomeNonControlling": 0, "calculatedEbitda": 4434000000}, {"date": "1993-12-25", "symbol": "INTC", "reportedCurrency": "USD", "cik": "0000050863", "fillingDate": "1994-03-25", "acceptedDate": "1994-03-25 00:00:00", "calendarYear": "1993", "period": "FY", "revenue": 8782000000, "costOfRevenue": 2535000000, "grossProfit": 6247000000, "grossProfitRatio": 0.7113413801, "researchAndDevelopmentExpenses": 0, "generalAndAdministrativeExpenses": 0, "sellingAndMarketingExpenses": 0, "sellingGeneralAndAdministrativeExpenses": 2138000000, "otherExpenses": 0, "operatingExpenses": 2855000000, "costAndExpenses": 5390000000, "interestIncome": 0, "interestExpense": 0, "depreciationAndAmortization": 717000000, "ebitda": 3921000000, "ebitdaratio": 0.4464814393, "operatingIncome": 3392000000, "operatingIncomeRatio": 0.3862445912, "totalOtherIncomeExpensesNet": 188000000, "incomeBeforeTax": 3530000000, "incomeBeforeTaxRatio": 0.4019585516, "incomeTaxExpense": 1235000000, "netIncome": 2295000000, "netIncomeRatio": 0.2613299932, "eps": 0.35, "epsdiluted": 0.33, "weightedAverageShsOut": 7056000000, "weightedAverageShsOutDil": 7056000000, "link": "https://www.sec.gov/Archives/edgar/data/50863/000089161894000087/0000891618-94-000087-index.htm", "finalLink": "https://www.sec.gov/Archives/edgar/data/50863/0000891618-94-000087.txt", "calculatedOtherExpenses": 717000000, "calculatedOperatingExpenses": 2855000000, "calculatedNetInterest": 0, "calculatedOtherIncome": 138000000, "calculatedIncomeNonControlling": 0, "calculatedEbitda": 4109000000}, {"date": "1992-12-31", "symbol": "INTC", "reportedCurrency": "USD", "cik": "0000050863", "fillingDate": "1992-12-31", "acceptedDate": "1992-12-30 19:00:00", "calendarYear": "1992", "period": "FY", "revenue": 5844000000, "costOfRevenue": 2039800000, "grossProfit": 3804200000, "grossProfitRatio": 0.6509582478, "researchAndDevelopmentExpenses": 0, "generalAndAdministrativeExpenses": 0, "sellingAndMarketingExpenses": 0, "sellingGeneralAndAdministrativeExpenses": 1796500000, "otherExpenses": 0, "operatingExpenses": 2314100000, "costAndExpenses": 4353900000, "interestIncome": 0, "interestExpense": 0, "depreciationAndAmortization": 517600000, "ebitda": 1874500000, "ebitdaratio": 0.3207563313, "operatingIncome": 1490100000, "operatingIncomeRatio": 0.2549794661, "totalOtherIncomeExpensesNet": 133200000, "incomeBeforeTax": 1568500000, "incomeBeforeTaxRatio": 0.268394935, "incomeTaxExpense": 502000000, "netIncome": 1066500000, "netIncomeRatio": 0.1824948665, "eps": 0.16, "epsdiluted": 0.16, "weightedAverageShsOut": 6864000000, "weightedAverageShsOutDil": 6864000000, "link": null, "finalLink": null, "calculatedOtherExpenses": 517600000, "calculatedOperatingExpenses": 2314100000, "calculatedNetInterest": 0, "calculatedOtherIncome": 78400000, "calculatedIncomeNonControlling": 0, "calculatedEbitda": 2007700000}, {"date": "1991-12-31", "symbol": "INTC", "reportedCurrency": "USD", "cik": "0000050863", "fillingDate": "1991-12-31", "acceptedDate": "1991-12-30 19:00:00", "calendarYear": "1991", "period": "FY", "revenue": 4778600000, "costOfRevenue": 1897300000, "grossProfit": 2881300000, "grossProfitRatio": 0.6029590257, "researchAndDevelopmentExpenses": 0, "generalAndAdministrativeExpenses": 0, "sellingAndMarketingExpenses": 0, "sellingGeneralAndAdministrativeExpenses": 1383100000, "otherExpenses": 0, "operatingExpenses": 1801400000, "costAndExpenses": 3698700000, "interestIncome": 0, "interestExpense": 0, "depreciationAndAmortization": 418300000, "ebitda": 1301700000, "ebitdaratio": 0.2724019587, "operatingIncome": 1079900000, "operatingIncomeRatio": 0.2259866907, "totalOtherIncomeExpensesNet": 196500000, "incomeBeforeTax": 1194600000, "incomeBeforeTaxRatio": 0.2499895367, "incomeTaxExpense": 376000000, "netIncome": 818600000, "netIncomeRatio": 0.1713054033, "eps": 0.13, "epsdiluted": 0.13, "weightedAverageShsOut": 6296923077, "weightedAverageShsOutDil": 6296923077, "link": null, "finalLink": null, "calculatedOtherExpenses": 418300000, "calculatedOperatingExpenses": 1801400000, "calculatedNetInterest": 0, "calculatedOtherIncome": 114700000, "calculatedIncomeNonControlling": 0, "calculatedEbitda": 1498200000}, {"date": "1990-12-31", "symbol": "INTC", "reportedCurrency": "USD", "cik": "0000050863", "fillingDate": "1990-12-31", "acceptedDate": "1990-12-30 19:00:00", "calendarYear": "1990", "period": "FY", "revenue": 3921300000, "costOfRevenue": 1637900000, "grossProfit": 2283400000, "grossProfitRatio": 0.582306888, "researchAndDevelopmentExpenses": 0, "generalAndAdministrativeExpenses": 0, "sellingAndMarketingExpenses": 0, "sellingGeneralAndAdministrativeExpenses": 1132700000, "otherExpenses": 0, "operatingExpenses": 1425100000, "costAndExpenses": 3063000000, "interestIncome": 0, "interestExpense": 0, "depreciationAndAmortization": 292400000, "ebitda": 923400000, "ebitdaratio": 0.2354831306, "operatingIncome": 858300000, "operatingIncomeRatio": 0.2188814934, "totalOtherIncomeExpensesNet": 227300000, "incomeBeforeTax": 986300000, "incomeBeforeTaxRatio": 0.2515237294, "incomeTaxExpense": 336000000, "netIncome": 650300000, "netIncomeRatio": 0.1658378599, "eps": 0.11, "epsdiluted": 0.1, "weightedAverageShsOut": 5911818182, "weightedAverageShsOutDil": 6503000000, "link": null, "finalLink": null, "calculatedOtherExpenses": 292400000, "calculatedOperatingExpenses": 1425100000, "calculatedNetInterest": 0, "calculatedOtherIncome": 128000000, "calculatedIncomeNonControlling": 0, "calculatedEbitda": 1150700000}, {"date": "1989-12-31", "symbol": "INTC", "reportedCurrency": "USD", "cik": "0000050863", "fillingDate": "1989-12-31", "acceptedDate": "1989-12-30 19:00:00", "calendarYear": "1989", "period": "FY", "revenue": 3126800000, "costOfRevenue": 1483800000, "grossProfit": 1643000000, "grossProfitRatio": 0.5254573366, "researchAndDevelopmentExpenses": 0, "generalAndAdministrativeExpenses": 0, "sellingAndMarketingExpenses": 0, "sellingGeneralAndAdministrativeExpenses": 848500000, "otherExpenses": 0, "operatingExpenses": 1085700000, "costAndExpenses": 2569500000, "interestIncome": 0, "interestExpense": 0, "depreciationAndAmortization": 237200000, "ebitda": 672700000, "ebitdaratio": 0.2151400793, "operatingIncome": 557300000, "operatingIncomeRatio": 0.1782333376, "totalOtherIncomeExpensesNet": 121800000, "incomeBeforeTax": 583000000, "incomeBeforeTaxRatio": 0.1864526033, "incomeTaxExpense": 192000000, "netIncome": 391000000, "netIncomeRatio": 0.1250479724, "eps": 0.07, "epsdiluted": 0.07, "weightedAverageShsOut": 5585714286, "weightedAverageShsOutDil": 5585714286, "link": null, "finalLink": null, "calculatedOtherExpenses": 237200000, "calculatedOperatingExpenses": 1085700000, "calculatedNetInterest": 0, "calculatedOtherIncome": 25700000, "calculatedIncomeNonControlling": 0, "calculatedEbitda": 794500000}, {"date": "1988-12-31", "symbol": "INTC", "reportedCurrency": "USD", "cik": "0000050863", "fillingDate": "1988-12-31", "acceptedDate": "1988-12-30 19:00:00", "calendarYear": "1988", "period": "FY", "revenue": 2874800000, "costOfRevenue": 1295000000, "grossProfit": 1579800000, "grossProfitRatio": 0.5495338806, "researchAndDevelopmentExpenses": 0, "generalAndAdministrativeExpenses": 0, "sellingAndMarketingExpenses": 0, "sellingGeneralAndAdministrativeExpenses": 774500000, "otherExpenses": 0, "operatingExpenses": 985400000, "costAndExpenses": 2280400000, "interestIncome": 0, "interestExpense": 0, "depreciationAndAmortization": 210900000, "ebitda": 770600000, "ebitdaratio": 0.2680534298, "operatingIncome": 594400000, "operatingIncomeRatio": 0.2067622095, "totalOtherIncomeExpensesNet": 34700000, "incomeBeforeTax": 629000000, "incomeBeforeTaxRatio": 0.2187978294, "incomeTaxExpense": 176100000, "netIncome": 452900000, "netIncomeRatio": 0.1575413942, "eps": 0.09, "epsdiluted": 0.08, "weightedAverageShsOut": 5032222222, "weightedAverageShsOutDil": 5661250000, "link": null, "finalLink": null, "calculatedOtherExpenses": 210900000, "calculatedOperatingExpenses": 985400000, "calculatedNetInterest": 0, "calculatedOtherIncome": 34600000, "calculatedIncomeNonControlling": 0, "calculatedEbitda": 805300000}, {"date": "1987-12-31", "symbol": "INTC", "reportedCurrency": "USD", "cik": "0000050863", "fillingDate": "1987-12-31", "acceptedDate": "1987-12-30 19:00:00", "calendarYear": "1987", "period": "FY", "revenue": 1907100000, "costOfRevenue": 872100000, "grossProfit": 1035000000, "grossProfitRatio": 0.5427088249, "researchAndDevelopmentExpenses": 0, "generalAndAdministrativeExpenses": 0, "sellingAndMarketingExpenses": 0, "sellingGeneralAndAdministrativeExpenses": 617700000, "otherExpenses": 0, "operatingExpenses": 789100000, "costAndExpenses": 1661200000, "interestIncome": 0, "interestExpense": 0, "depreciationAndAmortization": 171400000, "ebitda": 312400000, "ebitdaratio": 0.1638089245, "operatingIncome": 245900000, "operatingIncomeRatio": 0.1289392271, "totalOtherIncomeExpensesNet": 104900000, "incomeBeforeTax": 287800000, "incomeBeforeTaxRatio": 0.1509097583, "incomeTaxExpense": 112300000, "netIncome": 175500000, "netIncomeRatio": 0.0920245399, "eps": 0.04, "epsdiluted": 0.04, "weightedAverageShsOut": 4387500000, "weightedAverageShsOutDil": 4387500000, "link": null, "finalLink": null, "calculatedOtherExpenses": 171400000, "calculatedOperatingExpenses": 789100000, "calculatedNetInterest": 0, "calculatedOtherIncome": 41900000, "calculatedIncomeNonControlling": 0, "calculatedEbitda": 417300000}, {"date": "1986-12-31", "symbol": "INTC", "reportedCurrency": "USD", "cik": "0000050863", "fillingDate": "1986-12-31", "acceptedDate": "1986-12-30 19:00:00", "calendarYear": "1986", "period": "FY", "revenue": 1265000000, "costOfRevenue": 687200000, "grossProfit": 577800000, "grossProfitRatio": 0.4567588933, "researchAndDevelopmentExpenses": 0, "generalAndAdministrativeExpenses": 0, "sellingAndMarketingExpenses": 0, "sellingGeneralAndAdministrativeExpenses": 539600000, "otherExpenses": 0, "operatingExpenses": 713100000, "costAndExpenses": 1400300000, "interestIncome": 0, "interestExpense": 0, "depreciationAndAmortization": 173500000, "ebitda": 77600000, "ebitdaratio": 0.0613438735, "operatingIncome": -135300000, "operatingIncomeRatio": -0.1069565217, "totalOtherIncomeExpensesNet": -39400000, "incomeBeforeTax": -174600000, "incomeBeforeTaxRatio": -0.1380237154, "incomeTaxExpense": 8700000, "netIncome": -183300000, "netIncomeRatio": -0.1449011858, "eps": -0.04, "epsdiluted": -0.04, "weightedAverageShsOut": 4582500000, "weightedAverageShsOutDil": 4582500000, "link": null, "finalLink": null, "calculatedOtherExpenses": 173500000, "calculatedOperatingExpenses": 713100000, "calculatedNetInterest": 0, "calculatedOtherIncome": -39300000, "calculatedIncomeNonControlling": 0, "calculatedEbitda": 38200000}, {"date": "1985-12-31", "symbol": "INTC", "reportedCurrency": "USD", "cik": "0000050863", "fillingDate": "1985-12-31", "acceptedDate": "1985-12-30 19:00:00", "calendarYear": "1985", "period": "FY", "revenue": 1365000000, "costOfRevenue": 777200000, "grossProfit": 587800000, "grossProfitRatio": 0.4306227106, "researchAndDevelopmentExpenses": 0, "generalAndAdministrativeExpenses": 0, "sellingAndMarketingExpenses": 0, "sellingGeneralAndAdministrativeExpenses": 481700000, "otherExpenses": 0, "operatingExpenses": 648000000, "costAndExpenses": 1425200000, "interestIncome": 0, "interestExpense": 0, "depreciationAndAmortization": 166300000, "ebitda": 32000000, "ebitdaratio": 0.0234432234, "operatingIncome": -60200000, "operatingIncomeRatio": -0.0441025641, "totalOtherIncomeExpensesNet": 74100000, "incomeBeforeTax": -5400000, "incomeBeforeTaxRatio": -0.003956044, "incomeTaxExpense": -7000000, "netIncome": 1600000, "netIncomeRatio": 0.0011721612, "eps": 0.01, "epsdiluted": 0.01, "weightedAverageShsOut": 5568960000, "weightedAverageShsOutDil": 5568960000, "link": null, "finalLink": null, "calculatedOtherExpenses": 166300000, "calculatedOperatingExpenses": 648000000, "calculatedNetInterest": 0, "calculatedOtherIncome": 54800000, "calculatedIncomeNonControlling": 0, "calculatedEbitda": 106100000}]}