{"originalCurrency": "USD", "convertedCurrency": "USD", "report": [{"date": "2023-12-31", "symbol": "INVH", "reportedCurrency": "USD", "cik": "0001687229", "fillingDate": "2024-02-21", "acceptedDate": "2024-02-21 14:22:18", "calendarYear": "2023", "period": "FY", "revenue": 2432278000, "costOfRevenue": 1650431000, "grossProfit": 781847000, "grossProfitRatio": 0.3214463972, "researchAndDevelopmentExpenses": 0, "generalAndAdministrativeExpenses": 82344000, "sellingAndMarketingExpenses": 0, "sellingGeneralAndAdministrativeExpenses": 82344000, "otherExpenses": -90940000, "operatingExpenses": 90940000, "costAndExpenses": 1741371000, "interestIncome": 0, "interestExpense": 333457000, "depreciationAndAmortization": 674287000, "ebitda": 1365194000, "ebitdaratio": 0.5612820574, "operatingIncome": 690907000, "operatingIncomeRatio": 0.2840575789, "totalOtherIncomeExpensesNet": -353419000, "incomeBeforeTax": 337488000, "incomeBeforeTaxRatio": 0.138753876, "incomeTaxExpense": -181286000, "netIncome": 519470000, "netIncomeRatio": 0.2135734484, "eps": 0.55, "epsdiluted": 0.55, "weightedAverageShsOut": 611893784, "weightedAverageShsOutDil": 613288708, "link": "https://www.sec.gov/Archives/edgar/data/1687229/000168722924000013/0001687229-24-000013-index.htm", "finalLink": "https://www.sec.gov/Archives/edgar/data/1687229/000168722924000013/invh-20231231.htm", "calculatedOtherExpenses": 8596000, "calculatedOperatingExpenses": 90940000, "calculatedNetInterest": -333457000, "calculatedOtherIncome": -19962000, "calculatedIncomeNonControlling": -696000, "calculatedEbitda": 1365194000}, {"date": "2022-12-31", "symbol": "INVH", "reportedCurrency": "USD", "cik": "0001687229", "fillingDate": "2023-02-22", "acceptedDate": "2023-02-22 16:32:00", "calendarYear": "2022", "period": "FY", "revenue": 2228515000, "costOfRevenue": 874287000, "grossProfit": 1354228000, "grossProfitRatio": 0.6076817971, "researchAndDevelopmentExpenses": 0, "generalAndAdministrativeExpenses": 73711000, "sellingAndMarketingExpenses": 0, "sellingGeneralAndAdministrativeExpenses": 73711000, "otherExpenses": -11261000, "operatingExpenses": 665337000, "costAndExpenses": 1539624000, "interestIncome": 304092000, "interestExpense": 304092000, "depreciationAndAmortization": 638114000, "ebitda": 1280517000, "ebitdaratio": 0.5746055108, "operatingIncome": 642403000, "operatingIncomeRatio": 0.2882650554, "totalOtherIncomeExpensesNet": -257604000, "incomeBeforeTax": 384799000, "incomeBeforeTaxRatio": 0.1726705901, "incomeTaxExpense": 1470000, "netIncome": 383329000, "netIncomeRatio": 0.172010958, "eps": 0.48, "epsdiluted": 0.48, "weightedAverageShsOut": 609770610, "weightedAverageShsOutDil": 611112396, "link": "https://www.sec.gov/Archives/edgar/data/1687229/000168722923000029/0001687229-23-000029-index.htm", "finalLink": "https://www.sec.gov/Archives/edgar/data/1687229/000168722923000029/invh-20221231.htm", "calculatedOtherExpenses": 638114000, "calculatedOperatingExpenses": 711825000, "calculatedNetInterest": 0, "calculatedOtherIncome": -257604000, "calculatedIncomeNonControlling": 0, "calculatedEbitda": 1280517000}, {"date": "2021-12-31", "symbol": "INVH", "reportedCurrency": "USD", "cik": "0001687229", "fillingDate": "2022-02-22", "acceptedDate": "2022-02-22 13:26:21", "calendarYear": "2021", "period": "FY", "revenue": 1995069000, "costOfRevenue": 777759000, "grossProfit": 1217310000, "grossProfitRatio": 0.6101593479, "researchAndDevelopmentExpenses": 0, "generalAndAdministrativeExpenses": 74758000, "sellingAndMarketingExpenses": 0, "sellingGeneralAndAdministrativeExpenses": 74758000, "otherExpenses": -5835000, "operatingExpenses": 631872999, "costAndExpenses": 1409631999, "interestIncome": 322661000, "interestExpense": 322661000, "depreciationAndAmortization": 592135000, "ebitda": 1142552000, "ebitdaratio": 0.5726879622, "operatingIncome": 550417000, "operatingIncomeRatio": 0.2758887036, "totalOtherIncomeExpensesNet": -287641000, "incomeBeforeTax": 262776000, "incomeBeforeTaxRatio": 0.1317127378, "incomeTaxExpense": 316631000, "netIncome": 261425000, "netIncomeRatio": 0.1310355682, "eps": 0.35, "epsdiluted": 0.35, "weightedAverageShsOut": 577681070, "weightedAverageShsOutDil": 579209523, "link": "https://www.sec.gov/Archives/edgar/data/1687229/000168722922000002/0001687229-22-000002-index.htm", "finalLink": "https://www.sec.gov/Archives/edgar/data/1687229/000168722922000002/invh-20211231.htm", "calculatedOtherExpenses": 592135000, "calculatedOperatingExpenses": 666893000, "calculatedNetInterest": 0, "calculatedOtherIncome": -287641000, "calculatedIncomeNonControlling": -315280000, "calculatedEbitda": 1142552000}, {"date": "2020-12-31", "symbol": "INVH", "reportedCurrency": "USD", "cik": "0001687229", "fillingDate": "2021-02-19", "acceptedDate": "2021-02-19 13:10:19", "calendarYear": "2020", "period": "FY", "revenue": 1822828000, "costOfRevenue": 739156000, "grossProfit": 1083672000, "grossProfitRatio": 0.5945004136, "researchAndDevelopmentExpenses": 0, "generalAndAdministrativeExpenses": 62704000, "sellingAndMarketingExpenses": 0, "sellingGeneralAndAdministrativeExpenses": 62704000, "otherExpenses": -86000, "operatingExpenses": 532299999, "costAndExpenses": 1271455999, "interestIncome": 353923000, "interestExpense": 353923000, "depreciationAndAmortization": 552530000, "ebitda": 1020968000, "ebitdaratio": 0.5601011176, "operatingIncome": 468438000, "operatingIncomeRatio": 0.2569842026, "totalOtherIncomeExpensesNet": -270989000, "incomeBeforeTax": 197449000, "incomeBeforeTaxRatio": 0.1083201487, "incomeTaxExpense": 355074000, "netIncome": 196212000, "netIncomeRatio": 0.1076415328, "eps": 0.25, "epsdiluted": 0.25, "weightedAverageShsOut": 553993321, "weightedAverageShsOutDil": 555458607, "link": "https://www.sec.gov/Archives/edgar/data/1687229/000168722921000005/0001687229-21-000005-index.htm", "finalLink": "https://www.sec.gov/Archives/edgar/data/1687229/000168722921000005/invh-20201231.htm", "calculatedOtherExpenses": 552530000, "calculatedOperatingExpenses": 615234000, "calculatedNetInterest": 0, "calculatedOtherIncome": -270989000, "calculatedIncomeNonControlling": -353837000, "calculatedEbitda": 1020968000}, {"date": "2019-12-31", "symbol": "INVH", "reportedCurrency": "USD", "cik": "0001687229", "fillingDate": "2020-02-19", "acceptedDate": "2020-02-19 12:54:59", "calendarYear": "2019", "period": "FY", "revenue": 1764685000, "costOfRevenue": 731601000, "grossProfit": 1033084000, "grossProfitRatio": 0.5854211942, "researchAndDevelopmentExpenses": 0, "generalAndAdministrativeExpenses": 61462000, "sellingAndMarketingExpenses": 0, "sellingGeneralAndAdministrativeExpenses": 61462000, "otherExpenses": 11600000, "operatingExpenses": 518800000, "costAndExpenses": 1250401000, "interestIncome": 367173000, "interestExpense": 367173000, "depreciationAndAmortization": 533719000, "ebitda": 971622000, "ebitdaratio": 0.5505923153, "operatingIncome": 437903000, "operatingIncomeRatio": 0.2481479698, "totalOtherIncomeExpensesNet": -290792000, "incomeBeforeTax": 147111000, "incomeBeforeTaxRatio": 0.0833638865, "incomeTaxExpense": 380421000, "netIncome": 145463000, "netIncomeRatio": 0.0824300088, "eps": 0.0917, "epsdiluted": 0.0915, "weightedAverageShsOut": 531235962, "weightedAverageShsOutDil": 532499786, "link": "https://www.sec.gov/Archives/edgar/data/1687229/000168722920000004/0001687229-20-000004-index.htm", "finalLink": "https://www.sec.gov/Archives/edgar/data/1687229/000168722920000004/a12312019ihinc10kdocum.htm", "calculatedOtherExpenses": 533719000, "calculatedOperatingExpenses": 595181000, "calculatedNetInterest": 0, "calculatedOtherIncome": -290792000, "calculatedIncomeNonControlling": -378773000, "calculatedEbitda": 971622000}, {"date": "2018-12-31", "symbol": "INVH", "reportedCurrency": "USD", "cik": "0001687229", "fillingDate": "2019-02-28", "acceptedDate": "2019-02-27 19:10:17", "calendarYear": "2018", "period": "FY", "revenue": 1722962000, "costOfRevenue": 720896000, "grossProfit": 1002066000, "grossProfitRatio": 0.581594951, "researchAndDevelopmentExpenses": 0, "generalAndAdministrativeExpenses": 81869000, "sellingAndMarketingExpenses": 0, "sellingGeneralAndAdministrativeExpenses": 81869000, "otherExpenses": -100591000, "operatingExpenses": 623483999, "costAndExpenses": 1344379999, "interestIncome": 0, "interestExpense": 383595000, "depreciationAndAmortization": 560541000, "ebitda": 920197000, "ebitdaratio": 0.5340785229, "operatingIncome": 359656000, "operatingIncomeRatio": 0.208742851, "totalOtherIncomeExpensesNet": -364669000, "incomeBeforeTax": -5013000, "incomeBeforeTaxRatio": -0.0029095244, "incomeTaxExpense": -86000, "netIncome": -5744000, "netIncomeRatio": -0.0033337938, "eps": -0.011, "epsdiluted": -0.011, "weightedAverageShsOut": 520376929, "weightedAverageShsOutDil": 520376929, "link": "https://www.sec.gov/Archives/edgar/data/1687229/000168722919000014/0001687229-19-000014-index.htm", "finalLink": "https://www.sec.gov/Archives/edgar/data/1687229/000168722919000014/a123118ihinc10kdocument.htm", "calculatedOtherExpenses": 560541000, "calculatedOperatingExpenses": 642410000, "calculatedNetInterest": -383595000, "calculatedOtherIncome": 18926000, "calculatedIncomeNonControlling": 817000, "calculatedEbitda": 920197000}, {"date": "2017-12-31", "symbol": "INVH", "reportedCurrency": "USD", "cik": "0001687229", "fillingDate": "2018-03-29", "acceptedDate": "2018-03-29 16:40:27", "calendarYear": "2017", "period": "FY", "revenue": 1054456000, "costOfRevenue": 434839000, "grossProfit": 619617000, "grossProfitRatio": 0.587617691, "researchAndDevelopmentExpenses": 0, "generalAndAdministrativeExpenses": 118019000, "sellingAndMarketingExpenses": 0, "sellingGeneralAndAdministrativeExpenses": 118019000, "otherExpenses": -156447000, "operatingExpenses": 468472999, "costAndExpenses": 903311999, "interestIncome": 0, "interestExpense": 256970000, "depreciationAndAmortization": 309578000, "ebitda": 501598000, "ebitdaratio": 0.4756936278, "operatingIncome": 192020000, "operatingIncomeRatio": 0.1821033784, "totalOtherIncomeExpensesNet": -297846000, "incomeBeforeTax": -105826000, "incomeBeforeTaxRatio": -0.1003607547, "incomeTaxExpense": -34385000, "netIncome": -89073000, "netIncomeRatio": -0.0844729415, "eps": -0.26, "epsdiluted": -0.26, "weightedAverageShsOut": 339423442, "weightedAverageShsOutDil": 339423442, "link": "https://www.sec.gov/Archives/edgar/data/1687229/000168722918000018/0001687229-18-000018-index.htm", "finalLink": "https://www.sec.gov/Archives/edgar/data/1687229/000168722918000018/a12312017ihallfs10k.htm", "calculatedOtherExpenses": 309578000, "calculatedOperatingExpenses": 427597000, "calculatedNetInterest": -256970000, "calculatedOtherIncome": -40876000, "calculatedIncomeNonControlling": 17632000, "calculatedEbitda": 501598000}, {"date": "2016-12-31", "symbol": "INVH", "reportedCurrency": "USD", "cik": "0001687229", "fillingDate": "2017-03-30", "acceptedDate": "2017-03-30 17:19:33", "calendarYear": "2016", "period": "FY", "revenue": 922587000, "costOfRevenue": 390820000, "grossProfit": 531767000, "grossProfitRatio": 0.576386834, "researchAndDevelopmentExpenses": 0, "generalAndAdministrativeExpenses": 56123000, "sellingAndMarketingExpenses": 0, "sellingGeneralAndAdministrativeExpenses": 56123000, "otherExpenses": -66846000, "operatingExpenses": 323958000, "costAndExpenses": 714778000, "interestIncome": 0, "interestExpense": 286048000, "depreciationAndAmortization": 267681000, "ebitda": 475644000, "ebitdaratio": 0.5155546306, "operatingIncome": 207963000, "operatingIncomeRatio": 0.2254128879, "totalOtherIncomeExpensesNet": -286202000, "incomeBeforeTax": -78239000, "incomeBeforeTaxRatio": -0.0848039264, "incomeTaxExpense": -18590000, "netIncome": -78239000, "netIncomeRatio": -0.0848039264, "eps": -0.26, "epsdiluted": -0.26, "weightedAverageShsOut": 302116760, "weightedAverageShsOutDil": 302116760, "link": "https://www.sec.gov/Archives/edgar/data/1687229/000168722917000005/0001687229-17-000005-index.htm", "finalLink": "https://www.sec.gov/Archives/edgar/data/1687229/000168722917000005/a123116ihallfs10k.htm", "calculatedOtherExpenses": 267681000, "calculatedOperatingExpenses": 323804000, "calculatedNetInterest": -286048000, "calculatedOtherIncome": -154000, "calculatedIncomeNonControlling": 18590000, "calculatedEbitda": 475644000}, {"date": "2015-12-31", "symbol": "INVH", "reportedCurrency": "USD", "cik": "0001687229", "fillingDate": "2015-12-31", "acceptedDate": "2015-12-31 00:00:00", "calendarYear": "2015", "period": "FY", "revenue": 836049000, "costOfRevenue": 387421000, "grossProfit": 448628000, "grossProfitRatio": 0.5366049119, "researchAndDevelopmentExpenses": 0, "generalAndAdministrativeExpenses": 79428000, "sellingAndMarketingExpenses": 0, "sellingGeneralAndAdministrativeExpenses": 79428000, "otherExpenses": -82741000, "operatingExpenses": 335100000, "costAndExpenses": 722521000, "interestIncome": 0, "interestExpense": 273736000, "depreciationAndAmortization": 250239000, "ebitda": 369200000, "ebitdaratio": 0.441600911, "operatingIncome": 118961000, "operatingIncomeRatio": 0.142289507, "totalOtherIncomeExpensesNet": -279169000, "incomeBeforeTax": -160208000, "incomeBeforeTaxRatio": -0.191625132, "incomeTaxExpense": -2272000, "netIncome": -160208000, "netIncomeRatio": -0.191625132, "eps": -0.53, "epsdiluted": -0.53, "weightedAverageShsOut": 302116760, "weightedAverageShsOutDil": 302116760, "link": null, "finalLink": null, "calculatedOtherExpenses": 250239000, "calculatedOperatingExpenses": 329667000, "calculatedNetInterest": -273736000, "calculatedOtherIncome": -5433000, "calculatedIncomeNonControlling": 2272000, "calculatedEbitda": 369200000}, {"date": "2014-12-31", "symbol": "INVH", "reportedCurrency": "USD", "cik": "0001687229", "fillingDate": "2014-12-31", "acceptedDate": "2014-12-31 00:00:00", "calendarYear": "2014", "period": "FY", "revenue": 658722000, "costOfRevenue": 383164000, "grossProfit": 275558000, "grossProfitRatio": 0.418322145, "researchAndDevelopmentExpenses": 0, "generalAndAdministrativeExpenses": 88177000, "sellingAndMarketingExpenses": 0, "sellingGeneralAndAdministrativeExpenses": 88177000, "otherExpenses": -1991000, "operatingExpenses": 309607000, "costAndExpenses": 692771000, "interestIncome": 0, "interestExpense": 235812000, "depreciationAndAmortization": 215808000, "ebitda": 187381000, "ebitdaratio": 0.2844614268, "operatingIncome": -28427000, "operatingIncomeRatio": -0.0431547755, "totalOtherIncomeExpensesNet": -241434000, "incomeBeforeTax": -269861000, "incomeBeforeTaxRatio": -0.4096735801, "incomeTaxExpense": 235000, "netIncome": -269861000, "netIncomeRatio": -0.4096735801, "eps": -0.89, "epsdiluted": -0.89, "weightedAverageShsOut": 302116760, "weightedAverageShsOutDil": 302116760, "link": null, "finalLink": null, "calculatedOtherExpenses": 215808000, "calculatedOperatingExpenses": 303985000, "calculatedNetInterest": -235812000, "calculatedOtherIncome": -5622000, "calculatedIncomeNonControlling": -235000, "calculatedEbitda": 187381000}]}