{"originalCurrency": "USD", "convertedCurrency": "USD", "report": [{"date": "2023-12-31", "symbol": "IONS", "reportedCurrency": "USD", "cik": "0000874015", "fillingDate": "2024-02-21", "acceptedDate": "2024-02-21 16:38:27", "calendarYear": "2023", "period": "FY", "revenue": 787647000, "costOfRevenue": 9133000, "grossProfit": 778514000, "grossProfitRatio": 0.9884047041, "researchAndDevelopmentExpenses": 899625000, "generalAndAdministrativeExpenses": 232600000, "sellingAndMarketingExpenses": 0, "sellingGeneralAndAdministrativeExpenses": 232600000, "otherExpenses": 14256000, "operatingExpenses": 1132225000, "costAndExpenses": 1141358000, "interestIncome": 7584000, "interestExpense": 75597000, "depreciationAndAmortization": 22498000, "ebitda": -322836000, "ebitdaratio": -0.4098739664, "operatingIncome": -353730000, "operatingIncomeRatio": -0.4490971209, "totalOtherIncomeExpensesNet": 101222000, "incomeBeforeTax": -333965000, "incomeBeforeTaxRatio": -0.4240033924, "incomeTaxExpense": 32321000, "netIncome": -366286000, "netIncomeRatio": -0.4650382722, "eps": -2.56, "epsdiluted": -2.56, "weightedAverageShsOut": 143190000, "weightedAverageShsOutDil": 143190000, "link": "https://www.sec.gov/Archives/edgar/data/874015/000087401524000116/0000874015-24-000116-index.htm", "finalLink": "https://www.sec.gov/Archives/edgar/data/874015/000087401524000116/form10k.htm", "calculatedOtherExpenses": 19000, "calculatedOperatingExpenses": 1132244000, "calculatedNetInterest": -68013000, "calculatedOtherIncome": 87778000, "calculatedIncomeNonControlling": 0, "calculatedEbitda": -331232000}, {"date": "2022-12-31", "symbol": "IONS", "reportedCurrency": "USD", "cik": "0000874015", "fillingDate": "2023-02-22", "acceptedDate": "2023-02-22 16:39:54", "calendarYear": "2022", "period": "FY", "revenue": 587000000, "costOfRevenue": 14000000, "grossProfit": 573000000, "grossProfitRatio": 0.9761499148, "researchAndDevelopmentExpenses": 833000000, "generalAndAdministrativeExpenses": 150300000, "sellingAndMarketingExpenses": 700000, "sellingGeneralAndAdministrativeExpenses": 151000000, "otherExpenses": 3000000, "operatingExpenses": 984000000, "costAndExpenses": 998000000, "interestIncome": 25331000, "interestExpense": 8122000, "depreciationAndAmortization": -150000000, "ebitda": -561000000, "ebitdaratio": -0.9557069847, "operatingIncome": -411000000, "operatingIncomeRatio": -0.7001703578, "totalOtherIncomeExpensesNet": 153000000, "incomeBeforeTax": -258000000, "incomeBeforeTaxRatio": -0.4395229983, "incomeTaxExpense": 12000000, "netIncome": -270000000, "netIncomeRatio": -0.4599659284, "eps": -1.9, "epsdiluted": -1.9, "weightedAverageShsOut": 141848000, "weightedAverageShsOutDil": 141848000, "link": "https://www.sec.gov/Archives/edgar/data/874015/000087401523000105/0000874015-23-000105-index.htm", "finalLink": "https://www.sec.gov/Archives/edgar/data/874015/000087401523000105/form10k.htm", "calculatedOtherExpenses": 0, "calculatedOperatingExpenses": 984000000, "calculatedNetInterest": 17209000, "calculatedOtherIncome": 135791000, "calculatedIncomeNonControlling": 0, "calculatedEbitda": -561000000}, {"date": "2021-12-31", "symbol": "IONS", "reportedCurrency": "USD", "cik": "0000874015", "fillingDate": "2022-02-25", "acceptedDate": "2022-02-24 17:38:52", "calendarYear": "2021", "period": "FY", "revenue": 810000000, "costOfRevenue": 11000000, "grossProfit": 799000000, "grossProfitRatio": 0.9864197531, "researchAndDevelopmentExpenses": 643000000, "generalAndAdministrativeExpenses": 170900000, "sellingAndMarketingExpenses": 15100000, "sellingGeneralAndAdministrativeExpenses": 186000000, "otherExpenses": 9000000, "operatingExpenses": 829000000, "costAndExpenses": 840000000, "interestIncome": 10044000, "interestExpense": 4300000, "depreciationAndAmortization": 9000000, "ebitda": -21000000, "ebitdaratio": -0.0259259259, "operatingIncome": -30000000, "operatingIncomeRatio": -0.037037037, "totalOtherIncomeExpensesNet": -5113000, "incomeBeforeTax": -30000000, "incomeBeforeTaxRatio": -0.037037037, "incomeTaxExpense": -1000000, "netIncome": -29000000, "netIncomeRatio": -0.0358024691, "eps": -0.21, "epsdiluted": -0.21, "weightedAverageShsOut": 141021000, "weightedAverageShsOutDil": 141021000, "link": "https://www.sec.gov/Archives/edgar/data/874015/000087401522000079/0000874015-22-000079-index.htm", "finalLink": "https://www.sec.gov/Archives/edgar/data/874015/000087401522000079/form10k.htm", "calculatedOtherExpenses": 0, "calculatedOperatingExpenses": 829000000, "calculatedNetInterest": 5744000, "calculatedOtherIncome": -5744000, "calculatedIncomeNonControlling": 0, "calculatedEbitda": -21000000}, {"date": "2020-12-31", "symbol": "IONS", "reportedCurrency": "USD", "cik": "0000874015", "fillingDate": "2021-02-24", "acceptedDate": "2021-02-24 15:34:10", "calendarYear": "2020", "period": "FY", "revenue": 729000000, "costOfRevenue": 12000000, "grossProfit": 717000000, "grossProfitRatio": 0.9835390947, "researchAndDevelopmentExpenses": 535000000, "generalAndAdministrativeExpenses": 354000000, "sellingAndMarketingExpenses": 0, "sellingGeneralAndAdministrativeExpenses": 354000000, "otherExpenses": 2000000, "operatingExpenses": 889000000, "costAndExpenses": 901000000, "interestIncome": 30562000, "interestExpense": 44990000, "depreciationAndAmortization": 17160000, "ebitda": -172000000, "ebitdaratio": -0.2359396433, "operatingIncome": -172000000, "operatingIncomeRatio": -0.2359396433, "totalOtherIncomeExpensesNet": 2000000, "incomeBeforeTax": -170000000, "incomeBeforeTaxRatio": -0.2331961591, "incomeTaxExpense": 317000000, "netIncome": -487000000, "netIncomeRatio": -0.6680384088, "eps": -3.49, "epsdiluted": -3.49, "weightedAverageShsOut": 139612000, "weightedAverageShsOutDil": 139612000, "link": "https://www.sec.gov/Archives/edgar/data/874015/000087401521000056/0000874015-21-000056-index.htm", "finalLink": "https://www.sec.gov/Archives/edgar/data/874015/000087401521000056/form10k.htm", "calculatedOtherExpenses": 0, "calculatedOperatingExpenses": 889000000, "calculatedNetInterest": -14428000, "calculatedOtherIncome": 16428000, "calculatedIncomeNonControlling": 0, "calculatedEbitda": -154840000}, {"date": "2019-12-31", "symbol": "IONS", "reportedCurrency": "USD", "cik": "0000874015", "fillingDate": "2020-03-02", "acceptedDate": "2020-03-02 14:04:47", "calendarYear": "2019", "period": "FY", "revenue": 1123000000, "costOfRevenue": 4000000, "grossProfit": 1119000000, "grossProfitRatio": 0.9964381122, "researchAndDevelopmentExpenses": 466000000, "generalAndAdministrativeExpenses": 287000000, "sellingAndMarketingExpenses": 0, "sellingGeneralAndAdministrativeExpenses": 287000000, "otherExpenses": -686000, "operatingExpenses": 753000000, "costAndExpenses": 757000000, "interestIncome": 52205000, "interestExpense": 49000000, "depreciationAndAmortization": 15994000, "ebitda": 366000000, "ebitdaratio": 0.3259127337, "operatingIncome": 366000000, "operatingIncomeRatio": 0.3259127337, "totalOtherIncomeExpensesNet": -19000000, "incomeBeforeTax": 347000000, "incomeBeforeTaxRatio": 0.3089937667, "incomeTaxExpense": 44000000, "netIncome": 294000000, "netIncomeRatio": 0.2617987533, "eps": 2.12, "epsdiluted": 2.08, "weightedAverageShsOut": 139998000, "weightedAverageShsOutDil": 142872000, "link": "https://www.sec.gov/Archives/edgar/data/874015/000114036120004500/0001140361-20-004500-index.htm", "finalLink": "https://www.sec.gov/Archives/edgar/data/874015/000114036120004500/form10k.htm", "calculatedOtherExpenses": 0, "calculatedOperatingExpenses": 753000000, "calculatedNetInterest": 3205000, "calculatedOtherIncome": -22205000, "calculatedIncomeNonControlling": 9000000, "calculatedEbitda": 381994000}, {"date": "2018-12-31", "symbol": "IONS", "reportedCurrency": "USD", "cik": "0000874015", "fillingDate": "2019-03-01", "acceptedDate": "2019-03-01 14:39:05", "calendarYear": "2018", "period": "FY", "revenue": 599674000, "costOfRevenue": 1820000, "grossProfit": 597854000, "grossProfitRatio": 0.9969650177, "researchAndDevelopmentExpenses": 414604000, "generalAndAdministrativeExpenses": 244622000, "sellingAndMarketingExpenses": 0, "sellingGeneralAndAdministrativeExpenses": 244622000, "otherExpenses": -182000, "operatingExpenses": 659226000, "costAndExpenses": 661046000, "interestIncome": 0, "interestExpense": 44789000, "depreciationAndAmortization": 12528000, "ebitda": -61554000, "ebitdaratio": -0.1026457709, "operatingIncome": -61372000, "operatingIncomeRatio": -0.1023422726, "totalOtherIncomeExpensesNet": 30005000, "incomeBeforeTax": -76156000, "incomeBeforeTaxRatio": -0.1269956676, "incomeTaxExpense": -291141000, "netIncome": 273741000, "netIncomeRatio": 0.4564830224, "eps": 2.07, "epsdiluted": 2.04, "weightedAverageShsOut": 132320000, "weightedAverageShsOutDil": 134056000, "link": "https://www.sec.gov/Archives/edgar/data/874015/000087401519000045/0000874015-19-000045-index.htm", "finalLink": "https://www.sec.gov/Archives/edgar/data/874015/000087401519000045/form10k.htm", "calculatedOtherExpenses": 0, "calculatedOperatingExpenses": 659226000, "calculatedNetInterest": -44789000, "calculatedOtherIncome": 30005000, "calculatedIncomeNonControlling": -58756000, "calculatedEbitda": -48844000}, {"date": "2017-12-31", "symbol": "IONS", "reportedCurrency": "USD", "cik": "0000874015", "fillingDate": "2018-02-28", "acceptedDate": "2018-02-28 16:26:57", "calendarYear": "2017", "period": "FY", "revenue": 507666000, "costOfRevenue": 374644000, "grossProfit": 133022000, "grossProfitRatio": 0.262026608, "researchAndDevelopmentExpenses": 374644000, "generalAndAdministrativeExpenses": 108488000, "sellingAndMarketingExpenses": 0, "sellingGeneralAndAdministrativeExpenses": 108488000, "otherExpenses": -3548000, "operatingExpenses": 483132000, "costAndExpenses": 483132000, "interestIncome": 0, "interestExpense": 44752000, "depreciationAndAmortization": 8349000, "ebitda": 20986000, "ebitdaratio": 0.0413382027, "operatingIncome": 24534000, "operatingIncomeRatio": 0.0483270497, "totalOtherIncomeExpensesNet": -3058000, "incomeBeforeTax": -23276000, "incomeBeforeTaxRatio": -0.0458490425, "incomeTaxExpense": -5980000, "netIncome": -5970000, "netIncomeRatio": -0.0117597003, "eps": -0.0481, "epsdiluted": -0.0473, "weightedAverageShsOut": 124016000, "weightedAverageShsOutDil": 126098000, "link": "https://www.sec.gov/Archives/edgar/data/874015/000087401518000047/0000874015-18-000047-index.htm", "finalLink": "https://www.sec.gov/Archives/edgar/data/874015/000087401518000047/form10k.htm", "calculatedOtherExpenses": -374644000, "calculatedOperatingExpenses": 108488000, "calculatedNetInterest": -44752000, "calculatedOtherIncome": -3058000, "calculatedIncomeNonControlling": -11326000, "calculatedEbitda": 32883000}, {"date": "2016-12-31", "symbol": "IONS", "reportedCurrency": "USD", "cik": "0000874015", "fillingDate": "2017-03-01", "acceptedDate": "2017-03-01 06:06:15", "calendarYear": "2016", "period": "FY", "revenue": 346620000, "costOfRevenue": 344320000, "grossProfit": 2300000, "grossProfitRatio": 0.0066355086, "researchAndDevelopmentExpenses": 344320000, "generalAndAdministrativeExpenses": 48616000, "sellingAndMarketingExpenses": 0, "sellingGeneralAndAdministrativeExpenses": 48616000, "otherExpenses": 18422000, "operatingExpenses": 392936000, "costAndExpenses": 392936000, "interestIncome": 0, "interestExpense": 38795000, "depreciationAndAmortization": 9033000, "ebitda": -46316000, "ebitdaratio": -0.1336218337, "operatingIncome": -46316000, "operatingIncomeRatio": -0.1336218337, "totalOtherIncomeExpensesNet": 1489000, "incomeBeforeTax": -83622000, "incomeBeforeTaxRatio": -0.2412497836, "incomeTaxExpense": 2934000, "netIncome": -86556000, "netIncomeRatio": -0.2497143846, "eps": -0.72, "epsdiluted": -0.72, "weightedAverageShsOut": 120800000, "weightedAverageShsOutDil": 120933000, "link": "https://www.sec.gov/Archives/edgar/data/874015/000114036117009823/0001140361-17-009823-index.htm", "finalLink": "https://www.sec.gov/Archives/edgar/data/874015/000114036117009823/form10k.htm", "calculatedOtherExpenses": -344320000, "calculatedOperatingExpenses": 48616000, "calculatedNetInterest": -38795000, "calculatedOtherIncome": 1489000, "calculatedIncomeNonControlling": 0, "calculatedEbitda": -37283000}, {"date": "2015-12-31", "symbol": "IONS", "reportedCurrency": "USD", "cik": "0000874015", "fillingDate": "2016-02-26", "acceptedDate": "2016-02-25 19:08:02", "calendarYear": "2015", "period": "FY", "revenue": 283703000, "costOfRevenue": 322292000, "grossProfit": -38589000, "grossProfitRatio": -0.1360190058, "researchAndDevelopmentExpenses": 322292000, "generalAndAdministrativeExpenses": 37173000, "sellingAndMarketingExpenses": 0, "sellingGeneralAndAdministrativeExpenses": 37173000, "otherExpenses": 40932000, "operatingExpenses": 359465000, "costAndExpenses": 359465000, "interestIncome": 0, "interestExpense": 36732000, "depreciationAndAmortization": 10238000, "ebitda": -55551000, "ebitdaratio": -0.1958068825, "operatingIncome": -75762000, "operatingIncomeRatio": -0.2670468765, "totalOtherIncomeExpensesNet": 24588000, "incomeBeforeTax": -87906000, "incomeBeforeTaxRatio": -0.3098522046, "incomeTaxExpense": 372000, "netIncome": -88278000, "netIncomeRatio": -0.311163435, "eps": -0.74, "epsdiluted": -0.74, "weightedAverageShsOut": 119294594, "weightedAverageShsOutDil": 119719000, "link": "https://www.sec.gov/Archives/edgar/data/874015/000087401516000112/0000874015-16-000112-index.htm", "finalLink": "https://www.sec.gov/Archives/edgar/data/874015/000087401516000112/form10k.htm", "calculatedOtherExpenses": -322292000, "calculatedOperatingExpenses": 37173000, "calculatedNetInterest": -36732000, "calculatedOtherIncome": 24588000, "calculatedIncomeNonControlling": 0, "calculatedEbitda": -65524000}, {"date": "2014-12-31", "symbol": "IONS", "reportedCurrency": "USD", "cik": "0000874015", "fillingDate": "2015-03-02", "acceptedDate": "2015-02-27 21:31:26", "calendarYear": "2014", "period": "FY", "revenue": 214161000, "costOfRevenue": 241751000, "grossProfit": -27590000, "grossProfitRatio": -0.1288283114, "researchAndDevelopmentExpenses": 241751000, "generalAndAdministrativeExpenses": 20140000, "sellingAndMarketingExpenses": 0, "sellingGeneralAndAdministrativeExpenses": 20140000, "otherExpenses": 39237000, "operatingExpenses": 261891000, "costAndExpenses": 261891000, "interestIncome": 0, "interestExpense": 22209000, "depreciationAndAmortization": 9404000, "ebitda": -27828000, "ebitdaratio": -0.1299396249, "operatingIncome": -47730000, "operatingIncomeRatio": -0.2228697102, "totalOtherIncomeExpensesNet": 15548000, "incomeBeforeTax": -54391000, "incomeBeforeTaxRatio": -0.2539724786, "incomeTaxExpense": -15407000, "netIncome": -38984000, "netIncomeRatio": -0.1820312755, "eps": -0.33, "epsdiluted": -0.33, "weightedAverageShsOut": 117691000, "weightedAverageShsOutDil": 117691000, "link": "https://www.sec.gov/Archives/edgar/data/874015/000114036115009498/0001140361-15-009498-index.htm", "finalLink": "https://www.sec.gov/Archives/edgar/data/874015/000114036115009498/form10k.htm", "calculatedOtherExpenses": -241751000, "calculatedOperatingExpenses": 20140000, "calculatedNetInterest": -22209000, "calculatedOtherIncome": 15548000, "calculatedIncomeNonControlling": 0, "calculatedEbitda": -38326000}, {"date": "2013-12-31", "symbol": "IONS", "reportedCurrency": "USD", "cik": "0000874015", "fillingDate": "2014-03-03", "acceptedDate": "2014-02-28 18:49:45", "calendarYear": "2013", "period": "FY", "revenue": 147285000, "costOfRevenue": 184033000, "grossProfit": -36748000, "grossProfitRatio": -0.2495026649, "researchAndDevelopmentExpenses": 184033000, "generalAndAdministrativeExpenses": 14918000, "sellingAndMarketingExpenses": 0, "sellingGeneralAndAdministrativeExpenses": 14918000, "otherExpenses": 39839000, "operatingExpenses": 198951000, "costAndExpenses": 198951000, "interestIncome": 0, "interestExpense": 19355000, "depreciationAndAmortization": 9782000, "ebitda": -51666000, "ebitdaratio": -0.3507892861, "operatingIncome": -51666000, "operatingIncomeRatio": -0.3507892861, "totalOtherIncomeExpensesNet": 4463000, "incomeBeforeTax": -66558000, "incomeBeforeTaxRatio": -0.4518993788, "incomeTaxExpense": -5914000, "netIncome": -60644000, "netIncomeRatio": -0.4117459348, "eps": -0.55, "epsdiluted": -0.55, "weightedAverageShsOut": 110502000, "weightedAverageShsOutDil": 110502000, "link": "https://www.sec.gov/Archives/edgar/data/874015/000110465914015019/0001104659-14-015019-index.htm", "finalLink": "https://www.sec.gov/Archives/edgar/data/874015/000110465914015019/a13-24781_110k.htm", "calculatedOtherExpenses": -184033000, "calculatedOperatingExpenses": 14918000, "calculatedNetInterest": -19355000, "calculatedOtherIncome": 4463000, "calculatedIncomeNonControlling": 0, "calculatedEbitda": -41884000}, {"date": "2012-12-31", "symbol": "IONS", "reportedCurrency": "USD", "cik": "0000874015", "fillingDate": "2013-02-28", "acceptedDate": "2013-02-28 17:17:15", "calendarYear": "2012", "period": "FY", "revenue": 102049000, "costOfRevenue": 158458000, "grossProfit": -56409000, "grossProfitRatio": -0.5527638683, "researchAndDevelopmentExpenses": 158458000, "generalAndAdministrativeExpenses": 12515000, "sellingAndMarketingExpenses": 0, "sellingGeneralAndAdministrativeExpenses": 12515000, "otherExpenses": 59358000, "operatingExpenses": 170973000, "costAndExpenses": 170973000, "interestIncome": 0, "interestExpense": 21152000, "depreciationAndAmortization": 10755000, "ebitda": -51974000, "ebitdaratio": -0.5093043538, "operatingIncome": -68924000, "operatingIncomeRatio": -0.6754010328, "totalOtherIncomeExpensesNet": 15489000, "incomeBeforeTax": -74587000, "incomeBeforeTaxRatio": -0.7308939823, "incomeTaxExpense": -9109000, "netIncome": -65478000, "netIncomeRatio": -0.641632941, "eps": -0.65, "epsdiluted": -0.65, "weightedAverageShsOut": 100576000, "weightedAverageShsOutDil": 100576000, "link": "https://www.sec.gov/Archives/edgar/data/874015/000110465913016208/0001104659-13-016208-index.htm", "finalLink": "https://www.sec.gov/Archives/edgar/data/874015/000110465913016208/a12-28450_110k.htm", "calculatedOtherExpenses": -158458000, "calculatedOperatingExpenses": 12515000, "calculatedNetInterest": -21152000, "calculatedOtherIncome": 15489000, "calculatedIncomeNonControlling": 0, "calculatedEbitda": -58169000}, {"date": "2011-12-31", "symbol": "IONS", "reportedCurrency": "USD", "cik": "0000874015", "fillingDate": "2012-02-29", "acceptedDate": "2012-02-29 16:08:24", "calendarYear": "2011", "period": "FY", "revenue": 99086000, "costOfRevenue": 0, "grossProfit": 99086000, "grossProfitRatio": 1, "researchAndDevelopmentExpenses": 157397000, "generalAndAdministrativeExpenses": 12789000, "sellingAndMarketingExpenses": 0, "sellingGeneralAndAdministrativeExpenses": 12789000, "otherExpenses": 61207000, "operatingExpenses": 170186000, "costAndExpenses": 170186000, "interestIncome": 2414000, "interestExpense": 16732000, "depreciationAndAmortization": 11784000, "ebitda": -60456000, "ebitdaratio": -0.610136649, "operatingIncome": -71100000, "operatingIncomeRatio": -0.7175584845, "totalOtherIncomeExpensesNet": 628000, "incomeBeforeTax": -84790000, "incomeBeforeTaxRatio": -0.8557212926, "incomeTaxExpense": 11000, "netIncome": -84801000, "netIncomeRatio": -0.8558323073, "eps": -0.85, "epsdiluted": -0.85, "weightedAverageShsOut": 99656000, "weightedAverageShsOutDil": 99656000, "link": "https://www.sec.gov/Archives/edgar/data/874015/000110465912014567/0001104659-12-014567-index.htm", "finalLink": "https://www.sec.gov/Archives/edgar/data/874015/000110465912014567/a11-31030_110k.htm", "calculatedOtherExpenses": 0, "calculatedOperatingExpenses": 170186000, "calculatedNetInterest": -14318000, "calculatedOtherIncome": 628000, "calculatedIncomeNonControlling": 0, "calculatedEbitda": -59316000}, {"date": "2010-12-31", "symbol": "IONS", "reportedCurrency": "USD", "cik": "0000874015", "fillingDate": "2011-03-01", "acceptedDate": "2011-02-28 19:00:23", "calendarYear": "2010", "period": "FY", "revenue": 108473000, "costOfRevenue": 0, "grossProfit": 108473000, "grossProfitRatio": 1, "researchAndDevelopmentExpenses": 145160000, "generalAndAdministrativeExpenses": 11669000, "sellingAndMarketingExpenses": 0, "sellingGeneralAndAdministrativeExpenses": 11669000, "otherExpenses": 42239000, "operatingExpenses": 156829000, "costAndExpenses": 156829000, "interestIncome": 3370000, "interestExpense": 13232000, "depreciationAndAmortization": 9177000, "ebitda": -38037000, "ebitdaratio": -0.3506586893, "operatingIncome": -48356000, "operatingIncomeRatio": -0.4457883529, "totalOtherIncomeExpensesNet": -2941000, "incomeBeforeTax": -61159000, "incomeBeforeTaxRatio": -0.5638177242, "incomeTaxExpense": 92000, "netIncome": -61251000, "netIncomeRatio": -0.5646658616, "eps": -0.62, "epsdiluted": -0.62, "weightedAverageShsOut": 99143000, "weightedAverageShsOutDil": 99143000, "link": "https://www.sec.gov/Archives/edgar/data/874015/000110465911011094/0001104659-11-011094-index.htm", "finalLink": "https://www.sec.gov/Archives/edgar/data/874015/000110465911011094/a10-24306_110k.htm", "calculatedOtherExpenses": 0, "calculatedOperatingExpenses": 156829000, "calculatedNetInterest": -9862000, "calculatedOtherIncome": -2941000, "calculatedIncomeNonControlling": 0, "calculatedEbitda": -39179000}, {"date": "2009-12-31", "symbol": "IONS", "reportedCurrency": "USD", "cik": "0000874015", "fillingDate": "2010-03-01", "acceptedDate": "2010-03-01 17:13:50", "calendarYear": "2009", "period": "FY", "revenue": 121600000, "costOfRevenue": 0, "grossProfit": 121600000, "grossProfitRatio": 1, "researchAndDevelopmentExpenses": 134623000, "generalAndAdministrativeExpenses": 14515000, "sellingAndMarketingExpenses": 0, "sellingGeneralAndAdministrativeExpenses": 14515000, "otherExpenses": 26492000, "operatingExpenses": 149138000, "costAndExpenses": 149138000, "interestIncome": 0, "interestExpense": 12672000, "depreciationAndAmortization": 11329000, "ebitda": -27538000, "ebitdaratio": -0.2264638158, "operatingIncome": -27538000, "operatingIncomeRatio": -0.2264638158, "totalOtherIncomeExpensesNet": 8445000, "incomeBeforeTax": -31765000, "incomeBeforeTaxRatio": -0.2612253289, "incomeTaxExpense": 3191000, "netIncome": 155066000, "netIncomeRatio": 1.2752138158, "eps": 1.58, "epsdiluted": 1.58, "weightedAverageShsOut": 98109000, "weightedAverageShsOutDil": 98109000, "link": "https://www.sec.gov/Archives/edgar/data/874015/000110465910010939/0001104659-10-010939-index.htm", "finalLink": "https://www.sec.gov/Archives/edgar/data/874015/000110465910010939/a09-34643_210k.htm", "calculatedOtherExpenses": 0, "calculatedOperatingExpenses": 149138000, "calculatedNetInterest": -12672000, "calculatedOtherIncome": 8445000, "calculatedIncomeNonControlling": -190022000, "calculatedEbitda": -16209000}, {"date": "2008-12-31", "symbol": "IONS", "reportedCurrency": "USD", "cik": "0000874015", "fillingDate": "2009-02-26", "acceptedDate": "2009-02-25 20:50:13", "calendarYear": "2008", "period": "FY", "revenue": 107190000, "costOfRevenue": 0, "grossProfit": 107190000, "grossProfitRatio": 1, "researchAndDevelopmentExpenses": 106439000, "generalAndAdministrativeExpenses": 13811000, "sellingAndMarketingExpenses": 0, "sellingGeneralAndAdministrativeExpenses": 13811000, "otherExpenses": 7586000, "operatingExpenses": 120250000, "costAndExpenses": 120250000, "interestIncome": 0, "interestExpense": -5603000, "depreciationAndAmortization": 6817000, "ebitda": -5278000, "ebitdaratio": -0.0492396679, "operatingIncome": -13060000, "operatingIncomeRatio": -0.1218397239, "totalOtherIncomeExpensesNet": -965000, "incomeBeforeTax": -14025000, "incomeBeforeTaxRatio": -0.1308424293, "incomeTaxExpense": -1097000, "netIncome": -11963000, "netIncomeRatio": -0.1116055602, "eps": -0.13, "epsdiluted": -0.13, "weightedAverageShsOut": 94566000, "weightedAverageShsOutDil": 94566000, "link": "https://www.sec.gov/Archives/edgar/data/874015/000110465909012215/0001104659-09-012215-index.htm", "finalLink": "https://www.sec.gov/Archives/edgar/data/874015/000110465909012215/a09-1524_110k.htm", "calculatedOtherExpenses": 0, "calculatedOperatingExpenses": 120250000, "calculatedNetInterest": 5603000, "calculatedOtherIncome": -6568000, "calculatedIncomeNonControlling": -965000, "calculatedEbitda": -6243000}, {"date": "2007-12-31", "symbol": "IONS", "reportedCurrency": "USD", "cik": "0000874015", "fillingDate": "2008-03-13", "acceptedDate": "2008-03-13 17:21:12", "calendarYear": "2007", "period": "FY", "revenue": 69621000, "costOfRevenue": 0, "grossProfit": 69621000, "grossProfitRatio": 1, "researchAndDevelopmentExpenses": 92641000, "generalAndAdministrativeExpenses": 0, "sellingAndMarketingExpenses": 0, "sellingGeneralAndAdministrativeExpenses": 15928000, "otherExpenses": 59045000, "operatingExpenses": 108569000, "costAndExpenses": 108569000, "interestIncome": 0, "interestExpense": -7573000, "depreciationAndAmortization": 6765000, "ebitda": -32481000, "ebitdaratio": -0.466540268, "operatingIncome": -38948000, "operatingIncomeRatio": -0.5594289079, "totalOtherIncomeExpensesNet": 298000, "incomeBeforeTax": -10994000, "incomeBeforeTaxRatio": -0.1579121242, "incomeTaxExpense": -27954000, "netIncome": -10994000, "netIncomeRatio": -0.1579121242, "eps": -0.13, "epsdiluted": -0.13, "weightedAverageShsOut": 83739000, "weightedAverageShsOutDil": 83739000, "link": "https://www.sec.gov/Archives/edgar/data/874015/000104746908002693/0001047469-08-002693-index.htm", "finalLink": "https://www.sec.gov/Archives/edgar/data/874015/000104746908002693/a2183558z10-k.htm", "calculatedOtherExpenses": 0, "calculatedOperatingExpenses": 108569000, "calculatedNetInterest": 7573000, "calculatedOtherIncome": 20381000, "calculatedIncomeNonControlling": 27954000, "calculatedEbitda": -32183000}, {"date": "2006-12-31", "symbol": "IONS", "reportedCurrency": "USD", "cik": "0000874015", "fillingDate": "2007-03-16", "acceptedDate": "2007-03-16 14:37:20", "calendarYear": "2006", "period": "FY", "revenue": 24532000, "costOfRevenue": 0, "grossProfit": 24532000, "grossProfitRatio": 1, "researchAndDevelopmentExpenses": 80567000, "generalAndAdministrativeExpenses": 0, "sellingAndMarketingExpenses": 0, "sellingGeneralAndAdministrativeExpenses": 12619000, "otherExpenses": 64940000, "operatingExpenses": 93186000, "costAndExpenses": 93186000, "interestIncome": 0, "interestExpense": -9029000, "depreciationAndAmortization": 7216000, "ebitda": -64237000, "ebitdaratio": -2.618498288, "operatingIncome": -68118000, "operatingIncomeRatio": -2.7766998206, "totalOtherIncomeExpensesNet": 2799000, "incomeBeforeTax": -65319000, "incomeBeforeTaxRatio": -2.6626039459, "incomeTaxExpense": -22751000, "netIncome": -45903000, "netIncomeRatio": -1.8711478885, "eps": -0.62, "epsdiluted": -0.62, "weightedAverageShsOut": 74308000, "weightedAverageShsOutDil": 74308000, "link": "https://www.sec.gov/Archives/edgar/data/874015/000110465907019915/0001104659-07-019915-index.htm", "finalLink": "https://www.sec.gov/Archives/edgar/data/874015/000110465907019915/a07-5928_110k.htm", "calculatedOtherExpenses": -536000, "calculatedOperatingExpenses": 92650000, "calculatedNetInterest": 9029000, "calculatedOtherIncome": -6230000, "calculatedIncomeNonControlling": 3335000, "calculatedEbitda": -60902000}, {"date": "2005-12-31", "symbol": "IONS", "reportedCurrency": "USD", "cik": "0000874015", "fillingDate": "2006-03-16", "acceptedDate": "2006-03-16 14:57:51", "calendarYear": "2005", "period": "FY", "revenue": 40133000, "costOfRevenue": 0, "grossProfit": 40133000, "grossProfitRatio": 1, "researchAndDevelopmentExpenses": 82467000, "generalAndAdministrativeExpenses": 8432000, "sellingAndMarketingExpenses": -544000, "sellingGeneralAndAdministrativeExpenses": 7888000, "otherExpenses": 60273000, "operatingExpenses": 90355000, "costAndExpenses": 90355000, "interestIncome": 0, "interestExpense": -20313000, "depreciationAndAmortization": 9688000, "ebitda": -33574000, "ebitdaratio": -0.83656841, "operatingIncome": -57182000, "operatingIncomeRatio": -1.4248124984, "totalOtherIncomeExpensesNet": -6960000, "incomeBeforeTax": -72401000, "incomeBeforeTaxRatio": -1.8040266115, "incomeTaxExpense": 22179000, "netIncome": -72401000, "netIncomeRatio": -1.8040266115, "eps": -1.15, "epsdiluted": -1.15, "weightedAverageShsOut": 62877000, "weightedAverageShsOutDil": 62877000, "link": "https://www.sec.gov/Archives/edgar/data/874015/000110465906017279/0001104659-06-017279-index.htm", "finalLink": "https://www.sec.gov/Archives/edgar/data/874015/000110465906017279/a06-6436_110k.htm", "calculatedOtherExpenses": 6960000, "calculatedOperatingExpenses": 97315000, "calculatedNetInterest": 20313000, "calculatedOtherIncome": -35532000, "calculatedIncomeNonControlling": -22179000, "calculatedEbitda": -47494000}, {"date": "2004-12-31", "symbol": "IONS", "reportedCurrency": "USD", "cik": "0000874015", "fillingDate": "2005-03-16", "acceptedDate": "2005-03-16 16:40:09", "calendarYear": "2004", "period": "FY", "revenue": 42624000, "costOfRevenue": 0, "grossProfit": 42624000, "grossProfitRatio": 1, "researchAndDevelopmentExpenses": 118474000, "generalAndAdministrativeExpenses": 9582000, "sellingAndMarketingExpenses": -6000, "sellingGeneralAndAdministrativeExpenses": 9576000, "otherExpenses": 118278000, "operatingExpenses": 128050000, "costAndExpenses": 128050000, "interestIncome": 0, "interestExpense": -22592000, "depreciationAndAmortization": 12170000, "ebitda": -38771000, "ebitdaratio": -0.9096049174, "operatingIncome": -117853000, "operatingIncomeRatio": -2.7649446321, "totalOtherIncomeExpensesNet": -34485000, "incomeBeforeTax": -142503000, "incomeBeforeTaxRatio": -3.3432573198, "incomeTaxExpense": 57077000, "netIncome": -142503000, "netIncomeRatio": -3.3432573198, "eps": -2.52, "epsdiluted": -2.52, "weightedAverageShsOut": 56642000, "weightedAverageShsOutDil": 56642000, "link": "https://www.sec.gov/Archives/edgar/data/874015/000104746905006784/0001047469-05-006784-index.htm", "finalLink": "https://www.sec.gov/Archives/edgar/data/874015/000104746905006784/a2153640z10-k.htm", "calculatedOtherExpenses": 32427000, "calculatedOperatingExpenses": 160477000, "calculatedNetInterest": 22592000, "calculatedOtherIncome": -47242000, "calculatedIncomeNonControlling": -57077000, "calculatedEbitda": -105683000}, {"date": "2003-12-31", "symbol": "IONS", "reportedCurrency": "USD", "cik": "0000874015", "fillingDate": "2004-03-15", "acceptedDate": "2004-03-12 21:45:31", "calendarYear": "2003", "period": "FY", "revenue": 49990000, "costOfRevenue": 0, "grossProfit": 49990000, "grossProfitRatio": 1, "researchAndDevelopmentExpenses": 116963000, "generalAndAdministrativeExpenses": 9289000, "sellingAndMarketingExpenses": 913000, "sellingGeneralAndAdministrativeExpenses": 10202000, "otherExpenses": 70212000, "operatingExpenses": 127165000, "costAndExpenses": 127165000, "interestIncome": 0, "interestExpense": -18680000, "depreciationAndAmortization": 12253000, "ebitda": -65781000, "ebitdaratio": -1.3158831766, "operatingIncome": -78978000, "operatingIncomeRatio": -1.5798759752, "totalOtherIncomeExpensesNet": 859000, "incomeBeforeTax": -94996000, "incomeBeforeTaxRatio": -1.90030006, "incomeTaxExpense": 17821000, "netIncome": -94996000, "netIncomeRatio": -1.90030006, "eps": -1.71, "epsdiluted": -1.71, "weightedAverageShsOut": 55463000, "weightedAverageShsOutDil": 55463000, "link": "https://www.sec.gov/Archives/edgar/data/874015/000104746904007808/0001047469-04-007808-index.htm", "finalLink": "https://www.sec.gov/Archives/edgar/data/874015/000104746904007808/a2130713z10-k.htm", "calculatedOtherExpenses": 1803000, "calculatedOperatingExpenses": 128968000, "calculatedNetInterest": 18680000, "calculatedOtherIncome": -34698000, "calculatedIncomeNonControlling": -17821000, "calculatedEbitda": -66725000}, {"date": "2002-12-31", "symbol": "IONS", "reportedCurrency": "USD", "cik": "0000874015", "fillingDate": "2003-03-31", "acceptedDate": "2003-03-31 16:36:55", "calendarYear": "2002", "period": "FY", "revenue": 80179000, "costOfRevenue": 0, "grossProfit": 80179000, "grossProfitRatio": 1, "researchAndDevelopmentExpenses": 124074000, "generalAndAdministrativeExpenses": 8547000, "sellingAndMarketingExpenses": -3002000, "sellingGeneralAndAdministrativeExpenses": 5545000, "otherExpenses": 54625000, "operatingExpenses": 129619000, "costAndExpenses": 129619000, "interestIncome": 0, "interestExpense": -16562000, "depreciationAndAmortization": 10304000, "ebitda": -48907000, "ebitdaratio": -0.6099726861, "operatingIncome": -50813000, "operatingIncomeRatio": -0.6337444967, "totalOtherIncomeExpensesNet": -6240000, "incomeBeforeTax": -72242000, "incomeBeforeTaxRatio": -0.9010089924, "incomeTaxExpense": 6791000, "netIncome": -72242000, "netIncomeRatio": -0.9010089924, "eps": -1.33, "epsdiluted": -1.33, "weightedAverageShsOut": 54480000, "weightedAverageShsOutDil": 54480000, "link": "https://www.sec.gov/Archives/edgar/data/874015/000104746903011306/0001047469-03-011306-index.htm", "finalLink": "https://www.sec.gov/Archives/edgar/data/874015/000104746903011306/a2106640z10-k.htm", "calculatedOtherExpenses": 1373000, "calculatedOperatingExpenses": 130992000, "calculatedNetInterest": 16562000, "calculatedOtherIncome": -37991000, "calculatedIncomeNonControlling": -6791000, "calculatedEbitda": -40509000}, {"date": "2001-12-31", "symbol": "IONS", "reportedCurrency": "USD", "cik": "0000874015", "fillingDate": "2002-04-01", "acceptedDate": "2002-04-01 00:00:00", "calendarYear": "2001", "period": "FY", "revenue": 53273000, "costOfRevenue": 0, "grossProfit": 53273000, "grossProfitRatio": 1, "researchAndDevelopmentExpenses": 83741000, "generalAndAdministrativeExpenses": 11061000, "sellingAndMarketingExpenses": 4573000, "sellingGeneralAndAdministrativeExpenses": 15634000, "otherExpenses": 47918000, "operatingExpenses": 99375000, "costAndExpenses": 99375000, "interestIncome": 0, "interestExpense": -15248000, "depreciationAndAmortization": 6967000, "ebitda": -45493000, "ebitdaratio": -0.853959792, "operatingIncome": -46102000, "operatingIncomeRatio": -0.8653914741, "totalOtherIncomeExpensesNet": -12482000, "incomeBeforeTax": -73832000, "incomeBeforeTaxRatio": -1.3859178195, "incomeTaxExpense": 8890000, "netIncome": -73832000, "netIncomeRatio": -1.3859178195, "eps": -1.67, "epsdiluted": -1.67, "weightedAverageShsOut": 44109000, "weightedAverageShsOutDil": 44109000, "link": "https://www.sec.gov/Archives/edgar/data/874015/000091205702013013/0000912057-02-013013-index.htm", "finalLink": "https://www.sec.gov/Archives/edgar/data/874015/000091205702013013/a2075186z10-k405.htm", "calculatedOtherExpenses": 0, "calculatedOperatingExpenses": 99375000, "calculatedNetInterest": 15248000, "calculatedOtherIncome": -42978000, "calculatedIncomeNonControlling": -8890000, "calculatedEbitda": -39135000}, {"date": "2000-12-31", "symbol": "IONS", "reportedCurrency": "USD", "cik": "0000874015", "fillingDate": "2001-02-28", "acceptedDate": "2001-02-28 00:00:00", "calendarYear": "2000", "period": "FY", "revenue": 37255000, "costOfRevenue": -5535000, "grossProfit": 42790000, "grossProfitRatio": 1.1485706617, "researchAndDevelopmentExpenses": 57014000, "generalAndAdministrativeExpenses": 0, "sellingAndMarketingExpenses": 0, "sellingGeneralAndAdministrativeExpenses": 9231000, "otherExpenses": 5535000, "operatingExpenses": 71780000, "costAndExpenses": 66245000, "interestIncome": 0, "interestExpense": 0, "depreciationAndAmortization": 5535000, "ebitda": -5596000, "ebitdaratio": -0.1502080258, "operatingIncome": -28990000, "operatingIncomeRatio": -0.7781505838, "totalOtherIncomeExpensesNet": -17859000, "incomeBeforeTax": -46849000, "incomeBeforeTaxRatio": -1.2575224802, "incomeTaxExpense": 24495000, "netIncome": -53485000, "netIncomeRatio": -1.435646222, "eps": -1.44, "epsdiluted": -1.44, "weightedAverageShsOut": 37023000, "weightedAverageShsOutDil": 37023000, "link": "https://www.sec.gov/Archives/edgar/data/874015/000091205701006884/0000912057-01-006884-index.htm", "finalLink": "https://www.sec.gov/Archives/edgar/data/874015/000091205701006884/a2040260z10-k405.txt", "calculatedOtherExpenses": 5535000, "calculatedOperatingExpenses": 71780000, "calculatedNetInterest": 0, "calculatedOtherIncome": -17859000, "calculatedIncomeNonControlling": -17859000, "calculatedEbitda": -23455000}, {"date": "1999-12-31", "symbol": "IONS", "reportedCurrency": "USD", "cik": "0000874015", "fillingDate": "2000-03-28", "acceptedDate": "2000-03-28 00:00:00", "calendarYear": "1999", "period": "FY", "revenue": 33900000, "costOfRevenue": -5200000, "grossProfit": 39100000, "grossProfitRatio": 1.1533923304, "researchAndDevelopmentExpenses": 66400000, "generalAndAdministrativeExpenses": 0, "sellingAndMarketingExpenses": 0, "sellingGeneralAndAdministrativeExpenses": 10600000, "otherExpenses": 5200000, "operatingExpenses": 82200000, "costAndExpenses": 77000000, "interestIncome": 0, "interestExpense": 0, "depreciationAndAmortization": 5200000, "ebitda": -30700000, "ebitdaratio": -0.9056047198, "operatingIncome": -43100000, "operatingIncomeRatio": -1.2713864307, "totalOtherIncomeExpensesNet": -7200000, "incomeBeforeTax": -50300000, "incomeBeforeTaxRatio": -1.4837758112, "incomeTaxExpense": 16100000, "netIncome": -59200000, "netIncomeRatio": -1.7463126844, "eps": -2.06, "epsdiluted": -2.06, "weightedAverageShsOut": 28703000, "weightedAverageShsOutDil": 28703000, "link": "https://www.sec.gov/Archives/edgar/data/874015/000093639200000158/0000936392-00-000158-index.html", "finalLink": "https://www.sec.gov/Archives/edgar/data/874015/000093639200000158/", "calculatedOtherExpenses": 5200000, "calculatedOperatingExpenses": 82200000, "calculatedNetInterest": 0, "calculatedOtherIncome": -7200000, "calculatedIncomeNonControlling": -7200000, "calculatedEbitda": -37900000}, {"date": "1998-12-31", "symbol": "IONS", "reportedCurrency": "USD", "cik": "0000874015", "fillingDate": "1999-03-31", "acceptedDate": "1999-03-31 00:00:00", "calendarYear": "1998", "period": "FY", "revenue": 39200000, "costOfRevenue": -4300000, "grossProfit": 43500000, "grossProfitRatio": 1.1096938776, "researchAndDevelopmentExpenses": 62200000, "generalAndAdministrativeExpenses": 0, "sellingAndMarketingExpenses": 0, "sellingGeneralAndAdministrativeExpenses": 9500000, "otherExpenses": 4300000, "operatingExpenses": 76000000, "costAndExpenses": 71700000, "interestIncome": 0, "interestExpense": 0, "depreciationAndAmortization": 4300000, "ebitda": -27200000, "ebitdaratio": -0.693877551, "operatingIncome": -32500000, "operatingIncomeRatio": -0.8290816327, "totalOtherIncomeExpensesNet": -1000000, "incomeBeforeTax": -33500000, "incomeBeforeTaxRatio": -0.8545918367, "incomeTaxExpense": 10500000, "netIncome": -43000000, "netIncomeRatio": -1.0969387755, "eps": -1.6, "epsdiluted": -1.6, "weightedAverageShsOut": 26873000, "weightedAverageShsOutDil": 26873000, "link": "https://www.sec.gov/Archives/edgar/data/874015/000093639299000365/0000936392-99-000365-index.html", "finalLink": "https://www.sec.gov/Archives/edgar/data/874015/", "calculatedOtherExpenses": 4300000, "calculatedOperatingExpenses": 76000000, "calculatedNetInterest": 0, "calculatedOtherIncome": -1000000, "calculatedIncomeNonControlling": -1000000, "calculatedEbitda": -28200000}, {"date": "1997-12-31", "symbol": "IONS", "reportedCurrency": "USD", "cik": "0000874015", "fillingDate": "1998-03-19", "acceptedDate": "1998-03-19 00:00:00", "calendarYear": "1997", "period": "FY", "revenue": 32500000, "costOfRevenue": -3200000, "grossProfit": 35700000, "grossProfitRatio": 1.0984615385, "researchAndDevelopmentExpenses": 55900000, "generalAndAdministrativeExpenses": 0, "sellingAndMarketingExpenses": 0, "sellingGeneralAndAdministrativeExpenses": 8100000, "otherExpenses": 3200000, "operatingExpenses": 67200000, "costAndExpenses": 64000000, "interestIncome": 0, "interestExpense": 0, "depreciationAndAmortization": 3200000, "ebitda": -32400000, "ebitdaratio": -0.9969230769, "operatingIncome": -31500000, "operatingIncomeRatio": -0.9692307692, "totalOtherIncomeExpensesNet": 4100000, "incomeBeforeTax": -27400000, "incomeBeforeTaxRatio": -0.8430769231, "incomeTaxExpense": -400000, "netIncome": -31100000, "netIncomeRatio": -0.9569230769, "eps": -1.17, "epsdiluted": -1.17, "weightedAverageShsOut": 26581197, "weightedAverageShsOutDil": 26581197, "link": "https://www.sec.gov/Archives/edgar/data/874015/000093639298000472/0000936392-98-000472-index.html", "finalLink": "https://www.sec.gov/Archives/edgar/data/874015/", "calculatedOtherExpenses": 3200000, "calculatedOperatingExpenses": 67200000, "calculatedNetInterest": 0, "calculatedOtherIncome": 4100000, "calculatedIncomeNonControlling": 4100000, "calculatedEbitda": -28300000}, {"date": "1996-12-31", "symbol": "IONS", "reportedCurrency": "USD", "cik": "0000874015", "fillingDate": "1997-03-24", "acceptedDate": "1997-03-24 00:00:00", "calendarYear": "1996", "period": "FY", "revenue": 22600000, "costOfRevenue": -2600000, "grossProfit": 25200000, "grossProfitRatio": 1.1150442478, "researchAndDevelopmentExpenses": 45700000, "generalAndAdministrativeExpenses": 0, "sellingAndMarketingExpenses": 0, "sellingGeneralAndAdministrativeExpenses": 6200000, "otherExpenses": 2600000, "operatingExpenses": 54500000, "costAndExpenses": 51900000, "interestIncome": 0, "interestExpense": 0, "depreciationAndAmortization": 2600000, "ebitda": -30700000, "ebitdaratio": -1.3584070796, "operatingIncome": -29300000, "operatingIncomeRatio": -1.296460177, "totalOtherIncomeExpensesNet": 4000000, "incomeBeforeTax": -25300000, "incomeBeforeTaxRatio": -1.1194690265, "incomeTaxExpense": -2800000, "netIncome": -26500000, "netIncomeRatio": -1.1725663717, "eps": -1.04, "epsdiluted": -1.04, "weightedAverageShsOut": 25480769, "weightedAverageShsOutDil": 25480769, "link": "https://www.sec.gov/Archives/edgar/data/874015/000093639297000388/0000936392-97-000388-index.html", "finalLink": "https://www.sec.gov/Archives/edgar/data/874015/", "calculatedOtherExpenses": 2600000, "calculatedOperatingExpenses": 54500000, "calculatedNetInterest": 0, "calculatedOtherIncome": 4000000, "calculatedIncomeNonControlling": 4000000, "calculatedEbitda": -26700000}, {"date": "1995-12-31", "symbol": "IONS", "reportedCurrency": "USD", "cik": "0000874015", "fillingDate": "1995-12-31", "acceptedDate": "1995-12-30 19:00:00", "calendarYear": "1995", "period": "FY", "revenue": 13000000, "costOfRevenue": -2800000, "grossProfit": 15800000, "grossProfitRatio": 1.2153846154, "researchAndDevelopmentExpenses": 33200000, "generalAndAdministrativeExpenses": 0, "sellingAndMarketingExpenses": 0, "sellingGeneralAndAdministrativeExpenses": 5400000, "otherExpenses": 2800000, "operatingExpenses": 41400000, "costAndExpenses": 38600000, "interestIncome": 0, "interestExpense": 0, "depreciationAndAmortization": 2800000, "ebitda": -25800000, "ebitdaratio": -1.9846153846, "operatingIncome": -25600000, "operatingIncomeRatio": -1.9692307692, "totalOtherIncomeExpensesNet": 3000000, "incomeBeforeTax": -22600000, "incomeBeforeTaxRatio": -1.7384615385, "incomeTaxExpense": -1900000, "netIncome": -23700000, "netIncomeRatio": -1.8230769231, "eps": -1.1, "epsdiluted": -1.1, "weightedAverageShsOut": 21545455, "weightedAverageShsOutDil": 21545455, "link": "", "finalLink": "", "calculatedOtherExpenses": 2800000, "calculatedOperatingExpenses": 41400000, "calculatedNetInterest": 0, "calculatedOtherIncome": 3000000, "calculatedIncomeNonControlling": 3000000, "calculatedEbitda": -22800000}, {"date": "1994-12-31", "symbol": "IONS", "reportedCurrency": "USD", "cik": "0000874015", "fillingDate": "1994-12-31", "acceptedDate": "1994-12-30 19:00:00", "calendarYear": "1994", "period": "FY", "revenue": 10100000, "costOfRevenue": -3800000, "grossProfit": 13900000, "grossProfitRatio": 1.3762376238, "researchAndDevelopmentExpenses": 26500000, "generalAndAdministrativeExpenses": 0, "sellingAndMarketingExpenses": 0, "sellingGeneralAndAdministrativeExpenses": 6000000, "otherExpenses": 3900000, "operatingExpenses": 36400000, "costAndExpenses": 32600000, "interestIncome": 0, "interestExpense": 0, "depreciationAndAmortization": 3900000, "ebitda": -24100000, "ebitdaratio": -2.3861386139, "operatingIncome": -22500000, "operatingIncomeRatio": -2.2277227723, "totalOtherIncomeExpensesNet": 5500000, "incomeBeforeTax": -17000000, "incomeBeforeTaxRatio": -1.6831683168, "incomeTaxExpense": -4300000, "netIncome": -18200000, "netIncomeRatio": -1.801980198, "eps": -0.93, "epsdiluted": -0.93, "weightedAverageShsOut": 19569892, "weightedAverageShsOutDil": 19569892, "link": "", "finalLink": "", "calculatedOtherExpenses": 3900000, "calculatedOperatingExpenses": 36400000, "calculatedNetInterest": 0, "calculatedOtherIncome": 5500000, "calculatedIncomeNonControlling": 5500000, "calculatedEbitda": -18600000}, {"date": "1993-12-31", "symbol": "IONS", "reportedCurrency": "USD", "cik": "0000874015", "fillingDate": "1993-12-31", "acceptedDate": "1993-12-30 19:00:00", "calendarYear": "1993", "period": "FY", "revenue": 12100000, "costOfRevenue": 22400000, "grossProfit": -10300000, "grossProfitRatio": -0.8512396694, "researchAndDevelopmentExpenses": 0, "generalAndAdministrativeExpenses": 0, "sellingAndMarketingExpenses": 0, "sellingGeneralAndAdministrativeExpenses": 4800000, "otherExpenses": 3200000, "operatingExpenses": 8000000, "costAndExpenses": 30400000, "interestIncome": 0, "interestExpense": 0, "depreciationAndAmortization": 3200000, "ebitda": -15100000, "ebitdaratio": -1.2479338843, "operatingIncome": -18300000, "operatingIncomeRatio": -1.5123966942, "totalOtherIncomeExpensesNet": 0, "incomeBeforeTax": 0, "incomeBeforeTaxRatio": 0, "incomeTaxExpense": 800000, "netIncome": -19100000, "netIncomeRatio": -1.5785123967, "eps": -1.22, "epsdiluted": -1.22, "weightedAverageShsOut": 15655738, "weightedAverageShsOutDil": 15655738, "link": "", "finalLink": "", "calculatedOtherExpenses": 3200000, "calculatedOperatingExpenses": 8000000, "calculatedNetInterest": 0, "calculatedOtherIncome": 18300000, "calculatedIncomeNonControlling": 18300000, "calculatedEbitda": -15100000}, {"date": "1992-12-31", "symbol": "IONS", "reportedCurrency": "USD", "cik": "0000874015", "fillingDate": "1992-12-31", "acceptedDate": "1992-12-30 19:00:00", "calendarYear": "1992", "period": "FY", "revenue": 8700000, "costOfRevenue": -2000000, "grossProfit": 10700000, "grossProfitRatio": 1.2298850575, "researchAndDevelopmentExpenses": 0, "generalAndAdministrativeExpenses": 0, "sellingAndMarketingExpenses": 0, "sellingGeneralAndAdministrativeExpenses": 30300000, "otherExpenses": 2000000, "operatingExpenses": 32300000, "costAndExpenses": 30300000, "interestIncome": 0, "interestExpense": 0, "depreciationAndAmortization": 2000000, "ebitda": -21700000, "ebitdaratio": -2.4942528736, "operatingIncome": -21600000, "operatingIncomeRatio": -2.4827586207, "totalOtherIncomeExpensesNet": 2100000, "incomeBeforeTax": -19500000, "incomeBeforeTaxRatio": -2.2413793103, "incomeTaxExpense": -2100000, "netIncome": -19500000, "netIncomeRatio": -2.2413793103, "eps": -1.51, "epsdiluted": -1.51, "weightedAverageShsOut": 12913907, "weightedAverageShsOutDil": 12913907, "link": "", "finalLink": "", "calculatedOtherExpenses": 2000000, "calculatedOperatingExpenses": 32300000, "calculatedNetInterest": 0, "calculatedOtherIncome": 2100000, "calculatedIncomeNonControlling": 2100000, "calculatedEbitda": -19600000}, {"date": "1991-12-31", "symbol": "IONS", "reportedCurrency": "USD", "cik": "0000874015", "fillingDate": "1991-12-31", "acceptedDate": "1991-12-30 19:00:00", "calendarYear": "1991", "period": "FY", "revenue": 6300000, "costOfRevenue": 11500000, "grossProfit": -5200000, "grossProfitRatio": -0.8253968254, "researchAndDevelopmentExpenses": 0, "generalAndAdministrativeExpenses": 0, "sellingAndMarketingExpenses": 0, "sellingGeneralAndAdministrativeExpenses": 4400000, "otherExpenses": 900000, "operatingExpenses": 5300000, "costAndExpenses": 16800000, "interestIncome": 0, "interestExpense": 0, "depreciationAndAmortization": 900000, "ebitda": -11400000, "ebitdaratio": -1.8095238095, "operatingIncome": -10500000, "operatingIncomeRatio": -1.6666666667, "totalOtherIncomeExpensesNet": 1800000, "incomeBeforeTax": -8700000, "incomeBeforeTaxRatio": -1.380952381, "incomeTaxExpense": -1800000, "netIncome": -8700000, "netIncomeRatio": -1.380952381, "eps": -0.84, "epsdiluted": -0.84, "weightedAverageShsOut": 10357143, "weightedAverageShsOutDil": 10357143, "link": "", "finalLink": "", "calculatedOtherExpenses": 900000, "calculatedOperatingExpenses": 5300000, "calculatedNetInterest": 0, "calculatedOtherIncome": 1800000, "calculatedIncomeNonControlling": 1800000, "calculatedEbitda": -9600000}, {"date": "1990-12-31", "symbol": "IONS", "reportedCurrency": "USD", "cik": "0000874015", "fillingDate": "1990-12-31", "acceptedDate": "1990-12-30 19:00:00", "calendarYear": "1990", "period": "FY", "revenue": 2000000, "costOfRevenue": 4400000, "grossProfit": -2400000, "grossProfitRatio": -1.2, "researchAndDevelopmentExpenses": 0, "generalAndAdministrativeExpenses": 0, "sellingAndMarketingExpenses": 0, "sellingGeneralAndAdministrativeExpenses": 1700000, "otherExpenses": 400000, "operatingExpenses": 2100000, "costAndExpenses": 6500000, "interestIncome": 0, "interestExpense": 0, "depreciationAndAmortization": 400000, "ebitda": -4100000, "ebitdaratio": -2.05, "operatingIncome": -4500000, "operatingIncomeRatio": -2.25, "totalOtherIncomeExpensesNet": 0, "incomeBeforeTax": 0, "incomeBeforeTaxRatio": 0, "incomeTaxExpense": 0, "netIncome": -4500000, "netIncomeRatio": -2.25, "eps": -0.7, "epsdiluted": -0.7, "weightedAverageShsOut": 6428571, "weightedAverageShsOutDil": 6428571, "link": "", "finalLink": "", "calculatedOtherExpenses": 400000, "calculatedOperatingExpenses": 2100000, "calculatedNetInterest": 0, "calculatedOtherIncome": 4500000, "calculatedIncomeNonControlling": 4500000, "calculatedEbitda": -4100000}]}