{"originalCurrency": "USD", "convertedCurrency": "USD", "report": [{"date": "2023-12-31", "symbol": "IOSP", "reportedCurrency": "USD", "cik": "0001054905", "fillingDate": "2024-02-14", "acceptedDate": "2024-02-14 09:29:42", "calendarYear": "2023", "period": "FY", "revenue": 1948800000, "costOfRevenue": 1366000000, "grossProfit": 582800000, "grossProfitRatio": 0.2990558292, "researchAndDevelopmentExpenses": 41700000, "generalAndAdministrativeExpenses": 0, "sellingAndMarketingExpenses": 0, "sellingGeneralAndAdministrativeExpenses": 376400000, "otherExpenses": 6900000, "operatingExpenses": 418100000, "costAndExpenses": 1784100000, "interestIncome": 2300000, "interestExpense": 2300000, "depreciationAndAmortization": 47400000, "ebitda": 212100000, "ebitdaratio": 0.1088362069, "operatingIncome": 164700000, "operatingIncomeRatio": 0.0845135468, "totalOtherIncomeExpensesNet": 9700000, "incomeBeforeTax": 174400000, "incomeBeforeTaxRatio": 0.0894909688, "incomeTaxExpense": 35300000, "netIncome": 139100000, "netIncomeRatio": 0.0713772578, "eps": 5.6, "epsdiluted": 5.56, "weightedAverageShsOut": 24851000, "weightedAverageShsOutDil": 25022000, "link": "https://www.sec.gov/Archives/edgar/data/1054905/000095017024014960/0000950170-24-014960-index.htm", "finalLink": "https://www.sec.gov/Archives/edgar/data/1054905/000095017024014960/iosp-20231231.htm", "calculatedOtherExpenses": 0, "calculatedOperatingExpenses": 418100000, "calculatedNetInterest": 0, "calculatedOtherIncome": 9700000, "calculatedIncomeNonControlling": 0, "calculatedEbitda": 212100000}, {"date": "2022-12-31", "symbol": "IOSP", "reportedCurrency": "USD", "cik": "0001054905", "fillingDate": "2023-02-22", "acceptedDate": "2023-02-22 11:04:18", "calendarYear": "2022", "period": "FY", "revenue": 1963700000, "costOfRevenue": 1377000000, "grossProfit": 586700000, "grossProfitRatio": 0.298772725, "researchAndDevelopmentExpenses": 38700000, "generalAndAdministrativeExpenses": 0, "sellingAndMarketingExpenses": 0, "sellingGeneralAndAdministrativeExpenses": 360700000, "otherExpenses": -1600000, "operatingExpenses": 399400000, "costAndExpenses": 1776400000, "interestIncome": 1100000, "interestExpense": 1100000, "depreciationAndAmortization": 38500000, "ebitda": 225800000, "ebitdaratio": 0.1149870143, "operatingIncome": 187300000, "operatingIncomeRatio": 0.0953811682, "totalOtherIncomeExpensesNet": -2700000, "incomeBeforeTax": 184600000, "incomeBeforeTaxRatio": 0.0940062128, "incomeTaxExpense": 51600000, "netIncome": 133000000, "netIncomeRatio": 0.0677292866, "eps": 5.37, "epsdiluted": 5.32, "weightedAverageShsOut": 24787000, "weightedAverageShsOutDil": 24982000, "link": "https://www.sec.gov/Archives/edgar/data/1054905/000119312523044405/0001193125-23-044405-index.htm", "finalLink": "https://www.sec.gov/Archives/edgar/data/1054905/000119312523044405/d260528d10k.htm", "calculatedOtherExpenses": 0, "calculatedOperatingExpenses": 399400000, "calculatedNetInterest": 0, "calculatedOtherIncome": -2700000, "calculatedIncomeNonControlling": 0, "calculatedEbitda": 225800000}, {"date": "2021-12-31", "symbol": "IOSP", "reportedCurrency": "USD", "cik": "0001054905", "fillingDate": "2022-02-16", "acceptedDate": "2022-02-16 11:04:41", "calendarYear": "2021", "period": "FY", "revenue": 1483400000, "costOfRevenue": 1048500000, "grossProfit": 434900000, "grossProfitRatio": 0.2931778347, "researchAndDevelopmentExpenses": 37400000, "generalAndAdministrativeExpenses": 0, "sellingAndMarketingExpenses": 0, "sellingGeneralAndAdministrativeExpenses": 267200000, "otherExpenses": 3800000, "operatingExpenses": 304600000, "costAndExpenses": 1353100000, "interestIncome": 1500000, "interestExpense": 1500000, "depreciationAndAmortization": 44700000, "ebitda": 176800000, "ebitdaratio": 0.1191856546, "operatingIncome": 132100000, "operatingIncomeRatio": 0.0890521774, "totalOtherIncomeExpensesNet": 2300000, "incomeBeforeTax": 134400000, "incomeBeforeTaxRatio": 0.0906026695, "incomeTaxExpense": 41300000, "netIncome": 93100000, "netIncomeRatio": 0.0627612242, "eps": 3.78, "epsdiluted": 3.75, "weightedAverageShsOut": 24647000, "weightedAverageShsOutDil": 24854000, "link": "https://www.sec.gov/Archives/edgar/data/1054905/000119312522044144/0001193125-22-044144-index.htm", "finalLink": "https://www.sec.gov/Archives/edgar/data/1054905/000119312522044144/d268415d10k.htm", "calculatedOtherExpenses": -1800000, "calculatedOperatingExpenses": 302800000, "calculatedNetInterest": 0, "calculatedOtherIncome": 2300000, "calculatedIncomeNonControlling": 0, "calculatedEbitda": 176800000}, {"date": "2020-12-31", "symbol": "IOSP", "reportedCurrency": "USD", "cik": "0001054905", "fillingDate": "2021-02-17", "acceptedDate": "2021-02-17 11:06:25", "calendarYear": "2020", "period": "FY", "revenue": 1193100000, "costOfRevenue": 850400000, "grossProfit": 342700000, "grossProfitRatio": 0.2872349342, "researchAndDevelopmentExpenses": 30900000, "generalAndAdministrativeExpenses": 0, "sellingAndMarketingExpenses": 0, "sellingGeneralAndAdministrativeExpenses": 237000000, "otherExpenses": 7800000, "operatingExpenses": 267900000, "costAndExpenses": 1118300000, "interestIncome": 1800000, "interestExpense": 1800000, "depreciationAndAmortization": 46000000, "ebitda": 128600000, "ebitdaratio": 0.1077864387, "operatingIncome": 82600000, "operatingIncomeRatio": 0.069231414, "totalOtherIncomeExpensesNet": -42900000, "incomeBeforeTax": 39700000, "incomeBeforeTaxRatio": 0.0332746626, "incomeTaxExpense": 11000000, "netIncome": 28700000, "netIncomeRatio": 0.0240549828, "eps": 1.17, "epsdiluted": 1.16, "weightedAverageShsOut": 24563000, "weightedAverageShsOutDil": 24779000, "link": "https://www.sec.gov/Archives/edgar/data/1054905/000119312521046094/0001193125-21-046094-index.htm", "finalLink": "https://www.sec.gov/Archives/edgar/data/1054905/000119312521046094/d123834d10k.htm", "calculatedOtherExpenses": -7800000, "calculatedOperatingExpenses": 260100000, "calculatedNetInterest": 0, "calculatedOtherIncome": -42900000, "calculatedIncomeNonControlling": 0, "calculatedEbitda": 128600000}, {"date": "2019-12-31", "symbol": "IOSP", "reportedCurrency": "USD", "cik": "0001054905", "fillingDate": "2020-02-19", "acceptedDate": "2020-02-19 10:37:15", "calendarYear": "2019", "period": "FY", "revenue": 1513300000, "costOfRevenue": 1047100000, "grossProfit": 466200000, "grossProfitRatio": 0.3080684597, "researchAndDevelopmentExpenses": 35400000, "generalAndAdministrativeExpenses": 0, "sellingAndMarketingExpenses": 0, "sellingGeneralAndAdministrativeExpenses": 280900000, "otherExpenses": 5300000, "operatingExpenses": 316300000, "costAndExpenses": 1363400000, "interestIncome": 4800000, "interestExpense": 4800000, "depreciationAndAmortization": 52900000, "ebitda": 202800000, "ebitdaratio": 0.1340117624, "operatingIncome": 149900000, "operatingIncomeRatio": 0.0990550453, "totalOtherIncomeExpensesNet": 500000, "incomeBeforeTax": 150400000, "incomeBeforeTaxRatio": 0.099385449, "incomeTaxExpense": 38200000, "netIncome": 112200000, "netIncomeRatio": 0.0741426023, "eps": 4.58, "epsdiluted": 4.54, "weightedAverageShsOut": 24482000, "weightedAverageShsOutDil": 24728000, "link": "https://www.sec.gov/Archives/edgar/data/1054905/000119312520041516/0001193125-20-041516-index.htm", "finalLink": "https://www.sec.gov/Archives/edgar/data/1054905/000119312520041516/d853900d10k.htm", "calculatedOtherExpenses": 0, "calculatedOperatingExpenses": 316300000, "calculatedNetInterest": 0, "calculatedOtherIncome": 500000, "calculatedIncomeNonControlling": 0, "calculatedEbitda": 202800000}, {"date": "2018-12-31", "symbol": "IOSP", "reportedCurrency": "USD", "cik": "0001054905", "fillingDate": "2019-02-20", "acceptedDate": "2019-02-20 10:39:26", "calendarYear": "2018", "period": "FY", "revenue": 1476900000, "costOfRevenue": 1041900000, "grossProfit": 435000000, "grossProfitRatio": 0.2945358521, "researchAndDevelopmentExpenses": 33400000, "generalAndAdministrativeExpenses": 0, "sellingAndMarketingExpenses": 0, "sellingGeneralAndAdministrativeExpenses": 261000000, "otherExpenses": 5000000, "operatingExpenses": 294400000, "costAndExpenses": 1336300000, "interestIncome": 0, "interestExpense": 6900000, "depreciationAndAmortization": 49600000, "ebitda": 195200000, "ebitdaratio": 0.1321687318, "operatingIncome": 133500000, "operatingIncomeRatio": 0.0903920374, "totalOtherIncomeExpensesNet": -2100000, "incomeBeforeTax": 131600000, "incomeBeforeTaxRatio": 0.0891055589, "incomeTaxExpense": 46600000, "netIncome": 85000000, "netIncomeRatio": 0.0575529826, "eps": 3.48, "epsdiluted": 3.45, "weightedAverageShsOut": 24401000, "weightedAverageShsOutDil": 24603000, "link": "https://www.sec.gov/Archives/edgar/data/1054905/000119312519044946/0001193125-19-044946-index.htm", "finalLink": "https://www.sec.gov/Archives/edgar/data/1054905/000119312519044946/d658350d10k.htm", "calculatedOtherExpenses": 7100000, "calculatedOperatingExpenses": 301500000, "calculatedNetInterest": -6900000, "calculatedOtherIncome": 5000000, "calculatedIncomeNonControlling": 0, "calculatedEbitda": 183100000}, {"date": "2017-12-31", "symbol": "IOSP", "reportedCurrency": "USD", "cik": "0001054905", "fillingDate": "2018-02-15", "acceptedDate": "2018-02-15 17:13:26", "calendarYear": "2017", "period": "FY", "revenue": 1306800000, "costOfRevenue": 903500000, "grossProfit": 403300000, "grossProfitRatio": 0.3086164677, "researchAndDevelopmentExpenses": 31400000, "generalAndAdministrativeExpenses": 0, "sellingAndMarketingExpenses": 0, "sellingGeneralAndAdministrativeExpenses": 239500000, "otherExpenses": 6600000, "operatingExpenses": 270900000, "costAndExpenses": 1174400000, "interestIncome": 0, "interestExpense": 8200000, "depreciationAndAmortization": 50400000, "ebitda": 189400000, "ebitdaratio": 0.1449341904, "operatingIncome": 129700000, "operatingIncomeRatio": 0.0992500765, "totalOtherIncomeExpensesNet": 3900000, "incomeBeforeTax": 128100000, "incomeBeforeTaxRatio": 0.0980257117, "incomeTaxExpense": 66300000, "netIncome": 61800000, "netIncomeRatio": 0.0472910927, "eps": 2.56, "epsdiluted": 2.52, "weightedAverageShsOut": 24148000, "weightedAverageShsOutDil": 24486000, "link": "https://www.sec.gov/Archives/edgar/data/1054905/000119312518047390/0001193125-18-047390-index.htm", "finalLink": "https://www.sec.gov/Archives/edgar/data/1054905/000119312518047390/d491621d10k.htm", "calculatedOtherExpenses": 2700000, "calculatedOperatingExpenses": 273600000, "calculatedNetInterest": -8200000, "calculatedOtherIncome": 6600000, "calculatedIncomeNonControlling": 0, "calculatedEbitda": 180100000}, {"date": "2016-12-31", "symbol": "IOSP", "reportedCurrency": "USD", "cik": "0001054905", "fillingDate": "2017-02-15", "acceptedDate": "2017-02-15 15:12:15", "calendarYear": "2016", "period": "FY", "revenue": 883400000, "costOfRevenue": 551100000, "grossProfit": 332300000, "grossProfitRatio": 0.3761602898, "researchAndDevelopmentExpenses": 25400000, "generalAndAdministrativeExpenses": 0, "sellingAndMarketingExpenses": 0, "sellingGeneralAndAdministrativeExpenses": 209500000, "otherExpenses": 900000, "operatingExpenses": 234900000, "costAndExpenses": 786000000, "interestIncome": 0, "interestExpense": 3200000, "depreciationAndAmortization": 38100000, "ebitda": 136400000, "ebitdaratio": 0.1544034412, "operatingIncome": 105400000, "operatingIncomeRatio": 0.1193117501, "totalOtherIncomeExpensesNet": 8900000, "incomeBeforeTax": 103100000, "incomeBeforeTaxRatio": 0.116708173, "incomeTaxExpense": 21800000, "netIncome": 81300000, "netIncomeRatio": 0.0920307901, "eps": 3.39, "epsdiluted": 3.33, "weightedAverageShsOut": 23998000, "weightedAverageShsOutDil": 24442000, "link": "https://www.sec.gov/Archives/edgar/data/1054905/000119312517045109/0001193125-17-045109-index.htm", "finalLink": "https://www.sec.gov/Archives/edgar/data/1054905/000119312517045109/d303010d10k.htm", "calculatedOtherExpenses": -8000000, "calculatedOperatingExpenses": 226900000, "calculatedNetInterest": -3200000, "calculatedOtherIncome": 900000, "calculatedIncomeNonControlling": 0, "calculatedEbitda": 143500000}, {"date": "2015-12-31", "symbol": "IOSP", "reportedCurrency": "USD", "cik": "0001054905", "fillingDate": "2016-02-17", "acceptedDate": "2016-02-17 11:31:54", "calendarYear": "2015", "period": "FY", "revenue": 1012300000, "costOfRevenue": 666300000, "grossProfit": 346000000, "grossProfitRatio": 0.3417959103, "researchAndDevelopmentExpenses": 25300000, "generalAndAdministrativeExpenses": 0, "sellingAndMarketingExpenses": 0, "sellingGeneralAndAdministrativeExpenses": 206700000, "otherExpenses": 0, "operatingExpenses": 232000000, "costAndExpenses": 898300000, "interestIncome": 0, "interestExpense": 4000000, "depreciationAndAmortization": 35200000, "ebitda": 149200000, "ebitdaratio": 0.1473871382, "operatingIncome": 156300000, "operatingIncomeRatio": 0.1544008693, "totalOtherIncomeExpensesNet": 42300000, "incomeBeforeTax": 152300000, "incomeBeforeTaxRatio": 0.1504494715, "incomeTaxExpense": 32800000, "netIncome": 119500000, "netIncomeRatio": 0.1180480095, "eps": 4.96, "epsdiluted": 4.86, "weightedAverageShsOut": 24107000, "weightedAverageShsOutDil": 24612000, "link": "https://www.sec.gov/Archives/edgar/data/1054905/000119312516466575/0001193125-16-466575-index.htm", "finalLink": "https://www.sec.gov/Archives/edgar/data/1054905/000119312516466575/d30410d10k.htm", "calculatedOtherExpenses": -42300000, "calculatedOperatingExpenses": 189700000, "calculatedNetInterest": -4000000, "calculatedOtherIncome": 0, "calculatedIncomeNonControlling": 0, "calculatedEbitda": 191500000}, {"date": "2014-12-31", "symbol": "IOSP", "reportedCurrency": "USD", "cik": "0001054905", "fillingDate": "2015-02-17", "acceptedDate": "2015-02-17 19:34:32", "calendarYear": "2014", "period": "FY", "revenue": 960900000, "costOfRevenue": 658900000, "grossProfit": 302000000, "grossProfitRatio": 0.3142886877, "researchAndDevelopmentExpenses": 22200000, "generalAndAdministrativeExpenses": 0, "sellingAndMarketingExpenses": 0, "sellingGeneralAndAdministrativeExpenses": 169200000, "otherExpenses": 1800000, "operatingExpenses": 191400000, "costAndExpenses": 850300000, "interestIncome": 400000, "interestExpense": 3400000, "depreciationAndAmortization": 29100000, "ebitda": 141500000, "ebitdaratio": 0.1472577792, "operatingIncome": 112500000, "operatingIncomeRatio": 0.1170777396, "totalOtherIncomeExpensesNet": 3700000, "incomeBeforeTax": 110900000, "incomeBeforeTaxRatio": 0.115412634, "incomeTaxExpense": 26800000, "netIncome": 84100000, "netIncomeRatio": 0.0875221147, "eps": 3.45, "epsdiluted": 3.38, "weightedAverageShsOut": 24391000, "weightedAverageShsOutDil": 24878000, "link": "https://www.sec.gov/Archives/edgar/data/1054905/000156459015000732/0001564590-15-000732-index.htm", "finalLink": "https://www.sec.gov/Archives/edgar/data/1054905/000156459015000732/d832020d10k.htm", "calculatedOtherExpenses": -1900000, "calculatedOperatingExpenses": 189500000, "calculatedNetInterest": -3000000, "calculatedOtherIncome": 1400000, "calculatedIncomeNonControlling": 0, "calculatedEbitda": 141600000}, {"date": "2013-12-31", "symbol": "IOSP", "reportedCurrency": "USD", "cik": "0001054905", "fillingDate": "2014-02-13", "acceptedDate": "2014-02-13 15:22:44", "calendarYear": "2013", "period": "FY", "revenue": 818800000, "costOfRevenue": 563600000, "grossProfit": 255200000, "grossProfitRatio": 0.3116756229, "researchAndDevelopmentExpenses": 21200000, "generalAndAdministrativeExpenses": 0, "sellingAndMarketingExpenses": 0, "sellingGeneralAndAdministrativeExpenses": 141900000, "otherExpenses": 4100000, "operatingExpenses": 163100000, "costAndExpenses": 726700000, "interestIncome": 400000, "interestExpense": 2300000, "depreciationAndAmortization": 20400000, "ebitda": 117000000, "ebitdaratio": 0.1428920371, "operatingIncome": 90600000, "operatingIncomeRatio": 0.1106497313, "totalOtherIncomeExpensesNet": 2600000, "incomeBeforeTax": 92800000, "incomeBeforeTaxRatio": 0.1133365901, "incomeTaxExpense": 15000000, "netIncome": 77800000, "netIncomeRatio": 0.0950170982, "eps": 3.29, "epsdiluted": 3.22, "weightedAverageShsOut": 23651000, "weightedAverageShsOutDil": 24156000, "link": "https://www.sec.gov/Archives/edgar/data/1054905/000119312514050831/0001193125-14-050831-index.htm", "finalLink": "https://www.sec.gov/Archives/edgar/data/1054905/000119312514050831/d637782d10k.htm", "calculatedOtherExpenses": 1500000, "calculatedOperatingExpenses": 164600000, "calculatedNetInterest": -1900000, "calculatedOtherIncome": 4100000, "calculatedIncomeNonControlling": 0, "calculatedEbitda": 111000000}, {"date": "2012-12-31", "symbol": "IOSP", "reportedCurrency": "USD", "cik": "0001054905", "fillingDate": "2013-02-13", "acceptedDate": "2013-02-13 16:01:11", "calendarYear": "2012", "period": "FY", "revenue": 776400000, "costOfRevenue": 540000000, "grossProfit": 236400000, "grossProfitRatio": 0.3044822257, "researchAndDevelopmentExpenses": 19600000, "generalAndAdministrativeExpenses": 0, "sellingAndMarketingExpenses": 0, "sellingGeneralAndAdministrativeExpenses": 117100000, "otherExpenses": -2000000, "operatingExpenses": 136700000, "costAndExpenses": 676700000, "interestIncome": 600000, "interestExpense": 1800000, "depreciationAndAmortization": 11500000, "ebitda": 109800000, "ebitdaratio": 0.1414219474, "operatingIncome": 98400000, "operatingIncomeRatio": 0.1267387944, "totalOtherIncomeExpensesNet": -3300000, "incomeBeforeTax": 95200000, "incomeBeforeTaxRatio": 0.1226172076, "incomeTaxExpense": 26900000, "netIncome": 68300000, "netIncomeRatio": 0.0879701185, "eps": 2.89, "epsdiluted": 2.81, "weightedAverageShsOut": 23187000, "weightedAverageShsOutDil": 23850000, "link": "https://www.sec.gov/Archives/edgar/data/1054905/000119312513055257/0001193125-13-055257-index.htm", "finalLink": "https://www.sec.gov/Archives/edgar/data/1054905/000119312513055257/d444670d10k.htm", "calculatedOtherExpenses": 1300000, "calculatedOperatingExpenses": 138000000, "calculatedNetInterest": -1200000, "calculatedOtherIncome": -2000000, "calculatedIncomeNonControlling": 0, "calculatedEbitda": 109900000}, {"date": "2011-12-31", "symbol": "IOSP", "reportedCurrency": "USD", "cik": "0001054905", "fillingDate": "2012-02-17", "acceptedDate": "2012-02-17 15:58:15", "calendarYear": "2011", "period": "FY", "revenue": 774400000, "costOfRevenue": 548000000, "grossProfit": 226400000, "grossProfitRatio": 0.2923553719, "researchAndDevelopmentExpenses": 18300000, "generalAndAdministrativeExpenses": 0, "sellingAndMarketingExpenses": 0, "sellingGeneralAndAdministrativeExpenses": 155900000, "otherExpenses": 0, "operatingExpenses": 174200000, "costAndExpenses": 722200000, "interestIncome": 600000, "interestExpense": 3300000, "depreciationAndAmortization": 14400000, "ebitda": 66600000, "ebitdaratio": 0.0860020661, "operatingIncome": 49600000, "operatingIncomeRatio": 0.0640495868, "totalOtherIncomeExpensesNet": 3700000, "incomeBeforeTax": 52600000, "incomeBeforeTaxRatio": 0.0679235537, "incomeTaxExpense": 3700000, "netIncome": 48900000, "netIncomeRatio": 0.0631456612, "eps": 2.07, "epsdiluted": 1.99, "weightedAverageShsOut": 24520000, "weightedAverageShsOutDil": 24572864, "link": "https://www.sec.gov/Archives/edgar/data/1054905/000119312512067402/0001193125-12-067402-index.htm", "finalLink": "https://www.sec.gov/Archives/edgar/data/1054905/000119312512067402/d279557d10k.htm", "calculatedOtherExpenses": 2600000, "calculatedOperatingExpenses": 176800000, "calculatedNetInterest": -2700000, "calculatedOtherIncome": 5700000, "calculatedIncomeNonControlling": 0, "calculatedEbitda": 64000000}, {"date": "2010-12-31", "symbol": "IOSP", "reportedCurrency": "USD", "cik": "0001054905", "fillingDate": "2011-02-18", "acceptedDate": "2011-02-18 06:13:47", "calendarYear": "2010", "period": "FY", "revenue": 683200000, "costOfRevenue": 466000000, "grossProfit": 217200000, "grossProfitRatio": 0.3179156909, "researchAndDevelopmentExpenses": 17600000, "generalAndAdministrativeExpenses": 0, "sellingAndMarketingExpenses": 0, "sellingGeneralAndAdministrativeExpenses": 111900000, "otherExpenses": 4600000, "operatingExpenses": 134100000, "costAndExpenses": 600100000, "interestIncome": 500000, "interestExpense": 4600000, "depreciationAndAmortization": 15400000, "ebitda": 98500000, "ebitdaratio": 0.1441744731, "operatingIncome": 72200000, "operatingIncomeRatio": 0.1056791569, "totalOtherIncomeExpensesNet": -7800000, "incomeBeforeTax": 70700000, "incomeBeforeTaxRatio": 0.1034836066, "incomeTaxExpense": -3000000, "netIncome": 73700000, "netIncomeRatio": 0.1078747073, "eps": 3.1, "epsdiluted": 2.97, "weightedAverageShsOut": 23756000, "weightedAverageShsOutDil": 24814000, "link": "https://www.sec.gov/Archives/edgar/data/1054905/000119312511039677/0001193125-11-039677-index.htm", "finalLink": "https://www.sec.gov/Archives/edgar/data/1054905/000119312511039677/d10k.htm", "calculatedOtherExpenses": 15500000, "calculatedOperatingExpenses": 145000000, "calculatedNetInterest": -4100000, "calculatedOtherIncome": 2600000, "calculatedIncomeNonControlling": 0, "calculatedEbitda": 87600000}, {"date": "2009-12-31", "symbol": "IOSP", "reportedCurrency": "USD", "cik": "0001054905", "fillingDate": "2010-02-19", "acceptedDate": "2010-02-19 06:17:11", "calendarYear": "2009", "period": "FY", "revenue": 598500000, "costOfRevenue": 409200000, "grossProfit": 189300000, "grossProfitRatio": 0.3162907268, "researchAndDevelopmentExpenses": 16400000, "generalAndAdministrativeExpenses": 0, "sellingAndMarketingExpenses": 0, "sellingGeneralAndAdministrativeExpenses": 142500000, "otherExpenses": 4700000, "operatingExpenses": 163600000, "costAndExpenses": 572800000, "interestIncome": 300000, "interestExpense": 6000000, "depreciationAndAmortization": 18400000, "ebitda": 44100000, "ebitdaratio": 0.0736842105, "operatingIncome": 20700000, "operatingIncomeRatio": 0.0345864662, "totalOtherIncomeExpensesNet": -1400000, "incomeBeforeTax": 18300000, "incomeBeforeTaxRatio": 0.0305764411, "incomeTaxExpense": 11900000, "netIncome": 6400000, "netIncomeRatio": 0.0106934002, "eps": 0.27, "epsdiluted": 0.26, "weightedAverageShsOut": 23642000, "weightedAverageShsOutDil": 24714000, "link": "https://www.sec.gov/Archives/edgar/data/1054905/000119312510034634/0001193125-10-034634-index.htm", "finalLink": "https://www.sec.gov/Archives/edgar/data/1054905/000119312510034634/d10k.htm", "calculatedOtherExpenses": 9700000, "calculatedOperatingExpenses": 168600000, "calculatedNetInterest": -5700000, "calculatedOtherIncome": 3300000, "calculatedIncomeNonControlling": 0, "calculatedEbitda": 39100000}, {"date": "2008-12-31", "symbol": "IOSP", "reportedCurrency": "USD", "cik": "0001054905", "fillingDate": "2009-02-20", "acceptedDate": "2009-02-20 11:37:11", "calendarYear": "2008", "period": "FY", "revenue": 640500000, "costOfRevenue": 454100000, "grossProfit": 186400000, "grossProfitRatio": 0.2910226386, "researchAndDevelopmentExpenses": 14800000, "generalAndAdministrativeExpenses": 0, "sellingAndMarketingExpenses": 0, "sellingGeneralAndAdministrativeExpenses": 115200000, "otherExpenses": 7000000, "operatingExpenses": 137000000, "costAndExpenses": 591100000, "interestIncome": 1000000, "interestExpense": 6400000, "depreciationAndAmortization": 23000000, "ebitda": 97500000, "ebitdaratio": 0.1522248244, "operatingIncome": 43600000, "operatingIncomeRatio": 0.0680718189, "totalOtherIncomeExpensesNet": -25100000, "incomeBeforeTax": 18800000, "incomeBeforeTaxRatio": 0.0293520687, "incomeTaxExpense": 6300000, "netIncome": 12500000, "netIncomeRatio": 0.0195160031, "eps": 0.53, "epsdiluted": 0.51, "weightedAverageShsOut": 23595000, "weightedAverageShsOutDil": 24391000, "link": "https://www.sec.gov/Archives/edgar/data/1054905/000119312509033826/0001193125-09-033826-index.htm", "finalLink": "https://www.sec.gov/Archives/edgar/data/1054905/000119312509033826/d10k.htm", "calculatedOtherExpenses": 12800000, "calculatedOperatingExpenses": 142800000, "calculatedNetInterest": -5400000, "calculatedOtherIncome": -19400000, "calculatedIncomeNonControlling": 0, "calculatedEbitda": 66600000}, {"date": "2007-12-31", "symbol": "IOSP", "reportedCurrency": "USD", "cik": "0001054905", "fillingDate": "2008-02-25", "acceptedDate": "2008-02-25 13:19:46", "calendarYear": "2007", "period": "FY", "revenue": 602400000, "costOfRevenue": 405000000, "grossProfit": 197400000, "grossProfitRatio": 0.327689243, "researchAndDevelopmentExpenses": 13600000, "generalAndAdministrativeExpenses": 0, "sellingAndMarketingExpenses": 0, "sellingGeneralAndAdministrativeExpenses": 103900000, "otherExpenses": 29000000, "operatingExpenses": 146500000, "costAndExpenses": 551500000, "interestIncome": 2500000, "interestExpense": -9500000, "depreciationAndAmortization": 31300000, "ebitda": 90400000, "ebitdaratio": 0.1500664011, "operatingIncome": 47900000, "operatingIncomeRatio": 0.0795152722, "totalOtherIncomeExpensesNet": -8200000, "incomeBeforeTax": 47700000, "incomeBeforeTaxRatio": 0.0791832669, "incomeTaxExpense": 18200000, "netIncome": 29500000, "netIncomeRatio": 0.0489707835, "eps": 1.23, "epsdiluted": 1.19, "weightedAverageShsOut": 23920000, "weightedAverageShsOutDil": 24838000, "link": "https://www.sec.gov/Archives/edgar/data/1054905/000119312508037222/0001193125-08-037222-index.htm", "finalLink": "https://www.sec.gov/Archives/edgar/data/1054905/000119312508037222/d10k.htm", "calculatedOtherExpenses": 32000000, "calculatedOperatingExpenses": 149500000, "calculatedNetInterest": 12000000, "calculatedOtherIncome": -12200000, "calculatedIncomeNonControlling": 0, "calculatedEbitda": 79200000}, {"date": "2006-12-31", "symbol": "IOSP", "reportedCurrency": "USD", "cik": "0001054905", "fillingDate": "2007-03-16", "acceptedDate": "2007-03-16 07:36:05", "calendarYear": "2006", "period": "FY", "revenue": 532100000, "costOfRevenue": 345400000, "grossProfit": 186700000, "grossProfitRatio": 0.3508738959, "researchAndDevelopmentExpenses": 11100000, "generalAndAdministrativeExpenses": 0, "sellingAndMarketingExpenses": 0, "sellingGeneralAndAdministrativeExpenses": 99000000, "otherExpenses": 40200000, "operatingExpenses": 150300000, "costAndExpenses": 495700000, "interestIncome": 5300000, "interestExpense": -12100000, "depreciationAndAmortization": 27400000, "ebitda": 89000000, "ebitdaratio": 0.1672617929, "operatingIncome": 31900000, "operatingIncomeRatio": 0.059951137, "totalOtherIncomeExpensesNet": -25200000, "incomeBeforeTax": 31900000, "incomeBeforeTaxRatio": 0.059951137, "incomeTaxExpense": 20400000, "netIncome": 11400000, "netIncomeRatio": 0.0214245443, "eps": 0.47, "epsdiluted": 0.45, "weightedAverageShsOut": 24142000, "weightedAverageShsOutDil": 25340000, "link": "https://www.sec.gov/Archives/edgar/data/1054905/000119312507056290/0001193125-07-056290-index.htm", "finalLink": "https://www.sec.gov/Archives/edgar/data/1054905/000119312507056290/d10k.htm", "calculatedOtherExpenses": 44700000, "calculatedOperatingExpenses": 154800000, "calculatedNetInterest": 17400000, "calculatedOtherIncome": -17400000, "calculatedIncomeNonControlling": 100000, "calculatedEbitda": 59300000}, {"date": "2005-12-31", "symbol": "IOSP", "reportedCurrency": "USD", "cik": "0001054905", "fillingDate": "2006-03-16", "acceptedDate": "2006-03-16 16:49:13", "calendarYear": "2005", "period": "FY", "revenue": 527700000, "costOfRevenue": 338200000, "grossProfit": 189500000, "grossProfitRatio": 0.3591055524, "researchAndDevelopmentExpenses": 11200000, "generalAndAdministrativeExpenses": 0, "sellingAndMarketingExpenses": 0, "sellingGeneralAndAdministrativeExpenses": 97600000, "otherExpenses": 147100000, "operatingExpenses": 255900000, "costAndExpenses": 594100000, "interestIncome": 1900000, "interestExpense": -9500000, "depreciationAndAmortization": 28700000, "ebitda": 140600000, "ebitdaratio": 0.2664392647, "operatingIncome": -97700000, "operatingIncomeRatio": -0.1851430737, "totalOtherIncomeExpensesNet": -178300000, "incomeBeforeTax": -118100000, "incomeBeforeTaxRatio": -0.2238014023, "incomeTaxExpense": 4200000, "netIncome": -123700000, "netIncomeRatio": -0.2344134925, "eps": -5, "epsdiluted": -5, "weightedAverageShsOut": 24736000, "weightedAverageShsOutDil": 24736000, "link": "https://www.sec.gov/Archives/edgar/data/1054905/000119312506056797/0001193125-06-056797-index.htm", "finalLink": "https://www.sec.gov/Archives/edgar/data/1054905/000119312506056797/d10k.htm", "calculatedOtherExpenses": 178400000, "calculatedOperatingExpenses": 287200000, "calculatedNetInterest": 11400000, "calculatedOtherIncome": -31800000, "calculatedIncomeNonControlling": 1400000, "calculatedEbitda": -69000000}, {"date": "2004-12-31", "symbol": "IOSP", "reportedCurrency": "USD", "cik": "0001054905", "fillingDate": "2005-03-31", "acceptedDate": "2005-03-31 15:19:44", "calendarYear": "2004", "period": "FY", "revenue": 480500000, "costOfRevenue": 271000000, "grossProfit": 209500000, "grossProfitRatio": 0.4360041623, "researchAndDevelopmentExpenses": 10500000, "generalAndAdministrativeExpenses": 0, "sellingAndMarketingExpenses": 0, "sellingGeneralAndAdministrativeExpenses": 93400000, "otherExpenses": 56300000, "operatingExpenses": 160200000, "costAndExpenses": 431200000, "interestIncome": 0, "interestExpense": 0, "depreciationAndAmortization": 24400000, "ebitda": 130400000, "ebitdaratio": 0.271383975, "operatingIncome": 40800000, "operatingIncomeRatio": 0.0849115505, "totalOtherIncomeExpensesNet": -56700000, "incomeBeforeTax": 31100000, "incomeBeforeTaxRatio": 0.0647242456, "incomeTaxExpense": 20000000, "netIncome": 6200000, "netIncomeRatio": 0.0129032258, "eps": 0.25, "epsdiluted": 0.24, "weightedAverageShsOut": 24690000, "weightedAverageShsOutDil": 25978000, "link": "https://www.sec.gov/Archives/edgar/data/1054905/000119312505066950/0001193125-05-066950-index.htm", "finalLink": "https://www.sec.gov/Archives/edgar/data/1054905/000119312505066950/d10k.htm", "calculatedOtherExpenses": 64800000, "calculatedOperatingExpenses": 168700000, "calculatedNetInterest": 0, "calculatedOtherIncome": -9700000, "calculatedIncomeNonControlling": 4900000, "calculatedEbitda": 65200000}, {"date": "2003-12-31", "symbol": "IOSP", "reportedCurrency": "USD", "cik": "0001054905", "fillingDate": "2004-03-15", "acceptedDate": "2004-03-15 07:29:09", "calendarYear": "2003", "period": "FY", "revenue": 462200000, "costOfRevenue": 257700000, "grossProfit": 204500000, "grossProfitRatio": 0.4424491562, "researchAndDevelopmentExpenses": 5100000, "generalAndAdministrativeExpenses": 0, "sellingAndMarketingExpenses": 0, "sellingGeneralAndAdministrativeExpenses": 75700000, "otherExpenses": 10400000, "operatingExpenses": 91200000, "costAndExpenses": 348900000, "interestIncome": 0, "interestExpense": 0, "depreciationAndAmortization": 25800000, "ebitda": 158500000, "ebitdaratio": 0.3429251406, "operatingIncome": 98300000, "operatingIncomeRatio": 0.2126784942, "totalOtherIncomeExpensesNet": -19400000, "incomeBeforeTax": 77100000, "incomeBeforeTaxRatio": 0.1668109044, "incomeTaxExpense": 23300000, "netIncome": 51800000, "netIncomeRatio": 0.1120726958, "eps": 2.17, "epsdiluted": 2.06, "weightedAverageShsOut": 23870968, "weightedAverageShsOutDil": 25145631, "link": "https://www.sec.gov/Archives/edgar/data/1054905/000119312504041384/0001193125-04-041384-index.htm", "finalLink": "https://www.sec.gov/Archives/edgar/data/1054905/000119312504041384/d10k.htm", "calculatedOtherExpenses": 25400000, "calculatedOperatingExpenses": 106200000, "calculatedNetInterest": 0, "calculatedOtherIncome": -21200000, "calculatedIncomeNonControlling": 2000000, "calculatedEbitda": 124100000}, {"date": "2002-12-31", "symbol": "IOSP", "reportedCurrency": "USD", "cik": "0001054905", "fillingDate": "2003-03-28", "acceptedDate": "2003-03-28 11:17:18", "calendarYear": "2002", "period": "FY", "revenue": 451500000, "costOfRevenue": 257300000, "grossProfit": 194200000, "grossProfitRatio": 0.4301218162, "researchAndDevelopmentExpenses": 6000000, "generalAndAdministrativeExpenses": 0, "sellingAndMarketingExpenses": 0, "sellingGeneralAndAdministrativeExpenses": 70000000, "otherExpenses": -6300000, "operatingExpenses": 69700000, "costAndExpenses": 327000000, "interestIncome": 0, "interestExpense": 0, "depreciationAndAmortization": 32400000, "ebitda": 176200000, "ebitdaratio": 0.3902547065, "operatingIncome": 105000000, "operatingIncomeRatio": 0.2325581395, "totalOtherIncomeExpensesNet": -19300000, "incomeBeforeTax": 74000000, "incomeBeforeTaxRatio": 0.1638981174, "incomeTaxExpense": 23000000, "netIncome": 52100000, "netIncomeRatio": 0.115393134, "eps": 2.21, "epsdiluted": 2.08, "weightedAverageShsOut": 23628118, "weightedAverageShsOutDil": 25108434, "link": "https://www.sec.gov/Archives/edgar/data/1054905/000102140803005236/0001021408-03-005236-index.htm", "finalLink": "https://www.sec.gov/Archives/edgar/data/1054905/000102140803005236/d10k.txt", "calculatedOtherExpenses": 13200000, "calculatedOperatingExpenses": 89200000, "calculatedNetInterest": 0, "calculatedOtherIncome": -31000000, "calculatedIncomeNonControlling": -1100000, "calculatedEbitda": 137400000}, {"date": "2001-12-31", "symbol": "IOSP", "reportedCurrency": "USD", "cik": "0001054905", "fillingDate": "2002-03-25", "acceptedDate": "2002-03-25 00:00:00", "calendarYear": "2001", "period": "FY", "revenue": 420900000, "costOfRevenue": 240200000, "grossProfit": 180700000, "grossProfitRatio": 0.4293181278, "researchAndDevelopmentExpenses": 5100000, "generalAndAdministrativeExpenses": 0, "sellingAndMarketingExpenses": 0, "sellingGeneralAndAdministrativeExpenses": 57600000, "otherExpenses": -103930000, "operatingExpenses": -41230000, "costAndExpenses": 198970000, "interestIncome": 0, "interestExpense": -1500000, "depreciationAndAmortization": 87200000, "ebitda": 310030000, "ebitdaratio": 0.7365882632, "operatingIncome": 59300000, "operatingIncomeRatio": 0.1408885721, "totalOtherIncomeExpensesNet": -900000, "incomeBeforeTax": 36700000, "incomeBeforeTaxRatio": 0.0871941079, "incomeTaxExpense": 19800000, "netIncome": 5600000, "netIncomeRatio": 0.013304823, "eps": 0.24, "epsdiluted": 0.23, "weightedAverageShsOut": 23528000, "weightedAverageShsOutDil": 24888889, "link": "https://www.sec.gov/Archives/edgar/data/1054905/000102140802004068/0001021408-02-004068-index.htm", "finalLink": "https://www.sec.gov/Archives/edgar/data/1054905/000102140802004068/d10k.txt", "calculatedOtherExpenses": 58700000, "calculatedOperatingExpenses": 121400000, "calculatedNetInterest": 1500000, "calculatedOtherIncome": -24100000, "calculatedIncomeNonControlling": 11300000, "calculatedEbitda": 146500000}, {"date": "2000-12-31", "symbol": "IOSP", "reportedCurrency": "USD", "cik": "0001054905", "fillingDate": "2001-03-26", "acceptedDate": "2001-03-26 00:00:00", "calendarYear": "2000", "period": "FY", "revenue": 422400000, "costOfRevenue": 238900000, "grossProfit": 183500000, "grossProfitRatio": 0.4344223485, "researchAndDevelopmentExpenses": 3100000, "generalAndAdministrativeExpenses": 0, "sellingAndMarketingExpenses": 0, "sellingGeneralAndAdministrativeExpenses": 41500000, "otherExpenses": 80200000, "operatingExpenses": 124800000, "costAndExpenses": 363700000, "interestIncome": 0, "interestExpense": 0, "depreciationAndAmortization": 80200000, "ebitda": 137500000, "ebitdaratio": 0.3255208333, "operatingIncome": 58700000, "operatingIncomeRatio": 0.138967803, "totalOtherIncomeExpensesNet": 1400000, "incomeBeforeTax": 35700000, "incomeBeforeTaxRatio": 0.0845170455, "incomeTaxExpense": 17400000, "netIncome": 18300000, "netIncomeRatio": 0.0433238636, "eps": 0.73, "epsdiluted": 0.71, "weightedAverageShsOut": 25162000, "weightedAverageShsOutDil": 26000000, "link": "https://www.sec.gov/Archives/edgar/data/1054905/000095010901000766/0000950109-01-000766-index.htm", "finalLink": "https://www.sec.gov/Archives/edgar/data/1054905/000095010901000766/0000950109-01-000766-0001.txt", "calculatedOtherExpenses": 80200000, "calculatedOperatingExpenses": 124800000, "calculatedNetInterest": 0, "calculatedOtherIncome": -23000000, "calculatedIncomeNonControlling": 0, "calculatedEbitda": 138900000}, {"date": "1999-12-31", "symbol": "IOSP", "reportedCurrency": "USD", "cik": "0001054905", "fillingDate": "2000-03-27", "acceptedDate": "2000-03-27 00:00:00", "calendarYear": "1999", "period": "FY", "revenue": 516800000, "costOfRevenue": 309900000, "grossProfit": 206900000, "grossProfitRatio": 0.4003482972, "researchAndDevelopmentExpenses": 3900000, "generalAndAdministrativeExpenses": 0, "sellingAndMarketingExpenses": 0, "sellingGeneralAndAdministrativeExpenses": 44900000, "otherExpenses": 68400000, "operatingExpenses": 117200000, "costAndExpenses": 427100000, "interestIncome": 0, "interestExpense": 0, "depreciationAndAmortization": 68400000, "ebitda": 148600000, "ebitdaratio": 0.2875386997, "operatingIncome": 89700000, "operatingIncomeRatio": 0.1735681115, "totalOtherIncomeExpensesNet": 9500000, "incomeBeforeTax": 75300000, "incomeBeforeTaxRatio": 0.1457043344, "incomeTaxExpense": 32700000, "netIncome": 42600000, "netIncomeRatio": 0.0824303406, "eps": 1.54, "epsdiluted": 1.53, "weightedAverageShsOut": 27654000, "weightedAverageShsOutDil": 27958000, "link": "https://www.sec.gov/Archives/edgar/data/1054905/000095010900001144/0000950109-00-001144-index.html", "finalLink": "https://www.sec.gov/Archives/edgar/data/1054905/000095010900001144/", "calculatedOtherExpenses": 68400000, "calculatedOperatingExpenses": 117200000, "calculatedNetInterest": 0, "calculatedOtherIncome": -14400000, "calculatedIncomeNonControlling": 0, "calculatedEbitda": 158100000}, {"date": "1998-12-31", "symbol": "IOSP", "reportedCurrency": "USD", "cik": "0001054905", "fillingDate": "1999-03-26", "acceptedDate": "1999-03-26 00:00:00", "calendarYear": "1998", "period": "FY", "revenue": 465000000, "costOfRevenue": 227200000, "grossProfit": 237800000, "grossProfitRatio": 0.5113978495, "researchAndDevelopmentExpenses": 3100000, "generalAndAdministrativeExpenses": 0, "sellingAndMarketingExpenses": 0, "sellingGeneralAndAdministrativeExpenses": 40100000, "otherExpenses": 59700000, "operatingExpenses": 102900000, "costAndExpenses": 330100000, "interestIncome": 0, "interestExpense": 0, "depreciationAndAmortization": 59700000, "ebitda": 192400000, "ebitdaratio": 0.4137634409, "operatingIncome": 134900000, "operatingIncomeRatio": 0.2901075269, "totalOtherIncomeExpensesNet": 2200000, "incomeBeforeTax": 111900000, "incomeBeforeTaxRatio": 0.2406451613, "incomeTaxExpense": 41500000, "netIncome": 70400000, "netIncomeRatio": 0.1513978495, "eps": 2.42, "epsdiluted": 2.42, "weightedAverageShsOut": 29028000, "weightedAverageShsOutDil": 29028000, "link": "https://www.sec.gov/Archives/edgar/data/1054905/000095010999001054/0000950109-99-001054-index.html", "finalLink": "https://www.sec.gov/Archives/edgar/data/1054905/", "calculatedOtherExpenses": 59700000, "calculatedOperatingExpenses": 102900000, "calculatedNetInterest": 0, "calculatedOtherIncome": -23000000, "calculatedIncomeNonControlling": 0, "calculatedEbitda": 194600000}]}