{"originalCurrency": "USD", "convertedCurrency": "USD", "report": [{"date": "2023-12-31", "symbol": "IPAR", "reportedCurrency": "USD", "cik": "0000822663", "fillingDate": "2024-02-27", "acceptedDate": "2024-02-27 16:57:14", "calendarYear": "2023", "period": "FY", "revenue": 1317675000, "costOfRevenue": 478597000, "grossProfit": 839078000, "grossProfitRatio": 0.6367867646, "researchAndDevelopmentExpenses": 0, "generalAndAdministrativeExpenses": 313596000, "sellingAndMarketingExpenses": 274100000, "sellingGeneralAndAdministrativeExpenses": 587696000, "otherExpenses": 317000, "operatingExpenses": 587696000, "costAndExpenses": 1066292999, "interestIncome": 7629000, "interestExpense": 14053000, "depreciationAndAmortization": 17331000, "ebitda": 268713000, "ebitdaratio": 0.2039296488, "operatingIncome": 251382000, "operatingIncomeRatio": 0.1907769366, "totalOtherIncomeExpensesNet": -1789000, "incomeBeforeTax": 249593000, "incomeBeforeTaxRatio": 0.1894192422, "incomeTaxExpense": 61817000, "netIncome": 152654000, "netIncomeRatio": 0.1158510255, "eps": 4.77, "epsdiluted": 4.75, "weightedAverageShsOut": 31994328, "weightedAverageShsOutDil": 32139702, "link": "https://www.sec.gov/Archives/edgar/data/822663/000175392624000405/0001753926-24-000405-index.htm", "finalLink": "https://www.sec.gov/Archives/edgar/data/822663/000175392624000405/g084061_10k.htm", "calculatedOtherExpenses": 0, "calculatedOperatingExpenses": 587696000, "calculatedNetInterest": -6424000, "calculatedOtherIncome": 4635000, "calculatedIncomeNonControlling": 35122000, "calculatedEbitda": 268713000}, {"date": "2022-12-31", "symbol": "IPAR", "reportedCurrency": "USD", "cik": "0000822663", "fillingDate": "2023-02-28", "acceptedDate": "2023-02-28 16:26:01", "calendarYear": "2022", "period": "FY", "revenue": 1086653000, "costOfRevenue": 392231000, "grossProfit": 694422000, "grossProfitRatio": 0.6390466874, "researchAndDevelopmentExpenses": 0, "generalAndAdministrativeExpenses": 264170000, "sellingAndMarketingExpenses": 228200000, "sellingGeneralAndAdministrativeExpenses": 492370000, "otherExpenses": -49000, "operatingExpenses": 492370000, "costAndExpenses": 884601000, "interestIncome": 5486000, "interestExpense": 3599000, "depreciationAndAmortization": 13185000, "ebitda": 207488000, "ebitdaratio": 0.1909422787, "operatingIncome": 194303000, "operatingIncomeRatio": 0.1788086905, "totalOtherIncomeExpensesNet": -84000, "incomeBeforeTax": 194219000, "incomeBeforeTaxRatio": 0.178731389, "incomeTaxExpense": 43182000, "netIncome": 120938000, "netIncomeRatio": 0.1112940377, "eps": 3.8, "epsdiluted": 3.78, "weightedAverageShsOut": 31859417, "weightedAverageShsOutDil": 31988753, "link": "https://www.sec.gov/Archives/edgar/data/822663/000175392623000213/0001753926-23-000213-index.htm", "finalLink": "https://www.sec.gov/Archives/edgar/data/822663/000175392623000213/g083417_10k.htm", "calculatedOtherExpenses": 7749000, "calculatedOperatingExpenses": 500119000, "calculatedNetInterest": 1887000, "calculatedOtherIncome": -1971000, "calculatedIncomeNonControlling": 30099000, "calculatedEbitda": 207488000}, {"date": "2021-12-31", "symbol": "IPAR", "reportedCurrency": "USD", "cik": "0000822663", "fillingDate": "2022-03-01", "acceptedDate": "2022-03-01 16:24:50", "calendarYear": "2021", "period": "FY", "revenue": 879516000, "costOfRevenue": 322614000, "grossProfit": 556902000, "grossProfitRatio": 0.6331914371, "researchAndDevelopmentExpenses": 0, "generalAndAdministrativeExpenses": 225359000, "sellingAndMarketingExpenses": 181100000, "sellingGeneralAndAdministrativeExpenses": 406459000, "otherExpenses": 53000, "operatingExpenses": 406459000, "costAndExpenses": 729073000, "interestIncome": 3403000, "interestExpense": 2825000, "depreciationAndAmortization": 5849000, "ebitda": 153899000, "ebitdaratio": 0.1749814671, "operatingIncome": 148050000, "operatingIncomeRatio": 0.1683312185, "totalOtherIncomeExpensesNet": 2969000, "incomeBeforeTax": 151019000, "incomeBeforeTaxRatio": 0.1717069388, "incomeTaxExpense": 40992000, "netIncome": 87411000, "netIncomeRatio": 0.0993853438, "eps": 2.76, "epsdiluted": 2.75, "weightedAverageShsOut": 31676796, "weightedAverageShsOutDil": 31835408, "link": "https://www.sec.gov/Archives/edgar/data/822663/000175392622000273/0001753926-22-000273-index.htm", "finalLink": "https://www.sec.gov/Archives/edgar/data/822663/000175392622000273/g082622_10k.htm", "calculatedOtherExpenses": 2393000, "calculatedOperatingExpenses": 408852000, "calculatedNetInterest": 578000, "calculatedOtherIncome": 2391000, "calculatedIncomeNonControlling": 22616000, "calculatedEbitda": 153899000}, {"date": "2020-12-31", "symbol": "IPAR", "reportedCurrency": "USD", "cik": "0000822663", "fillingDate": "2021-03-01", "acceptedDate": "2021-03-01 15:55:05", "calendarYear": "2020", "period": "FY", "revenue": 539009000, "costOfRevenue": 208278000, "grossProfit": 330731000, "grossProfitRatio": 0.6135908677, "researchAndDevelopmentExpenses": 0, "generalAndAdministrativeExpenses": 163948000, "sellingAndMarketingExpenses": 96700000, "sellingGeneralAndAdministrativeExpenses": 260648000, "otherExpenses": 549000, "operatingExpenses": 260648000, "costAndExpenses": 468926000, "interestIncome": 2865000, "interestExpense": 1970000, "depreciationAndAmortization": 3414000, "ebitda": 73497000, "ebitdaratio": 0.1363557937, "operatingIncome": 70083000, "operatingIncomeRatio": 0.1300219477, "totalOtherIncomeExpensesNet": -734000, "incomeBeforeTax": 69349000, "incomeBeforeTaxRatio": 0.1286601893, "incomeTaxExpense": 19381000, "netIncome": 38219000, "netIncomeRatio": 0.0709060517, "eps": 1.21, "epsdiluted": 1.21, "weightedAverageShsOut": 31536659, "weightedAverageShsOutDil": 31654544, "link": "https://www.sec.gov/Archives/edgar/data/822663/000121390021012513/0001213900-21-012513-index.htm", "finalLink": "https://www.sec.gov/Archives/edgar/data/822663/000121390021012513/f10k2020_interparfums.htm", "calculatedOtherExpenses": 0, "calculatedOperatingExpenses": 260648000, "calculatedNetInterest": 895000, "calculatedOtherIncome": -1629000, "calculatedIncomeNonControlling": 11749000, "calculatedEbitda": 73497000}, {"date": "2019-12-31", "symbol": "IPAR", "reportedCurrency": "USD", "cik": "0000822663", "fillingDate": "2020-03-02", "acceptedDate": "2020-03-02 16:17:06", "calendarYear": "2019", "period": "FY", "revenue": 713514000, "costOfRevenue": 267578000, "grossProfit": 445936000, "grossProfitRatio": 0.6249856345, "researchAndDevelopmentExpenses": 0, "generalAndAdministrativeExpenses": 188909000, "sellingAndMarketingExpenses": 152300000, "sellingGeneralAndAdministrativeExpenses": 341209000, "otherExpenses": 0, "operatingExpenses": 341209000, "costAndExpenses": 608787000, "interestIncome": 3693000, "interestExpense": 2146000, "depreciationAndAmortization": 3693000, "ebitda": 108420000, "ebitdaratio": 0.1519521691, "operatingIncome": 104727000, "operatingIncomeRatio": 0.1467763772, "totalOtherIncomeExpensesNet": 419000, "incomeBeforeTax": 105146000, "incomeBeforeTaxRatio": 0.1473636116, "incomeTaxExpense": 29076000, "netIncome": 60249000, "netIncomeRatio": 0.0844398288, "eps": 1.92, "epsdiluted": 1.9, "weightedAverageShsOut": 31451093, "weightedAverageShsOutDil": 31688700, "link": "https://www.sec.gov/Archives/edgar/data/822663/000121390020005153/0001213900-20-005153-index.htm", "finalLink": "https://www.sec.gov/Archives/edgar/data/822663/000121390020005153/ipar-20191231.htm", "calculatedOtherExpenses": 0, "calculatedOperatingExpenses": 341209000, "calculatedNetInterest": 1547000, "calculatedOtherIncome": -1128000, "calculatedIncomeNonControlling": 15821000, "calculatedEbitda": 108420000}, {"date": "2018-12-31", "symbol": "IPAR", "reportedCurrency": "USD", "cik": "0000822663", "fillingDate": "2019-03-01", "acceptedDate": "2019-03-01 16:39:54", "calendarYear": "2018", "period": "FY", "revenue": 675574000, "costOfRevenue": 248012000, "grossProfit": 427562000, "grossProfitRatio": 0.6328869968, "researchAndDevelopmentExpenses": 0, "generalAndAdministrativeExpenses": 332831000, "sellingAndMarketingExpenses": 0, "sellingGeneralAndAdministrativeExpenses": 332831000, "otherExpenses": 0, "operatingExpenses": 332831000, "costAndExpenses": 580843000, "interestIncome": 3957000, "interestExpense": 2578000, "depreciationAndAmortization": 11031000, "ebitda": 98688000, "ebitdaratio": 0.1460802222, "operatingIncome": 94731000, "operatingIncomeRatio": 0.1402229808, "totalOtherIncomeExpensesNet": -251000, "incomeBeforeTax": 95859000, "incomeBeforeTaxRatio": 0.141892672, "incomeTaxExpense": 26144000, "netIncome": 53793000, "netIncomeRatio": 0.0796256221, "eps": 1.72, "epsdiluted": 1.71, "weightedAverageShsOut": 31307991, "weightedAverageShsOutDil": 31522371, "link": "https://www.sec.gov/Archives/edgar/data/822663/000161577419003459/0001615774-19-003459-index.htm", "finalLink": "https://www.sec.gov/Archives/edgar/data/822663/000161577419003459/s116268_10k.htm", "calculatedOtherExpenses": 0, "calculatedOperatingExpenses": 332831000, "calculatedNetInterest": 1379000, "calculatedOtherIncome": -251000, "calculatedIncomeNonControlling": 15922000, "calculatedEbitda": 105762000}, {"date": "2017-12-31", "symbol": "IPAR", "reportedCurrency": "USD", "cik": "0000822663", "fillingDate": "2018-03-13", "acceptedDate": "2018-03-13 16:25:40", "calendarYear": "2017", "period": "FY", "revenue": 591251000, "costOfRevenue": 214965000, "grossProfit": 376286000, "grossProfitRatio": 0.6364234479, "researchAndDevelopmentExpenses": 0, "generalAndAdministrativeExpenses": 295540000, "sellingAndMarketingExpenses": 0, "sellingGeneralAndAdministrativeExpenses": 295540000, "otherExpenses": 0, "operatingExpenses": 295540000, "costAndExpenses": 510505000, "interestIncome": 2983000, "interestExpense": 1992000, "depreciationAndAmortization": 11914000, "ebitda": 83729000, "ebitdaratio": 0.1416132911, "operatingIncome": 78623000, "operatingIncomeRatio": 0.1329773649, "totalOtherIncomeExpensesNet": -3672000, "incomeBeforeTax": 78065000, "incomeBeforeTaxRatio": 0.1320336033, "incomeTaxExpense": 22812000, "netIncome": 41594000, "netIncomeRatio": 0.0703491411, "eps": 1.33, "epsdiluted": 1.33, "weightedAverageShsOut": 31172285, "weightedAverageShsOutDil": 31305101, "link": "https://www.sec.gov/Archives/edgar/data/822663/000161577418001852/0001615774-18-001852-index.htm", "finalLink": "https://www.sec.gov/Archives/edgar/data/822663/000161577418001852/s109206_10-k.htm", "calculatedOtherExpenses": 2123000, "calculatedOperatingExpenses": 297663000, "calculatedNetInterest": 991000, "calculatedOtherIncome": -1549000, "calculatedIncomeNonControlling": 13659000, "calculatedEbitda": 90537000}, {"date": "2016-12-31", "symbol": "IPAR", "reportedCurrency": "USD", "cik": "0000822663", "fillingDate": "2017-03-13", "acceptedDate": "2017-03-13 16:28:47", "calendarYear": "2016", "period": "FY", "revenue": 521072000, "costOfRevenue": 194601000, "grossProfit": 326471000, "grossProfitRatio": 0.6265372156, "researchAndDevelopmentExpenses": 0, "generalAndAdministrativeExpenses": 258787000, "sellingAndMarketingExpenses": 0, "sellingGeneralAndAdministrativeExpenses": 258787000, "otherExpenses": 0, "operatingExpenses": 258787000, "costAndExpenses": 453388000, "interestIncome": 3331000, "interestExpense": 2340000, "depreciationAndAmortization": 15341000, "ebitda": 71015000, "ebitdaratio": 0.1362863481, "operatingIncome": 66678000, "operatingIncomeRatio": 0.1279631222, "totalOtherIncomeExpensesNet": -1601000, "incomeBeforeTax": 67074000, "incomeBeforeTaxRatio": 0.1287230939, "incomeTaxExpense": 23826000, "netIncome": 33331000, "netIncomeRatio": 0.0639662081, "eps": 1.07, "epsdiluted": 1.07, "weightedAverageShsOut": 31072328, "weightedAverageShsOutDil": 31175598, "link": "https://www.sec.gov/Archives/edgar/data/822663/000114420417014248/0001144204-17-014248-index.htm", "finalLink": "https://www.sec.gov/Archives/edgar/data/822663/000114420417014248/v460761_10k.htm", "calculatedOtherExpenses": 1006000, "calculatedOperatingExpenses": 259793000, "calculatedNetInterest": 991000, "calculatedOtherIncome": -595000, "calculatedIncomeNonControlling": 9917000, "calculatedEbitda": 82019000}, {"date": "2015-12-31", "symbol": "IPAR", "reportedCurrency": "USD", "cik": "0000822663", "fillingDate": "2016-03-14", "acceptedDate": "2016-03-14 08:29:39", "calendarYear": "2015", "period": "FY", "revenue": 468540000, "costOfRevenue": 179069000, "grossProfit": 289471000, "grossProfitRatio": 0.6178149144, "researchAndDevelopmentExpenses": 0, "generalAndAdministrativeExpenses": 228268000, "sellingAndMarketingExpenses": 0, "sellingGeneralAndAdministrativeExpenses": 228268000, "otherExpenses": 0, "operatingExpenses": 228268000, "costAndExpenses": 407337000, "interestIncome": 2995000, "interestExpense": 2826000, "depreciationAndAmortization": 9078000, "ebitda": 64198000, "ebitdaratio": 0.137017117, "operatingIncome": 61203000, "operatingIncomeRatio": 0.13062492, "totalOtherIncomeExpensesNet": -876000, "incomeBeforeTax": 60496000, "incomeBeforeTaxRatio": 0.1291159773, "incomeTaxExpense": 21527000, "netIncome": 30437000, "netIncomeRatio": 0.0649613694, "eps": 0.98, "epsdiluted": 0.98, "weightedAverageShsOut": 30996000, "weightedAverageShsOutDil": 31100000, "link": "https://www.sec.gov/Archives/edgar/data/822663/000114420416087700/0001144204-16-087700-index.htm", "finalLink": "https://www.sec.gov/Archives/edgar/data/822663/000114420416087700/v432850_10k.htm", "calculatedOtherExpenses": 0, "calculatedOperatingExpenses": 228268000, "calculatedNetInterest": 169000, "calculatedOtherIncome": -876000, "calculatedIncomeNonControlling": 8532000, "calculatedEbitda": 70281000}, {"date": "2014-12-31", "symbol": "IPAR", "reportedCurrency": "USD", "cik": "0000822663", "fillingDate": "2015-03-11", "acceptedDate": "2015-03-11 16:19:08", "calendarYear": "2014", "period": "FY", "revenue": 499261000, "costOfRevenue": 212224000, "grossProfit": 287037000, "grossProfitRatio": 0.5749237373, "researchAndDevelopmentExpenses": 0, "generalAndAdministrativeExpenses": 233634000, "sellingAndMarketingExpenses": 0, "sellingGeneralAndAdministrativeExpenses": 233634000, "otherExpenses": 0, "operatingExpenses": 233634000, "costAndExpenses": 445858000, "interestIncome": 3888000, "interestExpense": 1478000, "depreciationAndAmortization": 10166000, "ebitda": 57291000, "ebitdaratio": 0.1147516029, "operatingIncome": 53403000, "operatingIncomeRatio": 0.1069640929, "totalOtherIncomeExpensesNet": 902000, "incomeBeforeTax": 56715000, "incomeBeforeTaxRatio": 0.1135978977, "incomeTaxExpense": 19370000, "netIncome": 29436000, "netIncomeRatio": 0.0589591416, "eps": 0.95, "epsdiluted": 0.95, "weightedAverageShsOut": 30931000, "weightedAverageShsOutDil": 31060000, "link": "https://www.sec.gov/Archives/edgar/data/822663/000114420415015369/0001144204-15-015369-index.htm", "finalLink": "https://www.sec.gov/Archives/edgar/data/822663/000114420415015369/v403043_10k.htm", "calculatedOtherExpenses": 0, "calculatedOperatingExpenses": 233634000, "calculatedNetInterest": 2410000, "calculatedOtherIncome": 902000, "calculatedIncomeNonControlling": 7909000, "calculatedEbitda": 63569000}, {"date": "2013-12-31", "symbol": "IPAR", "reportedCurrency": "USD", "cik": "0000822663", "fillingDate": "2014-03-11", "acceptedDate": "2014-03-11 16:57:27", "calendarYear": "2013", "period": "FY", "revenue": 563579000, "costOfRevenue": 234800000, "grossProfit": 328779000, "grossProfitRatio": 0.5833769534, "researchAndDevelopmentExpenses": 0, "generalAndAdministrativeExpenses": 250025000, "sellingAndMarketingExpenses": 0, "sellingGeneralAndAdministrativeExpenses": 250025000, "otherExpenses": 0, "operatingExpenses": 250025000, "costAndExpenses": 484825000, "interestIncome": 4440000, "interestExpense": 1380000, "depreciationAndAmortization": 11110000, "ebitda": 94304000, "ebitdaratio": 0.1673305783, "operatingIncome": 78754000, "operatingIncomeRatio": 0.1397390605, "totalOtherIncomeExpensesNet": -1168000, "incomeBeforeTax": 80646000, "incomeBeforeTaxRatio": 0.1430961764, "incomeTaxExpense": 29680000, "netIncome": 39211000, "netIncomeRatio": 0.0695749842, "eps": 1.27, "epsdiluted": 1.27, "weightedAverageShsOut": 30763955, "weightedAverageShsOutDil": 30953882, "link": "https://www.sec.gov/Archives/edgar/data/822663/000114420414014887/0001144204-14-014887-index.htm", "finalLink": "https://www.sec.gov/Archives/edgar/data/822663/000114420414014887/v369991_10k.htm", "calculatedOtherExpenses": 0, "calculatedOperatingExpenses": 250025000, "calculatedNetInterest": 3060000, "calculatedOtherIncome": -1168000, "calculatedIncomeNonControlling": 11755000, "calculatedEbitda": 89864000}, {"date": "2012-12-31", "symbol": "IPAR", "reportedCurrency": "USD", "cik": "0000822663", "fillingDate": "2013-03-12", "acceptedDate": "2013-03-12 17:00:43", "calendarYear": "2012", "period": "FY", "revenue": 654117000, "costOfRevenue": 246931000, "grossProfit": 407186000, "grossProfitRatio": 0.6224971985, "researchAndDevelopmentExpenses": 0, "generalAndAdministrativeExpenses": 325799000, "sellingAndMarketingExpenses": 0, "sellingGeneralAndAdministrativeExpenses": 325799000, "otherExpenses": 0, "operatingExpenses": 325799000, "costAndExpenses": 572730000, "interestIncome": 1133000, "interestExpense": 1654000, "depreciationAndAmortization": 15554000, "ebitda": 98074000, "ebitdaratio": 0.1499334217, "operatingIncome": 278414000, "operatingIncomeRatio": 0.4256333347, "totalOtherIncomeExpensesNet": 193899000, "incomeBeforeTax": 274765000, "incomeBeforeTaxRatio": 0.420054822, "incomeTaxExpense": 97875000, "netIncome": 131136000, "netIncomeRatio": 0.2004778962, "eps": 4.29, "epsdiluted": 4.26, "weightedAverageShsOut": 30574772, "weightedAverageShsOutDil": 30715684, "link": "https://www.sec.gov/Archives/edgar/data/822663/000114420413014616/0001144204-13-014616-index.htm", "finalLink": "https://www.sec.gov/Archives/edgar/data/822663/000114420413014616/v336657_10k.htm", "calculatedOtherExpenses": -197027000, "calculatedOperatingExpenses": 128772000, "calculatedNetInterest": -521000, "calculatedOtherIncome": -3128000, "calculatedIncomeNonControlling": 45754000, "calculatedEbitda": 293968000}, {"date": "2011-12-31", "symbol": "IPAR", "reportedCurrency": "USD", "cik": "0000822663", "fillingDate": "2012-03-12", "acceptedDate": "2012-03-12 16:36:10", "calendarYear": "2011", "period": "FY", "revenue": 615220000, "costOfRevenue": 228446000, "grossProfit": 386774000, "grossProfitRatio": 0.6286759208, "researchAndDevelopmentExpenses": 0, "generalAndAdministrativeExpenses": 318998000, "sellingAndMarketingExpenses": 0, "sellingGeneralAndAdministrativeExpenses": 318998000, "otherExpenses": 0, "operatingExpenses": 318998000, "costAndExpenses": 547444000, "interestIncome": 1105000, "interestExpense": 2197000, "depreciationAndAmortization": 13073000, "ebitda": 81954000, "ebitdaratio": 0.1332108839, "operatingIncome": 66939000, "operatingIncomeRatio": 0.1088049803, "totalOtherIncomeExpensesNet": 709000, "incomeBeforeTax": 67393000, "incomeBeforeTaxRatio": 0.1095429277, "incomeTaxExpense": 24444000, "netIncome": 32303000, "netIncomeRatio": 0.0525064205, "eps": 1.06, "epsdiluted": 1.05, "weightedAverageShsOut": 30514529, "weightedAverageShsOutDil": 30677825, "link": "https://www.sec.gov/Archives/edgar/data/822663/000114420412014284/0001144204-12-014284-index.htm", "finalLink": "https://www.sec.gov/Archives/edgar/data/822663/000114420412014284/v303460_10k.htm", "calculatedOtherExpenses": 837000, "calculatedOperatingExpenses": 319835000, "calculatedNetInterest": -1092000, "calculatedOtherIncome": 1546000, "calculatedIncomeNonControlling": 10646000, "calculatedEbitda": 80012000}, {"date": "2010-12-31", "symbol": "IPAR", "reportedCurrency": "USD", "cik": "0000822663", "fillingDate": "2011-03-08", "acceptedDate": "2011-03-08 16:33:27", "calendarYear": "2010", "period": "FY", "revenue": 460411000, "costOfRevenue": 186401000, "grossProfit": 274010000, "grossProfitRatio": 0.5951421665, "researchAndDevelopmentExpenses": 0, "generalAndAdministrativeExpenses": 217574000, "sellingAndMarketingExpenses": 0, "sellingGeneralAndAdministrativeExpenses": 217574000, "otherExpenses": 0, "operatingExpenses": 217574000, "costAndExpenses": 403975000, "interestIncome": 1652000, "interestExpense": 2116000, "depreciationAndAmortization": 9188000, "ebitda": 67276000, "ebitdaratio": 0.1461216174, "operatingIncome": 56436000, "operatingIncomeRatio": 0.1225774362, "totalOtherIncomeExpensesNet": -2132000, "incomeBeforeTax": 53840000, "incomeBeforeTaxRatio": 0.1169389958, "incomeTaxExpense": 18165000, "netIncome": 26593000, "netIncomeRatio": 0.0577592629, "eps": 0.88, "epsdiluted": 0.87, "weightedAverageShsOut": 30360602, "weightedAverageShsOutDil": 30481991, "link": "https://www.sec.gov/Archives/edgar/data/822663/000114420411013508/0001144204-11-013508-index.htm", "finalLink": "https://www.sec.gov/Archives/edgar/data/822663/000114420411013508/v212739_10k.htm", "calculatedOtherExpenses": 0, "calculatedOperatingExpenses": 217574000, "calculatedNetInterest": -464000, "calculatedOtherIncome": -2132000, "calculatedIncomeNonControlling": 9082000, "calculatedEbitda": 65624000}, {"date": "2009-12-31", "symbol": "IPAR", "reportedCurrency": "USD", "cik": "0000822663", "fillingDate": "2010-03-10", "acceptedDate": "2010-03-10 17:12:16", "calendarYear": "2009", "period": "FY", "revenue": 409464000, "costOfRevenue": 175296000, "grossProfit": 234168000, "grossProfitRatio": 0.5718891038, "researchAndDevelopmentExpenses": 0, "generalAndAdministrativeExpenses": 187690000, "sellingAndMarketingExpenses": 0, "sellingGeneralAndAdministrativeExpenses": 187690000, "otherExpenses": 0, "operatingExpenses": 187690000, "costAndExpenses": 362986000, "interestIncome": 982000, "interestExpense": 2647000, "depreciationAndAmortization": 10963000, "ebitda": 58423000, "ebitdaratio": 0.1426816521, "operatingIncome": 44801000, "operatingIncomeRatio": 0.1094137702, "totalOtherIncomeExpensesNet": 1535000, "incomeBeforeTax": 46348000, "incomeBeforeTaxRatio": 0.1131918801, "incomeTaxExpense": 16190000, "netIncome": 22367000, "netIncomeRatio": 0.0546250708, "eps": 0.74, "epsdiluted": 0.74, "weightedAverageShsOut": 30099998, "weightedAverageShsOutDil": 30121077, "link": "https://www.sec.gov/Archives/edgar/data/822663/000114420410012581/0001144204-10-012581-index.htm", "finalLink": "https://www.sec.gov/Archives/edgar/data/822663/000114420410012581/v176251_10k.htm", "calculatedOtherExpenses": 1677000, "calculatedOperatingExpenses": 189367000, "calculatedNetInterest": -1665000, "calculatedOtherIncome": 3212000, "calculatedIncomeNonControlling": 7791000, "calculatedEbitda": 55764000}, {"date": "2008-12-31", "symbol": "IPAR", "reportedCurrency": "USD", "cik": "0000822663", "fillingDate": "2009-03-11", "acceptedDate": "2009-03-11 16:44:09", "calendarYear": "2008", "period": "FY", "revenue": 446124000, "costOfRevenue": 191915000, "grossProfit": 254209000, "grossProfitRatio": 0.5698169119, "researchAndDevelopmentExpenses": 0, "generalAndAdministrativeExpenses": 0, "sellingAndMarketingExpenses": 0, "sellingGeneralAndAdministrativeExpenses": 202264000, "otherExpenses": 936000, "operatingExpenses": 203200000, "costAndExpenses": 395115000, "interestIncome": 1745000, "interestExpense": 4940000, "depreciationAndAmortization": 9925000, "ebitda": 63250000, "ebitdaratio": 0.1417767258, "operatingIncome": 51009000, "operatingIncomeRatio": 0.1143381661, "totalOtherIncomeExpensesNet": -2316000, "incomeBeforeTax": 46434000, "incomeBeforeTaxRatio": 0.1040831697, "incomeTaxExpense": 16312000, "netIncome": 23765000, "netIncomeRatio": 0.0532699429, "eps": 0.78, "epsdiluted": 0.77, "weightedAverageShsOut": 30621070, "weightedAverageShsOutDil": 30777985, "link": "https://www.sec.gov/Archives/edgar/data/822663/000114420409013270/0001144204-09-013270-index.htm", "finalLink": "https://www.sec.gov/Archives/edgar/data/822663/000114420409013270/v142359_10k.htm", "calculatedOtherExpenses": 936000, "calculatedOperatingExpenses": 203200000, "calculatedNetInterest": -3195000, "calculatedOtherIncome": -1380000, "calculatedIncomeNonControlling": 6357000, "calculatedEbitda": 60934000}, {"date": "2007-12-31", "symbol": "IPAR", "reportedCurrency": "USD", "cik": "0000822663", "fillingDate": "2008-03-11", "acceptedDate": "2008-03-11 06:16:35", "calendarYear": "2007", "period": "FY", "revenue": 389560000, "costOfRevenue": 160137000, "grossProfit": 229423000, "grossProfitRatio": 0.5889285348, "researchAndDevelopmentExpenses": 0, "generalAndAdministrativeExpenses": 181224000, "sellingAndMarketingExpenses": 0, "sellingGeneralAndAdministrativeExpenses": 181224000, "otherExpenses": 868000, "operatingExpenses": 182092000, "costAndExpenses": 342229000, "interestIncome": 3166000, "interestExpense": 3667000, "depreciationAndAmortization": 8031000, "ebitda": 55784000, "ebitdaratio": 0.1431974535, "operatingIncome": 47331000, "operatingIncomeRatio": 0.1214986138, "totalOtherIncomeExpensesNet": -422000, "incomeBeforeTax": 47276000, "incomeBeforeTaxRatio": 0.1213574289, "incomeTaxExpense": 16675000, "netIncome": 23817000, "netIncomeRatio": 0.0611382072, "eps": 0.78, "epsdiluted": 0.76, "weightedAverageShsOut": 30666141, "weightedAverageShsOutDil": 31004299, "link": "https://www.sec.gov/Archives/edgar/data/822663/000114420408014388/0001144204-08-014388-index.htm", "finalLink": "https://www.sec.gov/Archives/edgar/data/822663/000114420408014388/v106279_10k.htm", "calculatedOtherExpenses": 868000, "calculatedOperatingExpenses": 182092000, "calculatedNetInterest": -501000, "calculatedOtherIncome": 446000, "calculatedIncomeNonControlling": 6784000, "calculatedEbitda": 55362000}, {"date": "2006-12-31", "symbol": "IPAR", "reportedCurrency": "USD", "cik": "0000822663", "fillingDate": "2007-03-16", "acceptedDate": "2007-03-16 17:14:43", "calendarYear": "2006", "period": "FY", "revenue": 321054000, "costOfRevenue": 143855000, "grossProfit": 177199000, "grossProfitRatio": 0.551928959, "researchAndDevelopmentExpenses": 0, "generalAndAdministrativeExpenses": 141074000, "sellingAndMarketingExpenses": 0, "sellingGeneralAndAdministrativeExpenses": 141074000, "otherExpenses": 0, "operatingExpenses": 141074000, "costAndExpenses": 284929000, "interestIncome": 2303000, "interestExpense": 1797000, "depreciationAndAmortization": 5347000, "ebitda": 40968000, "ebitdaratio": 0.127604702, "operatingIncome": 36125000, "operatingIncomeRatio": 0.1125200122, "totalOtherIncomeExpensesNet": 504000, "incomeBeforeTax": 37135000, "incomeBeforeTaxRatio": 0.1156659004, "incomeTaxExpense": 13201000, "netIncome": 17742000, "netIncomeRatio": 0.0552617317, "eps": 0.58, "epsdiluted": 0.57, "weightedAverageShsOut": 30486463, "weightedAverageShsOutDil": 30852738, "link": "https://www.sec.gov/Archives/edgar/data/822663/000114420407013234/0001144204-07-013234-index.htm", "finalLink": "https://www.sec.gov/Archives/edgar/data/822663/000114420407013234/v068508_10k.htm", "calculatedOtherExpenses": 0, "calculatedOperatingExpenses": 141074000, "calculatedNetInterest": 506000, "calculatedOtherIncome": 504000, "calculatedIncomeNonControlling": 6192000, "calculatedEbitda": 41472000}, {"date": "2005-12-31", "symbol": "IPAR", "reportedCurrency": "USD", "cik": "0000822663", "fillingDate": "2006-03-15", "acceptedDate": "2006-03-15 17:16:25", "calendarYear": "2005", "period": "FY", "revenue": 273533000, "costOfRevenue": 115827000, "grossProfit": 157706000, "grossProfitRatio": 0.5765520065, "researchAndDevelopmentExpenses": 0, "generalAndAdministrativeExpenses": 0, "sellingAndMarketingExpenses": 0, "sellingGeneralAndAdministrativeExpenses": 126353000, "otherExpenses": 0, "operatingExpenses": 126353000, "costAndExpenses": 242180000, "interestIncome": 1194000, "interestExpense": 970000, "depreciationAndAmortization": 4513000, "ebitda": 35719000, "ebitdaratio": 0.1305838784, "operatingIncome": 31353000, "operatingIncomeRatio": 0.1146223673, "totalOtherIncomeExpensesNet": 147000, "incomeBeforeTax": 31724000, "incomeBeforeTaxRatio": 0.1159786936, "incomeTaxExpense": 11133000, "netIncome": 15263000, "netIncomeRatio": 0.0557994831, "eps": 0.51, "epsdiluted": 0.5, "weightedAverageShsOut": 30117636, "weightedAverageShsOutDil": 30729874, "link": "https://www.sec.gov/Archives/edgar/data/822663/000114420406010090/0001144204-06-010090-index.htm", "finalLink": "https://www.sec.gov/Archives/edgar/data/822663/000114420406010090/v037551_10k.htm", "calculatedOtherExpenses": 0, "calculatedOperatingExpenses": 126353000, "calculatedNetInterest": 224000, "calculatedOtherIncome": 147000, "calculatedIncomeNonControlling": 5328000, "calculatedEbitda": 35866000}, {"date": "2004-12-31", "symbol": "IPAR", "reportedCurrency": "USD", "cik": "0000822663", "fillingDate": "2005-03-16", "acceptedDate": "2005-03-16 16:20:05", "calendarYear": "2004", "period": "FY", "revenue": 236047000, "costOfRevenue": 113988000, "grossProfit": 122059000, "grossProfitRatio": 0.5170961715, "researchAndDevelopmentExpenses": 0, "generalAndAdministrativeExpenses": 0, "sellingAndMarketingExpenses": 0, "sellingGeneralAndAdministrativeExpenses": 89516000, "otherExpenses": 0, "operatingExpenses": 89516000, "costAndExpenses": 203504000, "interestIncome": 782000, "interestExpense": 798000, "depreciationAndAmortization": 3988000, "ebitda": 37420000, "ebitdaratio": 0.1585277508, "operatingIncome": 32543000, "operatingIncomeRatio": 0.1378666113, "totalOtherIncomeExpensesNet": -889000, "incomeBeforeTax": 31638000, "incomeBeforeTaxRatio": 0.1340326291, "incomeTaxExpense": 11542000, "netIncome": 15703000, "netIncomeRatio": 0.066524887, "eps": 0.55, "epsdiluted": 0.51, "weightedAverageShsOut": 28807152, "weightedAverageShsOutDil": 30741057, "link": "https://www.sec.gov/Archives/edgar/data/822663/000093041305001870/0000930413-05-001870-index.htm", "finalLink": "https://www.sec.gov/Archives/edgar/data/822663/000093041305001870/c36102_10-k.txt", "calculatedOtherExpenses": 0, "calculatedOperatingExpenses": 89516000, "calculatedNetInterest": -16000, "calculatedOtherIncome": -889000, "calculatedIncomeNonControlling": 4393000, "calculatedEbitda": 36531000}, {"date": "2003-12-31", "symbol": "IPAR", "reportedCurrency": "USD", "cik": "0000822663", "fillingDate": "2004-03-30", "acceptedDate": "2004-03-30 15:10:53", "calendarYear": "2003", "period": "FY", "revenue": 185589000, "costOfRevenue": 93024000, "grossProfit": 92565000, "grossProfitRatio": 0.4987633965, "researchAndDevelopmentExpenses": 0, "generalAndAdministrativeExpenses": 0, "sellingAndMarketingExpenses": 0, "sellingGeneralAndAdministrativeExpenses": 66572000, "otherExpenses": 0, "operatingExpenses": 66572000, "costAndExpenses": 159596000, "interestIncome": 946000, "interestExpense": 271000, "depreciationAndAmortization": 3344000, "ebitda": 29373000, "ebitdaratio": 0.1582690784, "operatingIncome": 25993000, "operatingIncomeRatio": 0.1400567922, "totalOtherIncomeExpensesNet": -36000, "incomeBeforeTax": 26632000, "incomeBeforeTaxRatio": 0.1434998842, "incomeTaxExpense": 9403000, "netIncome": 13837000, "netIncomeRatio": 0.0745572205, "eps": 0.49, "epsdiluted": 0.46, "weightedAverageShsOut": 28548690, "weightedAverageShsOutDil": 30174649, "link": "https://www.sec.gov/Archives/edgar/data/822663/000082266304000023/0000822663-04-000023-index.htm", "finalLink": "https://www.sec.gov/Archives/edgar/data/822663/000082266304000023/ip10k2003.htm", "calculatedOtherExpenses": 0, "calculatedOperatingExpenses": 66572000, "calculatedNetInterest": 675000, "calculatedOtherIncome": -36000, "calculatedIncomeNonControlling": 3392000, "calculatedEbitda": 29337000}, {"date": "2002-12-31", "symbol": "IPAR", "reportedCurrency": "USD", "cik": "0000822663", "fillingDate": "2003-03-28", "acceptedDate": "2003-03-28 16:40:43", "calendarYear": "2002", "period": "FY", "revenue": 130352000, "costOfRevenue": 69760000, "grossProfit": 60592000, "grossProfitRatio": 0.4648336811, "researchAndDevelopmentExpenses": 0, "generalAndAdministrativeExpenses": 43072000, "sellingAndMarketingExpenses": 0, "sellingGeneralAndAdministrativeExpenses": 43072000, "otherExpenses": 0, "operatingExpenses": 43072000, "costAndExpenses": 112832000, "interestIncome": 628000, "interestExpense": 394000, "depreciationAndAmortization": 2220000, "ebitda": 19913000, "ebitdaratio": 0.1527632871, "operatingIncome": 17520000, "operatingIncomeRatio": 0.1344053026, "totalOtherIncomeExpensesNet": -173000, "incomeBeforeTax": 17581000, "incomeBeforeTaxRatio": 0.1348732662, "incomeTaxExpense": 6282000, "netIncome": 9405000, "netIncomeRatio": 0.0721507917, "eps": 0.33, "epsdiluted": 0.31, "weightedAverageShsOut": 28165482, "weightedAverageShsOutDil": 29922457, "link": "https://www.sec.gov/Archives/edgar/data/822663/000093041303000972/0000930413-03-000972-index.htm", "finalLink": "https://www.sec.gov/Archives/edgar/data/822663/000093041303000972/c27578_10k.txt", "calculatedOtherExpenses": 0, "calculatedOperatingExpenses": 43072000, "calculatedNetInterest": 234000, "calculatedOtherIncome": -173000, "calculatedIncomeNonControlling": 1894000, "calculatedEbitda": 19740000}, {"date": "2001-12-31", "symbol": "IPAR", "reportedCurrency": "USD", "cik": "0000822663", "fillingDate": "2002-03-29", "acceptedDate": "2002-03-29 00:00:00", "calendarYear": "2001", "period": "FY", "revenue": 112233000, "costOfRevenue": 57887000, "grossProfit": 54346000, "grossProfitRatio": 0.4842247824, "researchAndDevelopmentExpenses": 0, "generalAndAdministrativeExpenses": 39624000, "sellingAndMarketingExpenses": 0, "sellingGeneralAndAdministrativeExpenses": 39624000, "otherExpenses": 0, "operatingExpenses": 39624000, "costAndExpenses": 97511000, "interestIncome": 1115000, "interestExpense": 347000, "depreciationAndAmortization": 2134000, "ebitda": 16890000, "ebitdaratio": 0.1504904974, "operatingIncome": 14722000, "operatingIncomeRatio": 0.1311735408, "totalOtherIncomeExpensesNet": -34000, "incomeBeforeTax": 15456000, "incomeBeforeTaxRatio": 0.1377135067, "incomeTaxExpense": 5659000, "netIncome": 8119000, "netIncomeRatio": 0.0723405772, "eps": 0.31, "epsdiluted": 0.27, "weightedAverageShsOut": 26752417, "weightedAverageShsOutDil": 29903301, "link": "https://www.sec.gov/Archives/edgar/data/822663/000093041302001114/0000930413-02-001114-index.htm", "finalLink": "https://www.sec.gov/Archives/edgar/data/822663/000093041302001114/c23853_10k-.txt", "calculatedOtherExpenses": 0, "calculatedOperatingExpenses": 39624000, "calculatedNetInterest": 768000, "calculatedOtherIncome": -34000, "calculatedIncomeNonControlling": 1678000, "calculatedEbitda": 16856000}, {"date": "2000-12-31", "symbol": "IPAR", "reportedCurrency": "USD", "cik": "0000822663", "fillingDate": "2001-03-30", "acceptedDate": "2001-03-30 00:00:00", "calendarYear": "2000", "period": "FY", "revenue": 101582000, "costOfRevenue": 49511000, "grossProfit": 52071000, "grossProfitRatio": 0.5126006576, "researchAndDevelopmentExpenses": 0, "generalAndAdministrativeExpenses": 37509000, "sellingAndMarketingExpenses": 0, "sellingGeneralAndAdministrativeExpenses": 37509000, "otherExpenses": 2362000, "operatingExpenses": 39871000, "costAndExpenses": 89382000, "interestIncome": 1065000, "interestExpense": 363000, "depreciationAndAmortization": 2362000, "ebitda": 13925000, "ebitdaratio": 0.1370813727, "operatingIncome": 12200000, "operatingIncomeRatio": 0.1201000177, "totalOtherIncomeExpensesNet": 637000, "incomeBeforeTax": 12220000, "incomeBeforeTaxRatio": 0.120296903, "incomeTaxExpense": 5631000, "netIncome": 6589000, "netIncomeRatio": 0.0648638538, "eps": 0.25, "epsdiluted": 0.23, "weightedAverageShsOut": 26385159, "weightedAverageShsOutDil": 29250972, "link": "https://www.sec.gov/Archives/edgar/data/822663/000093041301500101/0000930413-01-500101-index.htm", "finalLink": "https://www.sec.gov/Archives/edgar/data/822663/000093041301500101/c20397_10k.txt", "calculatedOtherExpenses": 2362000, "calculatedOperatingExpenses": 39871000, "calculatedNetInterest": 702000, "calculatedOtherIncome": -682000, "calculatedIncomeNonControlling": 0, "calculatedEbitda": 14562000}, {"date": "1999-12-31", "symbol": "IPAR", "reportedCurrency": "USD", "cik": "0000822663", "fillingDate": "2000-03-30", "acceptedDate": "2000-03-30 00:00:00", "calendarYear": "1999", "period": "FY", "revenue": 87100000, "costOfRevenue": 42900000, "grossProfit": 44200000, "grossProfitRatio": 0.5074626866, "researchAndDevelopmentExpenses": 0, "generalAndAdministrativeExpenses": 32000000, "sellingAndMarketingExpenses": 0, "sellingGeneralAndAdministrativeExpenses": 32000000, "otherExpenses": 2400000, "operatingExpenses": 34400000, "costAndExpenses": 77300000, "interestIncome": 0, "interestExpense": 0, "depreciationAndAmortization": 2400000, "ebitda": 12500000, "ebitdaratio": 0.1435132032, "operatingIncome": 9800000, "operatingIncomeRatio": 0.1125143513, "totalOtherIncomeExpensesNet": -300000, "incomeBeforeTax": 8800000, "incomeBeforeTaxRatio": 0.1010332951, "incomeTaxExpense": 4000000, "netIncome": 4800000, "netIncomeRatio": 0.05510907, "eps": 0.19, "epsdiluted": 0.18, "weightedAverageShsOut": 25622741, "weightedAverageShsOutDil": 27349258, "link": "https://www.sec.gov/Archives/edgar/data/822663/000088981200001435/0000889812-00-001435-index.html", "finalLink": "https://www.sec.gov/Archives/edgar/data/822663/000088981200001435/", "calculatedOtherExpenses": 2400000, "calculatedOperatingExpenses": 34400000, "calculatedNetInterest": 0, "calculatedOtherIncome": -1000000, "calculatedIncomeNonControlling": 0, "calculatedEbitda": 12200000}, {"date": "1998-12-31", "symbol": "IPAR", "reportedCurrency": "USD", "cik": "0000822663", "fillingDate": "1999-03-31", "acceptedDate": "1999-03-31 00:00:00", "calendarYear": "1998", "period": "FY", "revenue": 89400000, "costOfRevenue": 46000000, "grossProfit": 43400000, "grossProfitRatio": 0.485458613, "researchAndDevelopmentExpenses": 0, "generalAndAdministrativeExpenses": 32900000, "sellingAndMarketingExpenses": 0, "sellingGeneralAndAdministrativeExpenses": 32900000, "otherExpenses": 1400000, "operatingExpenses": 34300000, "costAndExpenses": 80300000, "interestIncome": 0, "interestExpense": 500000, "depreciationAndAmortization": 1400000, "ebitda": 9900000, "ebitdaratio": 0.110738255, "operatingIncome": 9100000, "operatingIncomeRatio": 0.1017897092, "totalOtherIncomeExpensesNet": 600000, "incomeBeforeTax": 8200000, "incomeBeforeTaxRatio": 0.0917225951, "incomeTaxExpense": 3600000, "netIncome": 4600000, "netIncomeRatio": 0.0514541387, "eps": 0.16, "epsdiluted": 0.15, "weightedAverageShsOut": 29387103, "weightedAverageShsOutDil": 30033466, "link": "https://www.sec.gov/Archives/edgar/data/822663/000088981299001042/0000889812-99-001042-index.html", "finalLink": "https://www.sec.gov/Archives/edgar/data/822663/", "calculatedOtherExpenses": 1400000, "calculatedOperatingExpenses": 34300000, "calculatedNetInterest": -500000, "calculatedOtherIncome": -400000, "calculatedIncomeNonControlling": 0, "calculatedEbitda": 10500000}, {"date": "1997-12-31", "symbol": "IPAR", "reportedCurrency": "USD", "cik": "0000822663", "fillingDate": "1998-04-14", "acceptedDate": "1998-04-14 00:00:00", "calendarYear": "1997", "period": "FY", "revenue": 91500000, "costOfRevenue": 48200000, "grossProfit": 43300000, "grossProfitRatio": 0.4732240437, "researchAndDevelopmentExpenses": 0, "generalAndAdministrativeExpenses": 32300000, "sellingAndMarketingExpenses": 0, "sellingGeneralAndAdministrativeExpenses": 32300000, "otherExpenses": 1200000, "operatingExpenses": 33500000, "costAndExpenses": 81700000, "interestIncome": 0, "interestExpense": 0, "depreciationAndAmortization": 1200000, "ebitda": 11800000, "ebitdaratio": 0.1289617486, "operatingIncome": 9800000, "operatingIncomeRatio": 0.1071038251, "totalOtherIncomeExpensesNet": -800000, "incomeBeforeTax": 7400000, "incomeBeforeTaxRatio": 0.0808743169, "incomeTaxExpense": 2900000, "netIncome": 4500000, "netIncomeRatio": 0.0491803279, "eps": 0.14, "epsdiluted": 0.14, "weightedAverageShsOut": 31609115, "weightedAverageShsOutDil": 31609115, "link": "https://www.sec.gov/Archives/edgar/data/822663/000088981298000932/0000889812-98-000932-index.html", "finalLink": "https://www.sec.gov/Archives/edgar/data/822663/", "calculatedOtherExpenses": 1200000, "calculatedOperatingExpenses": 33500000, "calculatedNetInterest": 0, "calculatedOtherIncome": -2400000, "calculatedIncomeNonControlling": 0, "calculatedEbitda": 11000000}, {"date": "1996-12-31", "symbol": "IPAR", "reportedCurrency": "USD", "cik": "0000822663", "fillingDate": "1997-04-15", "acceptedDate": "1997-04-15 00:00:00", "calendarYear": "1996", "period": "FY", "revenue": 93300000, "costOfRevenue": 49800000, "grossProfit": 43500000, "grossProfitRatio": 0.4662379421, "researchAndDevelopmentExpenses": 0, "generalAndAdministrativeExpenses": 32400000, "sellingAndMarketingExpenses": 0, "sellingGeneralAndAdministrativeExpenses": 32400000, "otherExpenses": 1600000, "operatingExpenses": 34000000, "costAndExpenses": 83800000, "interestIncome": 0, "interestExpense": 900000, "depreciationAndAmortization": 1600000, "ebitda": 10600000, "ebitdaratio": 0.1136120043, "operatingIncome": 9500000, "operatingIncomeRatio": 0.1018220793, "totalOtherIncomeExpensesNet": 500000, "incomeBeforeTax": 8500000, "incomeBeforeTaxRatio": 0.0911039657, "incomeTaxExpense": 2800000, "netIncome": 5700000, "netIncomeRatio": 0.0610932476, "eps": 0.17, "epsdiluted": 0.17, "weightedAverageShsOut": 33697562, "weightedAverageShsOutDil": 33697562, "link": "https://www.sec.gov/Archives/edgar/data/822663/000088981297000971/0000889812-97-000971-index.html", "finalLink": "https://www.sec.gov/Archives/edgar/data/822663/", "calculatedOtherExpenses": 1600000, "calculatedOperatingExpenses": 34000000, "calculatedNetInterest": -900000, "calculatedOtherIncome": -100000, "calculatedIncomeNonControlling": 0, "calculatedEbitda": 11100000}, {"date": "1995-12-31", "symbol": "IPAR", "reportedCurrency": "USD", "cik": "0000822663", "fillingDate": "1996-03-29", "acceptedDate": "1996-03-29 00:00:00", "calendarYear": "1995", "period": "FY", "revenue": 93700000, "costOfRevenue": 47400000, "grossProfit": 46300000, "grossProfitRatio": 0.4941302028, "researchAndDevelopmentExpenses": 0, "generalAndAdministrativeExpenses": 33000000, "sellingAndMarketingExpenses": 0, "sellingGeneralAndAdministrativeExpenses": 33000000, "otherExpenses": 1300000, "operatingExpenses": 34300000, "costAndExpenses": 81700000, "interestIncome": 0, "interestExpense": 1100000, "depreciationAndAmortization": 1300000, "ebitda": 11700000, "ebitdaratio": 0.1248665955, "operatingIncome": 12000000, "operatingIncomeRatio": 0.1280683031, "totalOtherIncomeExpensesNet": 1600000, "incomeBeforeTax": 12200000, "incomeBeforeTaxRatio": 0.1302027748, "incomeTaxExpense": 3200000, "netIncome": 9000000, "netIncomeRatio": 0.0960512273, "eps": 0.26, "epsdiluted": 0.26, "weightedAverageShsOut": 35231274, "weightedAverageShsOutDil": 35231274, "link": "https://www.sec.gov/Archives/edgar/data/822663/000088981296000303/0000889812-96-000303-index.html", "finalLink": "https://www.sec.gov/Archives/edgar/data/822663/", "calculatedOtherExpenses": 1300000, "calculatedOperatingExpenses": 34300000, "calculatedNetInterest": -1100000, "calculatedOtherIncome": 1300000, "calculatedIncomeNonControlling": 0, "calculatedEbitda": 13300000}, {"date": "1994-12-31", "symbol": "IPAR", "reportedCurrency": "USD", "cik": "0000822663", "fillingDate": "1994-12-31", "acceptedDate": "1994-12-30 19:00:00", "calendarYear": "1994", "period": "FY", "revenue": 75100000, "costOfRevenue": 38100000, "grossProfit": 37000000, "grossProfitRatio": 0.4926764314, "researchAndDevelopmentExpenses": 0, "generalAndAdministrativeExpenses": 0, "sellingAndMarketingExpenses": 0, "sellingGeneralAndAdministrativeExpenses": 23800000, "otherExpenses": 900000, "operatingExpenses": 24700000, "costAndExpenses": 62800000, "interestIncome": 0, "interestExpense": 800000, "depreciationAndAmortization": 900000, "ebitda": 13000000, "ebitdaratio": 0.17310253, "operatingIncome": 12300000, "operatingIncomeRatio": 0.1637816245, "totalOtherIncomeExpensesNet": 200000, "incomeBeforeTax": 11600000, "incomeBeforeTaxRatio": 0.154460719, "incomeTaxExpense": 4300000, "netIncome": 7300000, "netIncomeRatio": 0.0972037284, "eps": 0.21, "epsdiluted": 0.21, "weightedAverageShsOut": 34911860, "weightedAverageShsOutDil": 34911860, "link": "", "finalLink": "", "calculatedOtherExpenses": 900000, "calculatedOperatingExpenses": 24700000, "calculatedNetInterest": -800000, "calculatedOtherIncome": 100000, "calculatedIncomeNonControlling": 0, "calculatedEbitda": 13200000}, {"date": "1993-12-31", "symbol": "IPAR", "reportedCurrency": "USD", "cik": "0000822663", "fillingDate": "1993-12-31", "acceptedDate": "1993-12-30 19:00:00", "calendarYear": "1993", "period": "FY", "revenue": 59500000, "costOfRevenue": 32600000, "grossProfit": 26900000, "grossProfitRatio": 0.4521008403, "researchAndDevelopmentExpenses": 0, "generalAndAdministrativeExpenses": 0, "sellingAndMarketingExpenses": 0, "sellingGeneralAndAdministrativeExpenses": 15800000, "otherExpenses": 400000, "operatingExpenses": 16200000, "costAndExpenses": 48800000, "interestIncome": 0, "interestExpense": 600000, "depreciationAndAmortization": 400000, "ebitda": 9900000, "ebitdaratio": 0.1663865546, "operatingIncome": 10700000, "operatingIncomeRatio": 0.1798319328, "totalOtherIncomeExpensesNet": 1200000, "incomeBeforeTax": 11200000, "incomeBeforeTaxRatio": 0.1882352941, "incomeTaxExpense": 4100000, "netIncome": 7100000, "netIncomeRatio": 0.1193277311, "eps": 0.22, "epsdiluted": 0.21, "weightedAverageShsOut": 31918002, "weightedAverageShsOutDil": 33955370, "link": "", "finalLink": "", "calculatedOtherExpenses": 400000, "calculatedOperatingExpenses": 16200000, "calculatedNetInterest": -600000, "calculatedOtherIncome": 1100000, "calculatedIncomeNonControlling": 0, "calculatedEbitda": 11100000}, {"date": "1992-12-31", "symbol": "IPAR", "reportedCurrency": "USD", "cik": "0000822663", "fillingDate": "1992-12-31", "acceptedDate": "1992-12-30 19:00:00", "calendarYear": "1992", "period": "FY", "revenue": 43700000, "costOfRevenue": 24200000, "grossProfit": 19500000, "grossProfitRatio": 0.4462242563, "researchAndDevelopmentExpenses": 0, "generalAndAdministrativeExpenses": 0, "sellingAndMarketingExpenses": 0, "sellingGeneralAndAdministrativeExpenses": 12500000, "otherExpenses": 300000, "operatingExpenses": 12800000, "costAndExpenses": 37000000, "interestIncome": 0, "interestExpense": 500000, "depreciationAndAmortization": 300000, "ebitda": 6500000, "ebitdaratio": 0.1487414188, "operatingIncome": 6700000, "operatingIncomeRatio": 0.1533180778, "totalOtherIncomeExpensesNet": 500000, "incomeBeforeTax": 6700000, "incomeBeforeTaxRatio": 0.1533180778, "incomeTaxExpense": 2400000, "netIncome": 4300000, "netIncomeRatio": 0.0983981693, "eps": 0.15, "epsdiluted": 0.15, "weightedAverageShsOut": 29288959, "weightedAverageShsOutDil": 29288959, "link": "", "finalLink": "", "calculatedOtherExpenses": 300000, "calculatedOperatingExpenses": 12800000, "calculatedNetInterest": -500000, "calculatedOtherIncome": 500000, "calculatedIncomeNonControlling": 0, "calculatedEbitda": 7000000}, {"date": "1991-12-31", "symbol": "IPAR", "reportedCurrency": "USD", "cik": "0000822663", "fillingDate": "1991-12-31", "acceptedDate": "1991-12-30 19:00:00", "calendarYear": "1991", "period": "FY", "revenue": 25500000, "costOfRevenue": 13800000, "grossProfit": 11700000, "grossProfitRatio": 0.4588235294, "researchAndDevelopmentExpenses": 0, "generalAndAdministrativeExpenses": 0, "sellingAndMarketingExpenses": 0, "sellingGeneralAndAdministrativeExpenses": 8200000, "otherExpenses": 300000, "operatingExpenses": 8500000, "costAndExpenses": 22300000, "interestIncome": 0, "interestExpense": 400000, "depreciationAndAmortization": 300000, "ebitda": 3300000, "ebitdaratio": 0.1294117647, "operatingIncome": 3200000, "operatingIncomeRatio": 0.1254901961, "totalOtherIncomeExpensesNet": 200000, "incomeBeforeTax": 2900000, "incomeBeforeTaxRatio": 0.1137254902, "incomeTaxExpense": 1000000, "netIncome": 1900000, "netIncomeRatio": 0.0745098039, "eps": 0.0801, "epsdiluted": 0.0801, "weightedAverageShsOut": 23726274, "weightedAverageShsOutDil": 23726274, "link": "", "finalLink": "", "calculatedOtherExpenses": 300000, "calculatedOperatingExpenses": 8500000, "calculatedNetInterest": -400000, "calculatedOtherIncome": 100000, "calculatedIncomeNonControlling": 0, "calculatedEbitda": 3500000}, {"date": "1990-12-31", "symbol": "IPAR", "reportedCurrency": "USD", "cik": "0000822663", "fillingDate": "1990-12-31", "acceptedDate": "1990-12-30 19:00:00", "calendarYear": "1990", "period": "FY", "revenue": 8600000, "costOfRevenue": 4100000, "grossProfit": 4500000, "grossProfitRatio": 0.523255814, "researchAndDevelopmentExpenses": 0, "generalAndAdministrativeExpenses": 0, "sellingAndMarketingExpenses": 0, "sellingGeneralAndAdministrativeExpenses": 2900000, "otherExpenses": 100000, "operatingExpenses": 3000000, "costAndExpenses": 7100000, "interestIncome": 0, "interestExpense": 100000, "depreciationAndAmortization": 100000, "ebitda": 1500000, "ebitdaratio": 0.1744186047, "operatingIncome": 1500000, "operatingIncomeRatio": 0.1744186047, "totalOtherIncomeExpensesNet": 100000, "incomeBeforeTax": 1500000, "incomeBeforeTaxRatio": 0.1744186047, "incomeTaxExpense": 600000, "netIncome": 900000, "netIncomeRatio": 0.1046511628, "eps": 0.0578, "epsdiluted": 0.0578, "weightedAverageShsOut": 15561242, "weightedAverageShsOutDil": 15561242, "link": "", "finalLink": "", "calculatedOtherExpenses": 100000, "calculatedOperatingExpenses": 3000000, "calculatedNetInterest": -100000, "calculatedOtherIncome": 100000, "calculatedIncomeNonControlling": 0, "calculatedEbitda": 1600000}, {"date": "1989-12-31", "symbol": "IPAR", "reportedCurrency": "USD", "cik": "0000822663", "fillingDate": "1989-12-31", "acceptedDate": "1989-12-30 19:00:00", "calendarYear": "1989", "period": "FY", "revenue": 5100000, "costOfRevenue": 2500000, "grossProfit": 2600000, "grossProfitRatio": 0.5098039216, "researchAndDevelopmentExpenses": 0, "generalAndAdministrativeExpenses": 0, "sellingAndMarketingExpenses": 0, "sellingGeneralAndAdministrativeExpenses": 1900000, "otherExpenses": 0, "operatingExpenses": 1900000, "costAndExpenses": 4400000, "interestIncome": 0, "interestExpense": 0, "depreciationAndAmortization": -100000, "ebitda": 600000, "ebitdaratio": 0.1176470588, "operatingIncome": 700000, "operatingIncomeRatio": 0.137254902, "totalOtherIncomeExpensesNet": 100000, "incomeBeforeTax": 800000, "incomeBeforeTaxRatio": 0.1568627451, "incomeTaxExpense": 300000, "netIncome": 500000, "netIncomeRatio": 0.0980392157, "eps": 0.0356, "epsdiluted": 0.0356, "weightedAverageShsOut": 14048495, "weightedAverageShsOutDil": 14048495, "link": "", "finalLink": "", "calculatedOtherExpenses": 0, "calculatedOperatingExpenses": 1900000, "calculatedNetInterest": 0, "calculatedOtherIncome": 100000, "calculatedIncomeNonControlling": 0, "calculatedEbitda": 600000}, {"date": "1988-12-31", "symbol": "IPAR", "reportedCurrency": "USD", "cik": "0000822663", "fillingDate": "1988-12-31", "acceptedDate": "1988-12-30 19:00:00", "calendarYear": "1988", "period": "FY", "revenue": 4500000, "costOfRevenue": 2500000, "grossProfit": 2000000, "grossProfitRatio": 0.4444444444, "researchAndDevelopmentExpenses": 0, "generalAndAdministrativeExpenses": 0, "sellingAndMarketingExpenses": 0, "sellingGeneralAndAdministrativeExpenses": 1300000, "otherExpenses": 0, "operatingExpenses": 1300000, "costAndExpenses": 3800000, "interestIncome": 0, "interestExpense": 0, "depreciationAndAmortization": -100000, "ebitda": 600000, "ebitdaratio": 0.1333333333, "operatingIncome": 700000, "operatingIncomeRatio": 0.1555555556, "totalOtherIncomeExpensesNet": 100000, "incomeBeforeTax": 800000, "incomeBeforeTaxRatio": 0.1777777778, "incomeTaxExpense": 300000, "netIncome": 500000, "netIncomeRatio": 0.1111111111, "eps": 0.0356, "epsdiluted": 0.0356, "weightedAverageShsOut": 14048495, "weightedAverageShsOutDil": 14048495, "link": "", "finalLink": "", "calculatedOtherExpenses": 0, "calculatedOperatingExpenses": 1300000, "calculatedNetInterest": 0, "calculatedOtherIncome": 100000, "calculatedIncomeNonControlling": 0, "calculatedEbitda": 600000}, {"date": "1987-12-31", "symbol": "IPAR", "reportedCurrency": "USD", "cik": "0000822663", "fillingDate": "1987-12-31", "acceptedDate": "1987-12-30 19:00:00", "calendarYear": "1987", "period": "FY", "revenue": 3400000, "costOfRevenue": 1700000, "grossProfit": 1700000, "grossProfitRatio": 0.5, "researchAndDevelopmentExpenses": 0, "generalAndAdministrativeExpenses": 0, "sellingAndMarketingExpenses": 0, "sellingGeneralAndAdministrativeExpenses": 900000, "otherExpenses": 0, "operatingExpenses": 900000, "costAndExpenses": 2600000, "interestIncome": 0, "interestExpense": 0, "depreciationAndAmortization": -100000, "ebitda": 700000, "ebitdaratio": 0.2058823529, "operatingIncome": 800000, "operatingIncomeRatio": 0.2352941176, "totalOtherIncomeExpensesNet": 100000, "incomeBeforeTax": 900000, "incomeBeforeTaxRatio": 0.2647058824, "incomeTaxExpense": 400000, "netIncome": 500000, "netIncomeRatio": 0.1470588235, "eps": 0.0445, "epsdiluted": 0.0445, "weightedAverageShsOut": 11238733, "weightedAverageShsOutDil": 11238733, "link": "", "finalLink": "", "calculatedOtherExpenses": 0, "calculatedOperatingExpenses": 900000, "calculatedNetInterest": 0, "calculatedOtherIncome": 100000, "calculatedIncomeNonControlling": 0, "calculatedEbitda": 700000}]}