{"originalCurrency": "USD", "convertedCurrency": "USD", "report": [{"date": "2023-12-31", "symbol": "IPGP", "reportedCurrency": "USD", "cik": "0001111928", "fillingDate": "2024-02-21", "acceptedDate": "2024-02-21 16:32:36", "calendarYear": "2023", "period": "FY", "revenue": 1287439000, "costOfRevenue": 751394000, "grossProfit": 536045000, "grossProfitRatio": 0.4163653579, "researchAndDevelopmentExpenses": 98704000, "generalAndAdministrativeExpenses": 125749000, "sellingAndMarketingExpenses": 85679000, "sellingGeneralAndAdministrativeExpenses": 205775000, "otherExpenses": 1167000, "operatingExpenses": 304479000, "costAndExpenses": 1055873000, "interestIncome": 41735000, "interestExpense": 41735000, "depreciationAndAmortization": 69621000, "ebitda": 301187000, "ebitdaratio": 0.2339427344, "operatingIncome": 231566000, "operatingIncomeRatio": 0.1798656092, "totalOtherIncomeExpensesNet": 43309000, "incomeBeforeTax": 274875000, "incomeBeforeTaxRatio": 0.2135052612, "incomeTaxExpense": 55997000, "netIncome": 218878000, "netIncomeRatio": 0.170010385, "eps": 4.64, "epsdiluted": 4.63, "weightedAverageShsOut": 47154217, "weightedAverageShsOutDil": 47320075, "link": "https://www.sec.gov/Archives/edgar/data/1111928/000111192824000019/0001111928-24-000019-index.htm", "finalLink": "https://www.sec.gov/Archives/edgar/data/1111928/000111192824000019/ipgp-20231231.htm", "calculatedOtherExpenses": 0, "calculatedOperatingExpenses": 304479000, "calculatedNetInterest": 0, "calculatedOtherIncome": 43309000, "calculatedIncomeNonControlling": 0, "calculatedEbitda": 301187000}, {"date": "2022-12-31", "symbol": "IPGP", "reportedCurrency": "USD", "cik": "0001111928", "fillingDate": "2023-02-27", "acceptedDate": "2023-02-27 16:56:51", "calendarYear": "2022", "period": "FY", "revenue": 1429547000, "costOfRevenue": 874134000, "grossProfit": 555413000, "grossProfitRatio": 0.3885237771, "researchAndDevelopmentExpenses": 116114000, "generalAndAdministrativeExpenses": 131253000, "sellingAndMarketingExpenses": 76643000, "sellingGeneralAndAdministrativeExpenses": 207896000, "otherExpenses": 1231000, "operatingExpenses": 324010000, "costAndExpenses": 1198144000, "interestIncome": 12620000, "interestExpense": 12620000, "depreciationAndAmortization": 90564000, "ebitda": 383870000, "ebitdaratio": 0.2685256239, "operatingIncome": 293306000, "operatingIncomeRatio": 0.2051740866, "totalOtherIncomeExpensesNet": -109955000, "incomeBeforeTax": 183351000, "incomeBeforeTaxRatio": 0.1282581125, "incomeTaxExpense": 72589000, "netIncome": 109909000, "netIncomeRatio": 0.0768837961, "eps": 2.17, "epsdiluted": 2.16, "weightedAverageShsOut": 50761096, "weightedAverageShsOutDil": 50924742, "link": "https://www.sec.gov/Archives/edgar/data/1111928/000111192823000039/0001111928-23-000039-index.htm", "finalLink": "https://www.sec.gov/Archives/edgar/data/1111928/000111192823000039/ipgp-20221231.htm", "calculatedOtherExpenses": -61903000, "calculatedOperatingExpenses": 262107000, "calculatedNetInterest": 0, "calculatedOtherIncome": -109955000, "calculatedIncomeNonControlling": 853000, "calculatedEbitda": 383870000}, {"date": "2021-12-31", "symbol": "IPGP", "reportedCurrency": "USD", "cik": "0001111928", "fillingDate": "2022-02-22", "acceptedDate": "2022-02-22 16:42:20", "calendarYear": "2021", "period": "FY", "revenue": 1460860000, "costOfRevenue": 764462000, "grossProfit": 696398000, "grossProfitRatio": 0.4767041332, "researchAndDevelopmentExpenses": 139573000, "generalAndAdministrativeExpenses": 125882000, "sellingAndMarketingExpenses": 78180000, "sellingGeneralAndAdministrativeExpenses": 204062000, "otherExpenses": 437000, "operatingExpenses": 343635000, "costAndExpenses": 1108097000, "interestIncome": 1839000, "interestExpense": -1839000, "depreciationAndAmortization": 66090000, "ebitda": 433973000, "ebitdaratio": 0.2970667963, "operatingIncome": 367883000, "operatingIncomeRatio": 0.2518263215, "totalOtherIncomeExpensesNet": -1402000, "incomeBeforeTax": 366481000, "incomeBeforeTaxRatio": 0.2508666128, "incomeTaxExpense": 88615000, "netIncome": 278416000, "netIncomeRatio": 0.1905836288, "eps": 5.21, "epsdiluted": 5.16, "weightedAverageShsOut": 53409673, "weightedAverageShsOutDil": 53930227, "link": "https://www.sec.gov/Archives/edgar/data/1111928/000111192822000025/0001111928-22-000025-index.htm", "finalLink": "https://www.sec.gov/Archives/edgar/data/1111928/000111192822000025/ipgp-20211231.htm", "calculatedOtherExpenses": -15120000, "calculatedOperatingExpenses": 328515000, "calculatedNetInterest": 3678000, "calculatedOtherIncome": -5080000, "calculatedIncomeNonControlling": -550000, "calculatedEbitda": 433973000}, {"date": "2020-12-31", "symbol": "IPGP", "reportedCurrency": "USD", "cik": "0001111928", "fillingDate": "2021-02-22", "acceptedDate": "2021-02-22 16:11:45", "calendarYear": "2020", "period": "FY", "revenue": 1200724000, "costOfRevenue": 661728000, "grossProfit": 538996000, "grossProfitRatio": 0.4488925015, "researchAndDevelopmentExpenses": 126898000, "generalAndAdministrativeExpenses": 110005000, "sellingAndMarketingExpenses": 70583000, "sellingGeneralAndAdministrativeExpenses": 180588000, "otherExpenses": 763000, "operatingExpenses": 307486000, "costAndExpenses": 969214000, "interestIncome": 6270000, "interestExpense": 0, "depreciationAndAmortization": 160256000, "ebitda": 358915000, "ebitdaratio": 0.2989154877, "operatingIncome": 198659000, "operatingIncomeRatio": 0.1654493456, "totalOtherIncomeExpensesNet": 7033000, "incomeBeforeTax": 205692000, "incomeBeforeTaxRatio": 0.171306645, "incomeTaxExpense": 45354000, "netIncome": 159572000, "netIncomeRatio": 0.1328964858, "eps": 3, "epsdiluted": 2.97, "weightedAverageShsOut": 53186000, "weightedAverageShsOutDil": 53785000, "link": "https://www.sec.gov/Archives/edgar/data/1111928/000111192821000026/0001111928-21-000026-index.htm", "finalLink": "https://www.sec.gov/Archives/edgar/data/1111928/000111192821000026/ipgp-20201231.htm", "calculatedOtherExpenses": 32851000, "calculatedOperatingExpenses": 340337000, "calculatedNetInterest": 6270000, "calculatedOtherIncome": 763000, "calculatedIncomeNonControlling": 766000, "calculatedEbitda": 358915000}, {"date": "2019-12-31", "symbol": "IPGP", "reportedCurrency": "USD", "cik": "0001111928", "fillingDate": "2020-02-24", "acceptedDate": "2020-02-24 16:11:54", "calendarYear": "2019", "period": "FY", "revenue": 1314581000, "costOfRevenue": 708372000, "grossProfit": 606209000, "grossProfitRatio": 0.4611423716, "researchAndDevelopmentExpenses": 129997000, "generalAndAdministrativeExpenses": 107597000, "sellingAndMarketingExpenses": 77745000, "sellingGeneralAndAdministrativeExpenses": 185342000, "otherExpenses": 345000, "operatingExpenses": 315339000, "costAndExpenses": 1023711000, "interestIncome": 14238000, "interestExpense": 14238000, "depreciationAndAmortization": 96268000, "ebitda": 444215000, "ebitdaratio": 0.3379137535, "operatingIncome": 347947000, "operatingIncomeRatio": 0.2646828153, "totalOtherIncomeExpensesNet": -99571000, "incomeBeforeTax": 248376000, "incomeBeforeTaxRatio": 0.1889392894, "incomeTaxExpense": 68115000, "netIncome": 180234000, "netIncomeRatio": 0.1371037616, "eps": 3.4, "epsdiluted": 3.35, "weightedAverageShsOut": 53061000, "weightedAverageShsOutDil": 53839000, "link": "https://www.sec.gov/Archives/edgar/data/1111928/000111192820000030/0001111928-20-000030-index.htm", "finalLink": "https://www.sec.gov/Archives/edgar/data/1111928/000111192820000030/ipgp-20191231.htm", "calculatedOtherExpenses": -57077000, "calculatedOperatingExpenses": 258262000, "calculatedNetInterest": 0, "calculatedOtherIncome": -99571000, "calculatedIncomeNonControlling": 27000, "calculatedEbitda": 444215000}, {"date": "2018-12-31", "symbol": "IPGP", "reportedCurrency": "USD", "cik": "0001111928", "fillingDate": "2019-02-27", "acceptedDate": "2019-02-27 16:33:14", "calendarYear": "2018", "period": "FY", "revenue": 1459874000, "costOfRevenue": 659606000, "grossProfit": 800268000, "grossProfitRatio": 0.5481760755, "researchAndDevelopmentExpenses": 122769000, "generalAndAdministrativeExpenses": 102429000, "sellingAndMarketingExpenses": 57815000, "sellingGeneralAndAdministrativeExpenses": 160244000, "otherExpenses": 1933000, "operatingExpenses": 283013000, "costAndExpenses": 942619000, "interestIncome": 0, "interestExpense": 0, "depreciationAndAmortization": 80271000, "ebitda": 591376000, "ebitdaratio": 0.4050870144, "operatingIncome": 523405000, "operatingIncomeRatio": 0.3585275168, "totalOtherIncomeExpensesNet": 8083000, "incomeBeforeTax": 534395000, "incomeBeforeTaxRatio": 0.3660555637, "incomeTaxExpense": 130226000, "netIncome": 404027000, "netIncomeRatio": 0.2767547062, "eps": 7.55, "epsdiluted": 7.38, "weightedAverageShsOut": 53522000, "weightedAverageShsOutDil": 54726000, "link": "https://www.sec.gov/Archives/edgar/data/1111928/000111192819000035/0001111928-19-000035-index.htm", "finalLink": "https://www.sec.gov/Archives/edgar/data/1111928/000111192819000035/ipgp-20181231.htm", "calculatedOtherExpenses": -6150000, "calculatedOperatingExpenses": 276863000, "calculatedNetInterest": 0, "calculatedOtherIncome": 10990000, "calculatedIncomeNonControlling": 142000, "calculatedEbitda": 603676000}, {"date": "2017-12-31", "symbol": "IPGP", "reportedCurrency": "USD", "cik": "0001111928", "fillingDate": "2018-02-28", "acceptedDate": "2018-02-27 17:43:31", "calendarYear": "2017", "period": "FY", "revenue": 1408889000, "costOfRevenue": 611978000, "grossProfit": 796911000, "grossProfitRatio": 0.5656307914, "researchAndDevelopmentExpenses": 100870000, "generalAndAdministrativeExpenses": 80668000, "sellingAndMarketingExpenses": 49801000, "sellingGeneralAndAdministrativeExpenses": 130469000, "otherExpenses": 22000, "operatingExpenses": 231339000, "costAndExpenses": 843317000, "interestIncome": 0, "interestExpense": 737000, "depreciationAndAmortization": 64568000, "ebitda": 644600000, "ebitdaratio": 0.4575236232, "operatingIncome": 551112000, "operatingIncomeRatio": 0.3911677925, "totalOtherIncomeExpensesNet": -14438000, "incomeBeforeTax": 551871000, "incomeBeforeTaxRatio": 0.3917065148, "incomeTaxExpense": 204283000, "netIncome": 347614000, "netIncomeRatio": 0.2467291604, "eps": 6.5, "epsdiluted": 6.36, "weightedAverageShsOut": 53495000, "weightedAverageShsOutDil": 54699000, "link": "https://www.sec.gov/Archives/edgar/data/1111928/000111192818000034/0001111928-18-000034-index.htm", "finalLink": "https://www.sec.gov/Archives/edgar/data/1111928/000111192818000034/ipgp-20171231x10k.htm", "calculatedOtherExpenses": 14460000, "calculatedOperatingExpenses": 245799000, "calculatedNetInterest": -737000, "calculatedOtherIncome": 1496000, "calculatedIncomeNonControlling": -26000, "calculatedEbitda": 615680000}, {"date": "2016-12-31", "symbol": "IPGP", "reportedCurrency": "USD", "cik": "0001111928", "fillingDate": "2017-02-27", "acceptedDate": "2017-02-27 16:51:36", "calendarYear": "2016", "period": "FY", "revenue": 1006173000, "costOfRevenue": 453933000, "grossProfit": 552240000, "grossProfitRatio": 0.548851937, "researchAndDevelopmentExpenses": 78552000, "generalAndAdministrativeExpenses": 66486000, "sellingAndMarketingExpenses": 38393000, "sellingGeneralAndAdministrativeExpenses": 104879000, "otherExpenses": 948000, "operatingExpenses": 183431000, "costAndExpenses": 637364000, "interestIncome": 0, "interestExpense": 1304000, "depreciationAndAmortization": 51475000, "ebitda": 424780000, "ebitdaratio": 0.4221739204, "operatingIncome": 364313000, "operatingIncomeRatio": 0.3620778932, "totalOtherIncomeExpensesNet": -3548000, "incomeBeforeTax": 366565000, "incomeBeforeTaxRatio": 0.3643160769, "incomeTaxExpense": 105849000, "netIncome": 260752000, "netIncomeRatio": 0.2591522531, "eps": 4.91, "epsdiluted": 4.85, "weightedAverageShsOut": 53068000, "weightedAverageShsOutDil": 53797000, "link": "https://www.sec.gov/Archives/edgar/data/1111928/000111192817000055/0001111928-17-000055-index.htm", "finalLink": "https://www.sec.gov/Archives/edgar/data/1111928/000111192817000055/ipgp-20161231x10k.htm", "calculatedOtherExpenses": 4496000, "calculatedOperatingExpenses": 187927000, "calculatedNetInterest": -1304000, "calculatedOtherIncome": 3556000, "calculatedIncomeNonControlling": -36000, "calculatedEbitda": 415788000}, {"date": "2015-12-31", "symbol": "IPGP", "reportedCurrency": "USD", "cik": "0001111928", "fillingDate": "2016-02-26", "acceptedDate": "2016-02-26 16:49:51", "calendarYear": "2015", "period": "FY", "revenue": 901265000, "costOfRevenue": 409388000, "grossProfit": 491877000, "grossProfitRatio": 0.5457628999, "researchAndDevelopmentExpenses": 63334000, "generalAndAdministrativeExpenses": 57192000, "sellingAndMarketingExpenses": 31868000, "sellingGeneralAndAdministrativeExpenses": 89060000, "otherExpenses": -125000, "operatingExpenses": 152394000, "costAndExpenses": 561782000, "interestIncome": 0, "interestExpense": -301000, "depreciationAndAmortization": 42415000, "ebitda": 379338000, "ebitdaratio": 0.4208950753, "operatingIncome": 342043000, "operatingIncomeRatio": 0.3795143493, "totalOtherIncomeExpensesNet": 2435000, "incomeBeforeTax": 341617000, "incomeBeforeTaxRatio": 0.3790416803, "incomeTaxExpense": 99590000, "netIncome": 242154000, "netIncomeRatio": 0.268682352, "eps": 4.59, "epsdiluted": 4.53, "weightedAverageShsOut": 52676000, "weightedAverageShsOutDil": 53427000, "link": "https://www.sec.gov/Archives/edgar/data/1111928/000111192816000159/0001111928-16-000159-index.htm", "finalLink": "https://www.sec.gov/Archives/edgar/data/1111928/000111192816000159/ipgp-20151231x10k.htm", "calculatedOtherExpenses": -2560000, "calculatedOperatingExpenses": 149834000, "calculatedNetInterest": 301000, "calculatedOtherIncome": -727000, "calculatedIncomeNonControlling": -127000, "calculatedEbitda": 384458000}, {"date": "2014-12-31", "symbol": "IPGP", "reportedCurrency": "USD", "cik": "0001111928", "fillingDate": "2015-03-02", "acceptedDate": "2015-03-02 08:00:33", "calendarYear": "2014", "period": "FY", "revenue": 769832000, "costOfRevenue": 353314000, "grossProfit": 416518000, "grossProfitRatio": 0.5410505149, "researchAndDevelopmentExpenses": 53403000, "generalAndAdministrativeExpenses": 55338000, "sellingAndMarketingExpenses": 30637000, "sellingGeneralAndAdministrativeExpenses": 85975000, "otherExpenses": 793000, "operatingExpenses": 139378000, "costAndExpenses": 492692000, "interestIncome": 0, "interestExpense": -77000, "depreciationAndAmortization": 35612000, "ebitda": 306134000, "ebitdaratio": 0.3976633863, "operatingIncome": 283758000, "operatingIncomeRatio": 0.3685973043, "totalOtherIncomeExpensesNet": 7411000, "incomeBeforeTax": 284474000, "incomeBeforeTaxRatio": 0.3695273774, "incomeTaxExpense": 84029000, "netIncome": 200445000, "netIncomeRatio": 0.2603749909, "eps": 3.85, "epsdiluted": 3.79, "weightedAverageShsOut": 52104000, "weightedAverageShsOutDil": 52824000, "link": "https://www.sec.gov/Archives/edgar/data/1111928/000111192815000040/0001111928-15-000040-index.htm", "finalLink": "https://www.sec.gov/Archives/edgar/data/1111928/000111192815000040/ipgp-20141231x10k.htm", "calculatedOtherExpenses": -6618000, "calculatedOperatingExpenses": 132760000, "calculatedNetInterest": 77000, "calculatedOtherIncome": 639000, "calculatedIncomeNonControlling": 0, "calculatedEbitda": 319370000}, {"date": "2013-12-31", "symbol": "IPGP", "reportedCurrency": "USD", "cik": "0001111928", "fillingDate": "2014-02-28", "acceptedDate": "2014-02-28 16:03:09", "calendarYear": "2013", "period": "FY", "revenue": 648034000, "costOfRevenue": 308136000, "grossProfit": 339898000, "grossProfitRatio": 0.5245064302, "researchAndDevelopmentExpenses": 41660000, "generalAndAdministrativeExpenses": 50863000, "sellingAndMarketingExpenses": 26692000, "sellingGeneralAndAdministrativeExpenses": 77555000, "otherExpenses": 155000, "operatingExpenses": 119215000, "costAndExpenses": 427351000, "interestIncome": 0, "interestExpense": -1000, "depreciationAndAmortization": 32291000, "ebitda": 255510000, "ebitdaratio": 0.3942848678, "operatingIncome": 218147000, "operatingIncomeRatio": 0.3366289423, "totalOtherIncomeExpensesNet": -2381000, "incomeBeforeTax": 218301000, "incomeBeforeTaxRatio": 0.3368665842, "incomeTaxExpense": 62521000, "netIncome": 155780000, "netIncomeRatio": 0.2403886216, "eps": 3.02, "epsdiluted": 2.97, "weightedAverageShsOut": 51548000, "weightedAverageShsOutDil": 52375000, "link": "https://www.sec.gov/Archives/edgar/data/1111928/000111192814000013/0001111928-14-000013-index.htm", "finalLink": "https://www.sec.gov/Archives/edgar/data/1111928/000111192814000013/ipgp-20131231x10k.htm", "calculatedOtherExpenses": 2536000, "calculatedOperatingExpenses": 121751000, "calculatedNetInterest": 1000, "calculatedOtherIncome": 153000, "calculatedIncomeNonControlling": 0, "calculatedEbitda": 250438000}, {"date": "2012-12-31", "symbol": "IPGP", "reportedCurrency": "USD", "cik": "0001111928", "fillingDate": "2013-02-28", "acceptedDate": "2013-02-28 17:15:28", "calendarYear": "2012", "period": "FY", "revenue": 562528000, "costOfRevenue": 257801000, "grossProfit": 304727000, "grossProfitRatio": 0.5417099238, "researchAndDevelopmentExpenses": 31401000, "generalAndAdministrativeExpenses": 39231000, "sellingAndMarketingExpenses": 23845000, "sellingGeneralAndAdministrativeExpenses": 63076000, "otherExpenses": 8000, "operatingExpenses": 94477000, "costAndExpenses": 352278000, "interestIncome": 0, "interestExpense": 319000, "depreciationAndAmortization": 26357000, "ebitda": 237969000, "ebitdaratio": 0.4230349423, "operatingIncome": 208888000, "operatingIncomeRatio": 0.3713379601, "totalOtherIncomeExpensesNet": -1354000, "incomeBeforeTax": 209215000, "incomeBeforeTaxRatio": 0.3719192645, "incomeTaxExpense": 61471000, "netIncome": 145004000, "netIncomeRatio": 0.2577720576, "eps": 2.87, "epsdiluted": 2.81, "weightedAverageShsOut": 50477000, "weightedAverageShsOutDil": 51536000, "link": "https://www.sec.gov/Archives/edgar/data/1111928/000119312513084799/0001193125-13-084799-index.htm", "finalLink": "https://www.sec.gov/Archives/edgar/data/1111928/000119312513084799/d447999d10k.htm", "calculatedOtherExpenses": 1362000, "calculatedOperatingExpenses": 95839000, "calculatedNetInterest": -319000, "calculatedOtherIncome": 646000, "calculatedIncomeNonControlling": 2740000, "calculatedEbitda": 235245000}, {"date": "2011-12-31", "symbol": "IPGP", "reportedCurrency": "USD", "cik": "0001111928", "fillingDate": "2012-02-27", "acceptedDate": "2012-02-27 16:04:07", "calendarYear": "2011", "period": "FY", "revenue": 474482000, "costOfRevenue": 217227000, "grossProfit": 257255000, "grossProfitRatio": 0.542180736, "researchAndDevelopmentExpenses": 25422000, "generalAndAdministrativeExpenses": 37442000, "sellingAndMarketingExpenses": 21731000, "sellingGeneralAndAdministrativeExpenses": 59173000, "otherExpenses": 0, "operatingExpenses": 84595000, "costAndExpenses": 301822000, "interestIncome": 0, "interestExpense": 681000, "depreciationAndAmortization": 24382000, "ebitda": 197042000, "ebitdaratio": 0.4152781349, "operatingIncome": 175522000, "operatingIncomeRatio": 0.3699234112, "totalOtherIncomeExpensesNet": 2605000, "incomeBeforeTax": 174584000, "incomeBeforeTaxRatio": 0.3679465185, "incomeTaxExpense": 53575000, "netIncome": 117759000, "netIncomeRatio": 0.2481843358, "eps": 2.48, "epsdiluted": 2.41, "weightedAverageShsOut": 47365000, "weightedAverageShsOutDil": 48685000, "link": "https://www.sec.gov/Archives/edgar/data/1111928/000119312512081509/0001193125-12-081509-index.htm", "finalLink": "https://www.sec.gov/Archives/edgar/data/1111928/000119312512081509/d276094d10k.htm", "calculatedOtherExpenses": -2862000, "calculatedOperatingExpenses": 81733000, "calculatedNetInterest": -681000, "calculatedOtherIncome": -257000, "calculatedIncomeNonControlling": 3250000, "calculatedEbitda": 199904000}, {"date": "2010-12-31", "symbol": "IPGP", "reportedCurrency": "USD", "cik": "0001111928", "fillingDate": "2011-03-15", "acceptedDate": "2011-03-15 17:21:27", "calendarYear": "2010", "period": "FY", "revenue": 299256000, "costOfRevenue": 152798000, "grossProfit": 146458000, "grossProfitRatio": 0.4894070628, "researchAndDevelopmentExpenses": 19160000, "generalAndAdministrativeExpenses": 28645000, "sellingAndMarketingExpenses": 19100000, "sellingGeneralAndAdministrativeExpenses": 47745000, "otherExpenses": -848000, "operatingExpenses": 66057000, "costAndExpenses": 218855000, "interestIncome": 0, "interestExpense": 1188000, "depreciationAndAmortization": 21845000, "ebitda": 102207000, "ebitdaratio": 0.3415370118, "operatingIncome": 80401000, "operatingIncomeRatio": 0.268669634, "totalOtherIncomeExpensesNet": 39000, "incomeBeforeTax": 79252000, "incomeBeforeTaxRatio": 0.264830112, "incomeTaxExpense": 24900000, "netIncome": 53991000, "netIncomeRatio": 0.1804174352, "eps": 1.16, "epsdiluted": 1.13, "weightedAverageShsOut": 46424000, "weightedAverageShsOutDil": 47594000, "link": "https://www.sec.gov/Archives/edgar/data/1111928/000095012311025637/0000950123-11-025637-index.htm", "finalLink": "https://www.sec.gov/Archives/edgar/data/1111928/000095012311025637/b84118e10vk.htm", "calculatedOtherExpenses": -848000, "calculatedOperatingExpenses": 66057000, "calculatedNetInterest": -1188000, "calculatedOtherIncome": 39000, "calculatedIncomeNonControlling": 361000, "calculatedEbitda": 102246000}, {"date": "2009-12-31", "symbol": "IPGP", "reportedCurrency": "USD", "cik": "0001111928", "fillingDate": "2010-03-15", "acceptedDate": "2010-03-15 16:20:24", "calendarYear": "2009", "period": "FY", "revenue": 185894000, "costOfRevenue": 121626000, "grossProfit": 64268000, "grossProfitRatio": 0.3457239072, "researchAndDevelopmentExpenses": 18543000, "generalAndAdministrativeExpenses": 20489000, "sellingAndMarketingExpenses": 15157000, "sellingGeneralAndAdministrativeExpenses": 35646000, "otherExpenses": 1022000, "operatingExpenses": 55211000, "costAndExpenses": 176837000, "interestIncome": 0, "interestExpense": 1252000, "depreciationAndAmortization": 19172000, "ebitda": 28229000, "ebitdaratio": 0.1518553584, "operatingIncome": 9057000, "operatingIncomeRatio": 0.0487213143, "totalOtherIncomeExpensesNet": -36000, "incomeBeforeTax": 7769000, "incomeBeforeTaxRatio": 0.0417926345, "incomeTaxExpense": 2485000, "netIncome": 5419000, "netIncomeRatio": 0.0291510215, "eps": 0.12, "epsdiluted": 0.12, "weightedAverageShsOut": 45489000, "weightedAverageShsOutDil": 46595000, "link": "https://www.sec.gov/Archives/edgar/data/1111928/000095012310024694/0000950123-10-024694-index.htm", "finalLink": "https://www.sec.gov/Archives/edgar/data/1111928/000095012310024694/b78702e10vk.htm", "calculatedOtherExpenses": 1022000, "calculatedOperatingExpenses": 55211000, "calculatedNetInterest": -1252000, "calculatedOtherIncome": -36000, "calculatedIncomeNonControlling": -135000, "calculatedEbitda": 28229000}, {"date": "2008-12-31", "symbol": "IPGP", "reportedCurrency": "USD", "cik": "0001111928", "fillingDate": "2009-03-12", "acceptedDate": "2009-03-11 18:45:51", "calendarYear": "2008", "period": "FY", "revenue": 229076000, "costOfRevenue": 121776000, "grossProfit": 107300000, "grossProfitRatio": 0.4684034993, "researchAndDevelopmentExpenses": 15804000, "generalAndAdministrativeExpenses": 34300000, "sellingAndMarketingExpenses": 13900000, "sellingGeneralAndAdministrativeExpenses": 34300000, "otherExpenses": 0, "operatingExpenses": 50104000, "costAndExpenses": 171880000, "interestIncome": 0, "interestExpense": -777000, "depreciationAndAmortization": 15834000, "ebitda": 72885000, "ebitdaratio": 0.3181695158, "operatingIncome": 57196000, "operatingIncomeRatio": 0.2496813285, "totalOtherIncomeExpensesNet": 145000, "incomeBeforeTax": 56564000, "incomeBeforeTaxRatio": 0.2469224188, "incomeTaxExpense": 18111000, "netIncome": 36654000, "netIncomeRatio": 0.1600080323, "eps": 0.82, "epsdiluted": 0.79, "weightedAverageShsOut": 44507000, "weightedAverageShsOutDil": 46223000, "link": "https://www.sec.gov/Archives/edgar/data/1111928/000095013509001664/0000950135-09-001664-index.htm", "finalLink": "https://www.sec.gov/Archives/edgar/data/1111928/000095013509001664/b73458ipe10vk.htm", "calculatedOtherExpenses": 0, "calculatedOperatingExpenses": 50104000, "calculatedNetInterest": 777000, "calculatedOtherIncome": -1409000, "calculatedIncomeNonControlling": 1799000, "calculatedEbitda": 73030000}, {"date": "2007-12-31", "symbol": "IPGP", "reportedCurrency": "USD", "cik": "0001111928", "fillingDate": "2008-03-13", "acceptedDate": "2008-03-13 07:33:21", "calendarYear": "2007", "period": "FY", "revenue": 188677000, "costOfRevenue": 103695000, "grossProfit": 84982000, "grossProfitRatio": 0.4504099599, "researchAndDevelopmentExpenses": 9527000, "generalAndAdministrativeExpenses": 29131000, "sellingAndMarketingExpenses": 10103000, "sellingGeneralAndAdministrativeExpenses": 29131000, "otherExpenses": 0, "operatingExpenses": 38658000, "costAndExpenses": 142353000, "interestIncome": 0, "interestExpense": 674000, "depreciationAndAmortization": 12304000, "ebitda": 58016000, "ebitdaratio": 0.3074884591, "operatingIncome": 46324000, "operatingIncomeRatio": 0.2455201217, "totalOtherIncomeExpensesNet": 612000, "incomeBeforeTax": 47610000, "incomeBeforeTaxRatio": 0.2523360028, "incomeTaxExpense": 15522000, "netIncome": 29895000, "netIncomeRatio": 0.1584453855, "eps": 0.69, "epsdiluted": 0.65, "weightedAverageShsOut": 43269000, "weightedAverageShsOutDil": 45749000, "link": "https://www.sec.gov/Archives/edgar/data/1111928/000095013508001746/0000950135-08-001746-index.htm", "finalLink": "https://www.sec.gov/Archives/edgar/data/1111928/000095013508001746/b68195ipe10vk.htm", "calculatedOtherExpenses": 0, "calculatedOperatingExpenses": 38658000, "calculatedNetInterest": -674000, "calculatedOtherIncome": 1960000, "calculatedIncomeNonControlling": 2193000, "calculatedEbitda": 58628000}, {"date": "2006-12-31", "symbol": "IPGP", "reportedCurrency": "USD", "cik": "0001111928", "fillingDate": "2007-03-29", "acceptedDate": "2007-03-29 16:52:24", "calendarYear": "2006", "period": "FY", "revenue": 143225000, "costOfRevenue": 79931000, "grossProfit": 63294000, "grossProfitRatio": 0.4419200559, "researchAndDevelopmentExpenses": 6544000, "generalAndAdministrativeExpenses": 14522000, "sellingAndMarketingExpenses": 6222000, "sellingGeneralAndAdministrativeExpenses": 20744000, "otherExpenses": 0, "operatingExpenses": 27288000, "costAndExpenses": 107219000, "interestIncome": 0, "interestExpense": -1493000, "depreciationAndAmortization": 9105000, "ebitda": 51505000, "ebitdaratio": 0.3596090068, "operatingIncome": 36006000, "operatingIncomeRatio": 0.2513946588, "totalOtherIncomeExpensesNet": -6394000, "incomeBeforeTax": 28119000, "incomeBeforeTaxRatio": 0.1963274568, "incomeTaxExpense": -2995000, "netIncome": 29233000, "netIncomeRatio": 0.2041054285, "eps": 0.27, "epsdiluted": 0.26, "weightedAverageShsOut": 27896000, "weightedAverageShsOutDil": 33005000, "link": "https://www.sec.gov/Archives/edgar/data/1111928/000095013507001932/0000950135-07-001932-index.htm", "finalLink": "https://www.sec.gov/Archives/edgar/data/1111928/000095013507001932/b63681ipe10vk.htm", "calculatedOtherExpenses": 0, "calculatedOperatingExpenses": 27288000, "calculatedNetInterest": 1493000, "calculatedOtherIncome": -9380000, "calculatedIncomeNonControlling": 1881000, "calculatedEbitda": 45111000}, {"date": "2005-12-31", "symbol": "IPGP", "reportedCurrency": "USD", "cik": "0001111928", "fillingDate": "2005-12-31", "acceptedDate": "2005-12-30 19:00:00", "calendarYear": "2005", "period": "FY", "revenue": 96385000, "costOfRevenue": 62481000, "grossProfit": 33904000, "grossProfitRatio": 0.3517559786, "researchAndDevelopmentExpenses": 5788000, "generalAndAdministrativeExpenses": 0, "sellingAndMarketingExpenses": 0, "sellingGeneralAndAdministrativeExpenses": 13834000, "otherExpenses": 0, "operatingExpenses": 19622000, "costAndExpenses": 82103000, "interestIncome": 0, "interestExpense": 0, "depreciationAndAmortization": 7583000, "ebitda": 22374000, "ebitdaratio": 0.2321315557, "operatingIncome": 14282000, "operatingIncomeRatio": 0.1481765835, "totalOtherIncomeExpensesNet": -509000, "incomeBeforeTax": 11933000, "incomeBeforeTaxRatio": 0.1238055714, "incomeTaxExpense": 4080000, "netIncome": 7427000, "netIncomeRatio": 0.0770555584, "eps": 0.16, "epsdiluted": 0.16, "weightedAverageShsOut": 26232000, "weightedAverageShsOutDil": 30167000, "link": "", "finalLink": "", "calculatedOtherExpenses": 0, "calculatedOperatingExpenses": 19622000, "calculatedNetInterest": 0, "calculatedOtherIncome": -2349000, "calculatedIncomeNonControlling": 426000, "calculatedEbitda": 21865000}, {"date": "2004-12-31", "symbol": "IPGP", "reportedCurrency": "USD", "cik": "0001111928", "fillingDate": "2004-12-31", "acceptedDate": "2004-12-30 19:00:00", "calendarYear": "2004", "period": "FY", "revenue": 60707000, "costOfRevenue": 42274000, "grossProfit": 18433000, "grossProfitRatio": 0.3036387896, "researchAndDevelopmentExpenses": 4831000, "generalAndAdministrativeExpenses": 0, "sellingAndMarketingExpenses": 0, "sellingGeneralAndAdministrativeExpenses": 10542000, "otherExpenses": 0, "operatingExpenses": 15373000, "costAndExpenses": 57647000, "interestIncome": 0, "interestExpense": 0, "depreciationAndAmortization": 7154000, "ebitda": 10633000, "ebitdaratio": 0.175152783, "operatingIncome": 3060000, "operatingIncomeRatio": 0.0504060487, "totalOtherIncomeExpensesNet": -419000, "incomeBeforeTax": 491000, "incomeBeforeTaxRatio": 0.0080880294, "incomeTaxExpense": -1601000, "netIncome": 2012000, "netIncomeRatio": 0.0331428007, "eps": 0.01, "epsdiluted": 0.01, "weightedAverageShsOut": 38547000, "weightedAverageShsOutDil": 38547000, "link": "", "finalLink": "", "calculatedOtherExpenses": 0, "calculatedOperatingExpenses": 15373000, "calculatedNetInterest": 0, "calculatedOtherIncome": -2569000, "calculatedIncomeNonControlling": 80000, "calculatedEbitda": 10214000}, {"date": "2003-12-31", "symbol": "IPGP", "reportedCurrency": "USD", "cik": "0001111928", "fillingDate": "2003-12-31", "acceptedDate": "2003-12-30 19:00:00", "calendarYear": "2003", "period": "FY", "revenue": 33740000, "costOfRevenue": 0, "grossProfit": 33740000, "grossProfitRatio": 1, "researchAndDevelopmentExpenses": 0, "generalAndAdministrativeExpenses": 0, "sellingAndMarketingExpenses": 0, "sellingGeneralAndAdministrativeExpenses": 0, "otherExpenses": 0, "operatingExpenses": 0, "costAndExpenses": 0, "interestIncome": 0, "interestExpense": 0, "depreciationAndAmortization": 0, "ebitda": 33740000, "ebitdaratio": 1, "operatingIncome": 33740000, "operatingIncomeRatio": 1, "totalOtherIncomeExpensesNet": 0, "incomeBeforeTax": 0, "incomeBeforeTaxRatio": 0, "incomeTaxExpense": 28210000, "netIncome": -28210000, "netIncomeRatio": -0.8360995851, "eps": -0.74, "epsdiluted": -0.74, "weightedAverageShsOut": 38302000, "weightedAverageShsOutDil": 38302000, "link": "", "finalLink": "", "calculatedOtherExpenses": 0, "calculatedOperatingExpenses": 0, "calculatedNetInterest": 0, "calculatedOtherIncome": -33740000, "calculatedIncomeNonControlling": 0, "calculatedEbitda": 33740000}, {"date": "2002-12-31", "symbol": "IPGP", "reportedCurrency": "USD", "cik": "0001111928", "fillingDate": "2002-12-31", "acceptedDate": "2002-12-30 19:00:00", "calendarYear": "2002", "period": "FY", "revenue": 22180000, "costOfRevenue": 23277000, "grossProfit": -1097000, "grossProfitRatio": -0.049458972, "researchAndDevelopmentExpenses": 8383000, "generalAndAdministrativeExpenses": 0, "sellingAndMarketingExpenses": 0, "sellingGeneralAndAdministrativeExpenses": 33264000, "otherExpenses": 9474000, "operatingExpenses": 51121000, "costAndExpenses": 74398000, "interestIncome": 0, "interestExpense": 0, "depreciationAndAmortization": 0, "ebitda": -52218000, "ebitdaratio": -2.354283138, "operatingIncome": -52218000, "operatingIncomeRatio": -2.354283138, "totalOtherIncomeExpensesNet": 3843000, "incomeBeforeTax": -48375000, "incomeBeforeTaxRatio": -2.181018936, "incomeTaxExpense": 1175000, "netIncome": -49385000, "netIncomeRatio": -2.2265554554, "eps": -2.13, "epsdiluted": -2.13, "weightedAverageShsOut": 23185446, "weightedAverageShsOutDil": 23185446, "link": "", "finalLink": "", "calculatedOtherExpenses": 9474000, "calculatedOperatingExpenses": 51121000, "calculatedNetInterest": 0, "calculatedOtherIncome": 3843000, "calculatedIncomeNonControlling": -165000, "calculatedEbitda": -52218000}, {"date": "2001-12-31", "symbol": "IPGP", "reportedCurrency": "USD", "cik": "0001111928", "fillingDate": "2001-12-31", "acceptedDate": "2001-12-30 19:00:00", "calendarYear": "2001", "period": "FY", "revenue": 26490000, "costOfRevenue": 26223000, "grossProfit": 267000, "grossProfitRatio": 0.0100792752, "researchAndDevelopmentExpenses": 0, "generalAndAdministrativeExpenses": 0, "sellingAndMarketingExpenses": 0, "sellingGeneralAndAdministrativeExpenses": 0, "otherExpenses": 63564000, "operatingExpenses": 63564000, "costAndExpenses": 89787000, "interestIncome": 0, "interestExpense": 0, "depreciationAndAmortization": -975000, "ebitda": -64272000, "ebitdaratio": -2.4262740657, "operatingIncome": -63297000, "operatingIncomeRatio": -2.3894677237, "totalOtherIncomeExpensesNet": 975000, "incomeBeforeTax": -53603000, "incomeBeforeTaxRatio": -2.0235183088, "incomeTaxExpense": -3985000, "netIncome": -49622000, "netIncomeRatio": -1.8732351831, "eps": -2.07, "epsdiluted": -2.07, "weightedAverageShsOut": 23973000, "weightedAverageShsOutDil": 23973000, "link": "", "finalLink": "", "calculatedOtherExpenses": 63564000, "calculatedOperatingExpenses": 63564000, "calculatedNetInterest": 0, "calculatedOtherIncome": 9694000, "calculatedIncomeNonControlling": 4000, "calculatedEbitda": -64272000}]}