{"originalCurrency": "USD", "convertedCurrency": "USD", "report": [{"date": "2023-12-31", "symbol": "IR", "reportedCurrency": "USD", "cik": "0001699150", "fillingDate": "2024-02-23", "acceptedDate": "2024-02-23 16:14:26", "calendarYear": "2023", "period": "FY", "revenue": 6876100000, "costOfRevenue": 4361400000, "grossProfit": 2514700000, "grossProfitRatio": 0.3657160309, "researchAndDevelopmentExpenses": 108000000, "generalAndAdministrativeExpenses": 0, "sellingAndMarketingExpenses": 0, "sellingGeneralAndAdministrativeExpenses": 1272700000, "otherExpenses": -77700000, "operatingExpenses": 1350400000, "costAndExpenses": 5711800000, "interestIncome": 0, "interestExpense": 156700000, "depreciationAndAmortization": 459100000, "ebitda": 1623400000, "ebitdaratio": 0.2360931342, "operatingIncome": 1164300000, "operatingIncomeRatio": 0.1693256352, "totalOtherIncomeExpensesNet": -133200000, "incomeBeforeTax": 1031099999, "incomeBeforeTaxRatio": 0.149954189, "incomeTaxExpense": 240000000, "netIncome": 778700000, "netIncomeRatio": 0.113247335, "eps": 1.92, "epsdiluted": 1.9, "weightedAverageShsOut": 404800000, "weightedAverageShsOutDil": 409000000, "link": "https://www.sec.gov/Archives/edgar/data/1699150/000162828024006642/0001628280-24-006642-index.htm", "finalLink": "https://www.sec.gov/Archives/edgar/data/1699150/000162828024006642/iri-20231231.htm", "calculatedOtherExpenses": -30300000, "calculatedOperatingExpenses": 1350400000, "calculatedNetInterest": -156700000, "calculatedOtherIncome": 23499999, "calculatedIncomeNonControlling": 12399999, "calculatedEbitda": 1623400000}, {"date": "2022-12-31", "symbol": "IR", "reportedCurrency": "USD", "cik": "0001699150", "fillingDate": "2023-02-21", "acceptedDate": "2023-02-21 16:07:28", "calendarYear": "2022", "period": "FY", "revenue": 5916300000, "costOfRevenue": 3590700000, "grossProfit": 2325600000, "grossProfitRatio": 0.393083515, "researchAndDevelopmentExpenses": 91000000, "generalAndAdministrativeExpenses": 0, "sellingAndMarketingExpenses": 1095800000, "sellingGeneralAndAdministrativeExpenses": 1095800000, "otherExpenses": 412500000, "operatingExpenses": 1508300000, "costAndExpenses": 5099000000, "interestIncome": 103200000, "interestExpense": 103200000, "depreciationAndAmortization": 462000000, "ebitda": 1279300000, "ebitdaratio": 0.2162331187, "operatingIncome": 817300000, "operatingIncomeRatio": 0.1381437723, "totalOtherIncomeExpensesNet": -75100000, "incomeBeforeTax": 742200000, "incomeBeforeTaxRatio": 0.1254500279, "incomeTaxExpense": 149600000, "netIncome": 604700000, "netIncomeRatio": 0.102209151, "eps": 1.5, "epsdiluted": 1.48, "weightedAverageShsOut": 405300000, "weightedAverageShsOutDil": 410200000, "link": "https://www.sec.gov/Archives/edgar/data/1699150/000162828023004287/0001628280-23-004287-index.htm", "finalLink": "https://www.sec.gov/Archives/edgar/data/1699150/000162828023004287/gdi-20221231.htm", "calculatedOtherExpenses": 321500000, "calculatedOperatingExpenses": 1508300000, "calculatedNetInterest": 0, "calculatedOtherIncome": -75100000, "calculatedIncomeNonControlling": -12100000, "calculatedEbitda": 1279300000}, {"date": "2021-12-31", "symbol": "IR", "reportedCurrency": "USD", "cik": "0001699150", "fillingDate": "2022-02-25", "acceptedDate": "2022-02-25 16:19:50", "calendarYear": "2021", "period": "FY", "revenue": 5152400000, "costOfRevenue": 3163900000, "grossProfit": 1988500000, "grossProfitRatio": 0.3859366509, "researchAndDevelopmentExpenses": 74000000, "generalAndAdministrativeExpenses": 0, "sellingAndMarketingExpenses": 1028000000, "sellingGeneralAndAdministrativeExpenses": 1028000000, "otherExpenses": 394800000, "operatingExpenses": 1422800000, "costAndExpenses": 4586700000, "interestIncome": 87700000, "interestExpense": 87700000, "depreciationAndAmortization": 466100000, "ebitda": 1031800000, "ebitdaratio": 0.2002561913, "operatingIncome": 565700000, "operatingIncomeRatio": 0.1097934943, "totalOtherIncomeExpensesNet": -52700000, "incomeBeforeTax": 513000000, "incomeBeforeTaxRatio": 0.0995652511, "incomeTaxExpense": -21800000, "netIncome": 562500000, "netIncomeRatio": 0.1091724245, "eps": 1.14, "epsdiluted": 1.12, "weightedAverageShsOut": 414800000, "weightedAverageShsOutDil": 421200000, "link": "https://www.sec.gov/Archives/edgar/data/1699150/000162828022003991/0001628280-22-003991-index.htm", "finalLink": "https://www.sec.gov/Archives/edgar/data/1699150/000162828022003991/gdi-20211231.htm", "calculatedOtherExpenses": 320800000, "calculatedOperatingExpenses": 1422800000, "calculatedNetInterest": 0, "calculatedOtherIncome": -52700000, "calculatedIncomeNonControlling": -27700000, "calculatedEbitda": 1031800000}, {"date": "2020-12-31", "symbol": "IR", "reportedCurrency": "USD", "cik": "0001699150", "fillingDate": "2021-02-26", "acceptedDate": "2021-02-26 16:03:05", "calendarYear": "2020", "period": "FY", "revenue": 4910200000, "costOfRevenue": 3296800000, "grossProfit": 1613400000, "grossProfitRatio": 0.3285813205, "researchAndDevelopmentExpenses": 58000000, "generalAndAdministrativeExpenses": 0, "sellingAndMarketingExpenses": 894800000, "sellingGeneralAndAdministrativeExpenses": 894800000, "otherExpenses": 613000000, "operatingExpenses": 1507800000, "costAndExpenses": 4804600000, "interestIncome": 111100000, "interestExpense": 111100000, "depreciationAndAmortization": 528800000, "ebitda": 614500000, "ebitdaratio": 0.1251476518, "operatingIncome": 85700000, "operatingIncomeRatio": 0.0174534642, "totalOtherIncomeExpensesNet": -105100000, "incomeBeforeTax": -19400000, "incomeBeforeTaxRatio": -0.0039509592, "incomeTaxExpense": 13000000, "netIncome": -32400000, "netIncomeRatio": -0.0065985092, "eps": -0.0846, "epsdiluted": -0.0846, "weightedAverageShsOut": 382800000, "weightedAverageShsOutDil": 382800000, "link": "https://www.sec.gov/Archives/edgar/data/1699150/000162828021003454/0001628280-21-003454-index.htm", "finalLink": "https://www.sec.gov/Archives/edgar/data/1699150/000162828021003454/gdi-20201231.htm", "calculatedOtherExpenses": 574900000, "calculatedOperatingExpenses": 1527700000, "calculatedNetInterest": 0, "calculatedOtherIncome": -105100000, "calculatedIncomeNonControlling": 0, "calculatedEbitda": 614500000}, {"date": "2019-12-31", "symbol": "IR", "reportedCurrency": "USD", "cik": "0001699150", "fillingDate": "2020-02-26", "acceptedDate": "2020-02-26 16:04:02", "calendarYear": "2019", "period": "FY", "revenue": 2451900000, "costOfRevenue": 1540200000, "grossProfit": 911700000, "grossProfitRatio": 0.3718340879, "researchAndDevelopmentExpenses": 25000000, "generalAndAdministrativeExpenses": 0, "sellingAndMarketingExpenses": 436400000, "sellingGeneralAndAdministrativeExpenses": 436400000, "otherExpenses": 200000000, "operatingExpenses": 636400000, "costAndExpenses": 2176600000, "interestIncome": 88400000, "interestExpense": 88900000, "depreciationAndAmortization": 182800000, "ebitda": 458100000, "ebitdaratio": 0.1868346996, "operatingIncome": 275300000, "operatingIncomeRatio": 0.1122802724, "totalOtherIncomeExpensesNet": -84400000, "incomeBeforeTax": 190900000, "incomeBeforeTaxRatio": 0.0778579877, "incomeTaxExpense": 31800000, "netIncome": 159100000, "netIncomeRatio": 0.0648884539, "eps": 0.78, "epsdiluted": 0.76, "weightedAverageShsOut": 203500000, "weightedAverageShsOutDil": 208900000, "link": "https://www.sec.gov/Archives/edgar/data/1699150/000114036120004146/0001140361-20-004146-index.htm", "finalLink": "https://www.sec.gov/Archives/edgar/data/1699150/000114036120004146/form10k.htm", "calculatedOtherExpenses": 175000000, "calculatedOperatingExpenses": 636400000, "calculatedNetInterest": -500000, "calculatedOtherIncome": -83900000, "calculatedIncomeNonControlling": 0, "calculatedEbitda": 458100000}, {"date": "2018-12-31", "symbol": "IR", "reportedCurrency": "USD", "cik": "0001699150", "fillingDate": "2019-02-27", "acceptedDate": "2019-02-27 17:29:16", "calendarYear": "2018", "period": "FY", "revenue": 2689800000, "costOfRevenue": 1677300000, "grossProfit": 1012500000, "grossProfitRatio": 0.3764220388, "researchAndDevelopmentExpenses": 24000000, "generalAndAdministrativeExpenses": 434600000, "sellingAndMarketingExpenses": 434600000, "sellingGeneralAndAdministrativeExpenses": 434600000, "otherExpenses": 7200000, "operatingExpenses": 569500000, "costAndExpenses": 2246800000, "interestIncome": 0, "interestExpense": 99600000, "depreciationAndAmortization": 180400000, "ebitda": 630600000, "ebitdaratio": 0.2344412224, "operatingIncome": 443000000, "operatingIncomeRatio": 0.1646962599, "totalOtherIncomeExpensesNet": 6100000, "incomeBeforeTax": 349500000, "incomeBeforeTaxRatio": 0.1299353112, "incomeTaxExpense": 80100000, "netIncome": 269400000, "netIncomeRatio": 0.1001561454, "eps": 1.34, "epsdiluted": 1.29, "weightedAverageShsOut": 201600000, "weightedAverageShsOutDil": 209100000, "link": "https://www.sec.gov/Archives/edgar/data/1699150/000114036119004014/0001140361-19-004014-index.htm", "finalLink": "https://www.sec.gov/Archives/edgar/data/1699150/000114036119004014/h10061123x1_10k.htm", "calculatedOtherExpenses": 110900000, "calculatedOperatingExpenses": 569500000, "calculatedNetInterest": -99600000, "calculatedOtherIncome": 6100000, "calculatedIncomeNonControlling": 0, "calculatedEbitda": 623400000}, {"date": "2017-12-31", "symbol": "IR", "reportedCurrency": "USD", "cik": "0001699150", "fillingDate": "2018-02-16", "acceptedDate": "2018-02-16 16:48:42", "calendarYear": "2017", "period": "FY", "revenue": 2375400000, "costOfRevenue": 1477500000, "grossProfit": 897900000, "grossProfitRatio": 0.3779994948, "researchAndDevelopmentExpenses": 26000000, "generalAndAdministrativeExpenses": 194200000, "sellingAndMarketingExpenses": 446600000, "sellingGeneralAndAdministrativeExpenses": 446600000, "otherExpenses": 3800000, "operatingExpenses": 787600000, "costAndExpenses": 2265100000, "interestIncome": 0, "interestExpense": 140700000, "depreciationAndAmortization": 173800000, "ebitda": 287900000, "ebitdaratio": 0.1212006399, "operatingIncome": 108700000, "operatingIncomeRatio": 0.045760714, "totalOtherIncomeExpensesNet": -82300000, "incomeBeforeTax": -112700000, "incomeBeforeTaxRatio": -0.0474446409, "incomeTaxExpense": -131200000, "netIncome": 18400000, "netIncomeRatio": 0.0077460638, "eps": 0.1, "epsdiluted": 0.1, "weightedAverageShsOut": 182200000, "weightedAverageShsOutDil": 188400000, "link": "https://www.sec.gov/Archives/edgar/data/1699150/000114036118008833/0001140361-18-008833-index.htm", "finalLink": "https://www.sec.gov/Archives/edgar/data/1699150/000114036118008833/form10k.htm", "calculatedOtherExpenses": 316600000, "calculatedOperatingExpenses": 789200000, "calculatedNetInterest": -140700000, "calculatedOtherIncome": -80700000, "calculatedIncomeNonControlling": 100000, "calculatedEbitda": 282500000}, {"date": "2016-12-31", "symbol": "IR", "reportedCurrency": "USD", "cik": "0001699150", "fillingDate": "2016-12-31", "acceptedDate": "2016-12-30 19:00:00", "calendarYear": "2016", "period": "FY", "revenue": 1939436000, "costOfRevenue": 1222705000, "grossProfit": 716731000, "grossProfitRatio": 0.3695564071, "researchAndDevelopmentExpenses": 22000000, "generalAndAdministrativeExpenses": 0, "sellingAndMarketingExpenses": 414339000, "sellingGeneralAndAdministrativeExpenses": 414339000, "otherExpenses": 2844000, "operatingExpenses": 560104000, "costAndExpenses": 1782809000, "interestIncome": 0, "interestExpense": 170338000, "depreciationAndAmortization": 172725000, "ebitda": 332196000, "ebitdaratio": 0.1712848478, "operatingIncome": 104344000, "operatingIncomeRatio": 0.0538012082, "totalOtherIncomeExpensesNet": -49439000, "incomeBeforeTax": -63150000, "incomeBeforeTaxRatio": -0.0325610126, "incomeTaxExpense": -31860000, "netIncome": -36620000, "netIncomeRatio": -0.018881778, "eps": -0.19, "epsdiluted": -0.19, "weightedAverageShsOut": 189732248, "weightedAverageShsOutDil": 189732248, "link": "", "finalLink": "", "calculatedOtherExpenses": 176048000, "calculatedOperatingExpenses": 612387000, "calculatedNetInterest": -170338000, "calculatedOtherIncome": 2844000, "calculatedIncomeNonControlling": 5330000, "calculatedEbitda": 277069000}, {"date": "2015-12-31", "symbol": "IR", "reportedCurrency": "USD", "cik": "0001699150", "fillingDate": "2015-12-31", "acceptedDate": "2015-12-30 19:00:00", "calendarYear": "2015", "period": "FY", "revenue": 2126900000, "costOfRevenue": 1347800000, "grossProfit": 779100000, "grossProfitRatio": 0.3663077719, "researchAndDevelopmentExpenses": 26000000, "generalAndAdministrativeExpenses": 0, "sellingAndMarketingExpenses": 427000000, "sellingGeneralAndAdministrativeExpenses": 427000000, "otherExpenses": 1600000, "operatingExpenses": 557300000, "costAndExpenses": 1905100000, "interestIncome": 0, "interestExpense": 162900000, "depreciationAndAmortization": 163000000, "ebitda": 386400000, "ebitdaratio": 0.1816728572, "operatingIncome": -205400000, "operatingIncomeRatio": -0.0965724764, "totalOtherIncomeExpensesNet": -425600000, "incomeBeforeTax": -366700000, "incomeBeforeTaxRatio": -0.1724105506, "incomeTaxExpense": -14700000, "netIncome": -351200000, "netIncomeRatio": -0.1651229489, "eps": -1.85, "epsdiluted": -1.85, "weightedAverageShsOut": 189732248, "weightedAverageShsOutDil": 189732248, "link": "", "finalLink": "", "calculatedOtherExpenses": 531500000, "calculatedOperatingExpenses": 984500000, "calculatedNetInterest": -162900000, "calculatedOtherIncome": 1600000, "calculatedIncomeNonControlling": -800000, "calculatedEbitda": -42400000}, {"date": "2014-12-31", "symbol": "IR", "reportedCurrency": "USD", "cik": "0001699150", "fillingDate": "2014-12-31", "acceptedDate": "2014-12-30 19:00:00", "calendarYear": "2014", "period": "FY", "revenue": 2570005000, "costOfRevenue": 1633224000, "grossProfit": 936781000, "grossProfitRatio": 0.3645055165, "researchAndDevelopmentExpenses": 26000000, "generalAndAdministrativeExpenses": 0, "sellingAndMarketingExpenses": 476000000, "sellingGeneralAndAdministrativeExpenses": 476000000, "otherExpenses": 3214000, "operatingExpenses": 605640000, "costAndExpenses": 2238864000, "interestIncome": 0, "interestExpense": 164376000, "depreciationAndAmortization": 160350000, "ebitda": 494705000, "ebitdaratio": 0.1924918434, "operatingIncome": 48233000, "operatingIncomeRatio": 0.0187676678, "totalOtherIncomeExpensesNet": -279694000, "incomeBeforeTax": -112929000, "incomeBeforeTaxRatio": -0.0439411596, "incomeTaxExpense": 22996000, "netIncome": -135023000, "netIncomeRatio": -0.0525380301, "eps": -0.71, "epsdiluted": -0.71, "weightedAverageShsOut": 189732248, "weightedAverageShsOutDil": 189732248, "link": "", "finalLink": "", "calculatedOtherExpenses": 386548000, "calculatedOperatingExpenses": 888548000, "calculatedNetInterest": -164376000, "calculatedOtherIncome": 3214000, "calculatedIncomeNonControlling": -902000, "calculatedEbitda": 208583000}, {"date": "2012-12-31", "symbol": "IR", "reportedCurrency": "USD", "cik": "0001699150", "fillingDate": "2012-12-31", "acceptedDate": "2012-12-30 19:00:00", "calendarYear": "2012", "period": "FY", "revenue": 2355525000, "costOfRevenue": 1547138000, "grossProfit": 808387000, "grossProfitRatio": 0.3431876121, "researchAndDevelopmentExpenses": 39500000, "generalAndAdministrativeExpenses": 0, "sellingAndMarketingExpenses": 0, "sellingGeneralAndAdministrativeExpenses": 402745000, "otherExpenses": 0, "operatingExpenses": 432118999, "costAndExpenses": 1979256999, "interestIncome": 14706000, "interestExpense": 0, "depreciationAndAmortization": 63778000, "ebitda": 464886000, "ebitdaratio": 0.1973598242, "operatingIncome": 401108000, "operatingIncomeRatio": 0.170283907, "totalOtherIncomeExpensesNet": -39546000, "incomeBeforeTax": 361562000, "incomeBeforeTaxRatio": 0.153495293, "incomeTaxExpense": 97069000, "netIncome": 263266000, "netIncomeRatio": 0.1117653177, "eps": 8.62, "epsdiluted": 8.63, "weightedAverageShsOut": 30531381, "weightedAverageShsOutDil": 30504152, "link": null, "finalLink": null, "calculatedOtherExpenses": -34966000, "calculatedOperatingExpenses": 407279000, "calculatedNetInterest": 14706000, "calculatedOtherIncome": -54252000, "calculatedIncomeNonControlling": 1227000, "calculatedEbitda": 464886000}]}