{"originalCurrency": "USD", "convertedCurrency": "USD", "report": [{"date": "2023-12-31", "symbol": "IRDM", "reportedCurrency": "USD", "cik": "0001418819", "fillingDate": "2024-02-15", "acceptedDate": "2024-02-15 07:06:20", "calendarYear": "2023", "period": "FY", "revenue": 790723000, "costOfRevenue": 225120000, "grossProfit": 565603000, "grossProfitRatio": 0.7152985306, "researchAndDevelopmentExpenses": 20269000, "generalAndAdministrativeExpenses": 0, "sellingAndMarketingExpenses": 0, "sellingGeneralAndAdministrativeExpenses": 143706000, "otherExpenses": 4012000, "operatingExpenses": 483975000, "costAndExpenses": 709095000, "interestIncome": 11934000, "interestExpense": 90387000, "depreciationAndAmortization": 320000000, "ebitda": 405640000, "ebitdaratio": 0.5129988631, "operatingIncome": 81628000, "operatingIncomeRatio": 0.1032321053, "totalOtherIncomeExpensesNet": 4012000, "incomeBeforeTax": -4747000, "incomeBeforeTaxRatio": -0.0060033665, "incomeTaxExpense": -26251000, "netIncome": 15415000, "netIncomeRatio": 0.0194948168, "eps": 0.12, "epsdiluted": 0.12, "weightedAverageShsOut": 125598000, "weightedAverageShsOutDil": 127215000, "link": "https://www.sec.gov/Archives/edgar/data/1418819/000141881924000008/0001418819-24-000008-index.htm", "finalLink": "https://www.sec.gov/Archives/edgar/data/1418819/000141881924000008/irdm-20231231.htm", "calculatedOtherExpenses": 320000000, "calculatedOperatingExpenses": 483975000, "calculatedNetInterest": -78453000, "calculatedOtherIncome": -7922000, "calculatedIncomeNonControlling": 6089000, "calculatedEbitda": 401628000}, {"date": "2022-12-31", "symbol": "IRDM", "reportedCurrency": "USD", "cik": "0001418819", "fillingDate": "2023-02-16", "acceptedDate": "2023-02-16 07:03:38", "calendarYear": "2022", "period": "FY", "revenue": 721034000, "costOfRevenue": 201149000, "grossProfit": 519885000, "grossProfitRatio": 0.7210270251, "researchAndDevelopmentExpenses": 16218000, "generalAndAdministrativeExpenses": 0, "sellingAndMarketingExpenses": 0, "sellingGeneralAndAdministrativeExpenses": 123504000, "otherExpenses": 303484000, "operatingExpenses": 443206000, "costAndExpenses": 644355000, "interestIncome": 7001000, "interestExpense": 65089000, "depreciationAndAmortization": 302095000, "ebitda": 378774000, "ebitdaratio": 0.5253205813, "operatingIncome": 76679000, "operatingIncomeRatio": 0.1063458866, "totalOtherIncomeExpensesNet": -67665000, "incomeBeforeTax": 9014000, "incomeBeforeTaxRatio": 0.0125014909, "incomeTaxExpense": 292000, "netIncome": 8722000, "netIncomeRatio": 0.0120965169, "eps": 0.068, "epsdiluted": 0.067, "weightedAverageShsOut": 128255000, "weightedAverageShsOutDil": 130133999, "link": "https://www.sec.gov/Archives/edgar/data/1418819/000141881923000010/0001418819-23-000010-index.htm", "finalLink": "https://www.sec.gov/Archives/edgar/data/1418819/000141881923000010/irdm-20221231.htm", "calculatedOtherExpenses": 303484000, "calculatedOperatingExpenses": 443206000, "calculatedNetInterest": -58088000, "calculatedOtherIncome": -9577000, "calculatedIncomeNonControlling": 0, "calculatedEbitda": 378774000}, {"date": "2021-12-31", "symbol": "IRDM", "reportedCurrency": "USD", "cik": "0001418819", "fillingDate": "2022-02-17", "acceptedDate": "2022-02-17 07:02:59", "calendarYear": "2021", "period": "FY", "revenue": 614500000, "costOfRevenue": 150396000, "grossProfit": 464104000, "grossProfitRatio": 0.7552546786, "researchAndDevelopmentExpenses": 11885000, "generalAndAdministrativeExpenses": 0, "sellingAndMarketingExpenses": 0, "sellingGeneralAndAdministrativeExpenses": 100474000, "otherExpenses": 305431000, "operatingExpenses": 417790000, "costAndExpenses": 568186000, "interestIncome": 73906000, "interestExpense": 73906000, "depreciationAndAmortization": 305014000, "ebitda": 351328000, "ebitdaratio": 0.5717298617, "operatingIncome": 46314000, "operatingIncomeRatio": 0.0753685924, "totalOtherIncomeExpensesNet": -75202000, "incomeBeforeTax": -28888000, "incomeBeforeTaxRatio": -0.0470105777, "incomeTaxExpense": -19569000, "netIncome": -9319000, "netIncomeRatio": -0.0151651749, "eps": -0.0698, "epsdiluted": -0.0698, "weightedAverageShsOut": 133530000, "weightedAverageShsOutDil": 133530000, "link": "https://www.sec.gov/Archives/edgar/data/1418819/000141881922000005/0001418819-22-000005-index.htm", "finalLink": "https://www.sec.gov/Archives/edgar/data/1418819/000141881922000005/irdm-20211231.htm", "calculatedOtherExpenses": 305431000, "calculatedOperatingExpenses": 417790000, "calculatedNetInterest": 0, "calculatedOtherIncome": -75202000, "calculatedIncomeNonControlling": 0, "calculatedEbitda": 351328000}, {"date": "2020-12-31", "symbol": "IRDM", "reportedCurrency": "USD", "cik": "0001418819", "fillingDate": "2021-02-11", "acceptedDate": "2021-02-11 07:16:19", "calendarYear": "2020", "period": "FY", "revenue": 583439000, "costOfRevenue": 142693000, "grossProfit": 440746000, "grossProfitRatio": 0.7554277311, "researchAndDevelopmentExpenses": 12037000, "generalAndAdministrativeExpenses": 0, "sellingAndMarketingExpenses": 0, "sellingGeneralAndAdministrativeExpenses": 90052000, "otherExpenses": 303174000, "operatingExpenses": 405263000, "costAndExpenses": 547956000, "interestIncome": 4329000, "interestExpense": 94271000, "depreciationAndAmortization": 303207000, "ebitda": 338690000, "ebitdaratio": 0.580506274, "operatingIncome": 35483000, "operatingIncomeRatio": 0.0608169834, "totalOtherIncomeExpensesNet": -124447000, "incomeBeforeTax": -88964000, "incomeBeforeTaxRatio": -0.1524820932, "incomeTaxExpense": -32910000, "netIncome": -56054000, "netIncomeRatio": -0.0960751681, "eps": -0.42, "epsdiluted": -0.42, "weightedAverageShsOut": 133491000, "weightedAverageShsOutDil": 133491000, "link": "https://www.sec.gov/Archives/edgar/data/1418819/000141881921000009/0001418819-21-000009-index.htm", "finalLink": "https://www.sec.gov/Archives/edgar/data/1418819/000141881921000009/irdm-20201231.htm", "calculatedOtherExpenses": 303174000, "calculatedOperatingExpenses": 405263000, "calculatedNetInterest": -89942000, "calculatedOtherIncome": -34505000, "calculatedIncomeNonControlling": 0, "calculatedEbitda": 338690000}, {"date": "2019-12-31", "symbol": "IRDM", "reportedCurrency": "USD", "cik": "0001418819", "fillingDate": "2020-02-25", "acceptedDate": "2020-02-25 07:03:11", "calendarYear": "2019", "period": "FY", "revenue": 560444000, "costOfRevenue": 145144000, "grossProfit": 415300000, "grossProfitRatio": 0.7410196202, "researchAndDevelopmentExpenses": 14310000, "generalAndAdministrativeExpenses": 0, "sellingAndMarketingExpenses": 0, "sellingGeneralAndAdministrativeExpenses": 93165000, "otherExpenses": 297705000, "operatingExpenses": 405180000, "costAndExpenses": 550324000, "interestIncome": 24704000, "interestExpense": 115396000, "depreciationAndAmortization": 296572000, "ebitda": 306692000, "ebitdaratio": 0.5472304102, "operatingIncome": 10120000, "operatingIncomeRatio": 0.0180571119, "totalOtherIncomeExpensesNet": -228239000, "incomeBeforeTax": -218119000, "incomeBeforeTaxRatio": -0.3891896425, "incomeTaxExpense": -56120000, "netIncome": -161999000, "netIncomeRatio": -0.2890547494, "eps": -1.29, "epsdiluted": -1.29, "weightedAverageShsOut": 125167000, "weightedAverageShsOutDil": 125167000, "link": "https://www.sec.gov/Archives/edgar/data/1418819/000141881920000004/0001418819-20-000004-index.htm", "finalLink": "https://www.sec.gov/Archives/edgar/data/1418819/000141881920000004/irdm1231201910k.htm", "calculatedOtherExpenses": 297705000, "calculatedOperatingExpenses": 405180000, "calculatedNetInterest": -90692000, "calculatedOtherIncome": -137547000, "calculatedIncomeNonControlling": 0, "calculatedEbitda": 306692000}, {"date": "2018-12-31", "symbol": "IRDM", "reportedCurrency": "USD", "cik": "0001418819", "fillingDate": "2019-02-28", "acceptedDate": "2019-02-28 07:10:44", "calendarYear": "2018", "period": "FY", "revenue": 523008000, "costOfRevenue": 142873000, "grossProfit": 380135000, "grossProfitRatio": 0.7268244463, "researchAndDevelopmentExpenses": 22429000, "generalAndAdministrativeExpenses": 97846000, "sellingAndMarketingExpenses": 0, "sellingGeneralAndAdministrativeExpenses": 97846000, "otherExpenses": 139000, "operatingExpenses": 338482000, "costAndExpenses": 481355000, "interestIncome": 0, "interestExpense": -62441000, "depreciationAndAmortization": 218207000, "ebitda": 259860000, "ebitdaratio": 0.4968566446, "operatingIncome": 41653000, "operatingIncomeRatio": 0.0796412292, "totalOtherIncomeExpensesNet": 139000, "incomeBeforeTax": -20649000, "incomeBeforeTaxRatio": -0.0394812316, "incomeTaxExpense": -7265000, "netIncome": -13384000, "netIncomeRatio": -0.0255904307, "eps": -0.12, "epsdiluted": -0.12, "weightedAverageShsOut": 108975000, "weightedAverageShsOutDil": 112200000, "link": "https://www.sec.gov/Archives/edgar/data/1418819/000141881919000005/0001418819-19-000005-index.htm", "finalLink": "https://www.sec.gov/Archives/edgar/data/1418819/000141881919000005/irdm_12312018x10k.htm", "calculatedOtherExpenses": 218207000, "calculatedOperatingExpenses": 338482000, "calculatedNetInterest": 62441000, "calculatedOtherIncome": -124743000, "calculatedIncomeNonControlling": 0, "calculatedEbitda": 259860000}, {"date": "2017-12-31", "symbol": "IRDM", "reportedCurrency": "USD", "cik": "0001418819", "fillingDate": "2018-02-22", "acceptedDate": "2018-02-22 07:47:25", "calendarYear": "2017", "period": "FY", "revenue": 448046000, "costOfRevenue": 124841000, "grossProfit": 323205000, "grossProfitRatio": 0.7213656633, "researchAndDevelopmentExpenses": 15247000, "generalAndAdministrativeExpenses": 84405000, "sellingAndMarketingExpenses": 0, "sellingGeneralAndAdministrativeExpenses": 84405000, "otherExpenses": -207000, "operatingExpenses": 207729000, "costAndExpenses": 332570000, "interestIncome": 0, "interestExpense": 0, "depreciationAndAmortization": 122266000, "ebitda": 237742000, "ebitdaratio": 0.5306196239, "operatingIncome": 115476000, "operatingIncomeRatio": 0.257732465, "totalOtherIncomeExpensesNet": -207000, "incomeBeforeTax": 119572000, "incomeBeforeTaxRatio": 0.2668743834, "incomeTaxExpense": -114284000, "netIncome": 233856000, "netIncomeRatio": 0.5219464073, "eps": 2.22, "epsdiluted": 2.22, "weightedAverageShsOut": 97934000, "weightedAverageShsOutDil": 98203000, "link": "https://www.sec.gov/Archives/edgar/data/1418819/000141881918000005/0001418819-18-000005-index.htm", "finalLink": "https://www.sec.gov/Archives/edgar/data/1418819/000141881918000005/irdm_12312017x10k.htm", "calculatedOtherExpenses": 108077000, "calculatedOperatingExpenses": 207729000, "calculatedNetInterest": 0, "calculatedOtherIncome": 4096000, "calculatedIncomeNonControlling": 0, "calculatedEbitda": 237742000}, {"date": "2016-12-31", "symbol": "IRDM", "reportedCurrency": "USD", "cik": "0001418819", "fillingDate": "2017-02-23", "acceptedDate": "2017-02-23 07:01:38", "calendarYear": "2016", "period": "FY", "revenue": 433640000, "costOfRevenue": 109244000, "grossProfit": 324396000, "grossProfitRatio": 0.7480767457, "researchAndDevelopmentExpenses": 16079000, "generalAndAdministrativeExpenses": 82552000, "sellingAndMarketingExpenses": 0, "sellingGeneralAndAdministrativeExpenses": 82552000, "otherExpenses": 206000, "operatingExpenses": 148025000, "costAndExpenses": 257269000, "interestIncome": 0, "interestExpense": 0, "depreciationAndAmortization": 49394000, "ebitda": 225765000, "ebitdaratio": 0.5206277096, "operatingIncome": 176371000, "operatingIncomeRatio": 0.4067221659, "totalOtherIncomeExpensesNet": 206000, "incomeBeforeTax": 178165000, "incomeBeforeTaxRatio": 0.4108592381, "incomeTaxExpense": 67133000, "netIncome": 111032000, "netIncomeRatio": 0.2560464902, "eps": 1, "epsdiluted": 1, "weightedAverageShsOut": 95879000, "weightedAverageShsOutDil": 95879000, "link": "https://www.sec.gov/Archives/edgar/data/1418819/000156459017002101/0001564590-17-002101-index.htm", "finalLink": "https://www.sec.gov/Archives/edgar/data/1418819/000156459017002101/irdm-10k_20161231.htm", "calculatedOtherExpenses": 49394000, "calculatedOperatingExpenses": 148025000, "calculatedNetInterest": 0, "calculatedOtherIncome": 1794000, "calculatedIncomeNonControlling": 0, "calculatedEbitda": 225765000}, {"date": "2015-12-31", "symbol": "IRDM", "reportedCurrency": "USD", "cik": "0001418819", "fillingDate": "2016-02-25", "acceptedDate": "2016-02-25 16:52:47", "calendarYear": "2015", "period": "FY", "revenue": 411378000, "costOfRevenue": 101113000, "grossProfit": 310265000, "grossProfitRatio": 0.7542090243, "researchAndDevelopmentExpenses": 16144000, "generalAndAdministrativeExpenses": 81445000, "sellingAndMarketingExpenses": 0, "sellingGeneralAndAdministrativeExpenses": 81445000, "otherExpenses": -468000, "operatingExpenses": 149423000, "costAndExpenses": 250536000, "interestIncome": 0, "interestExpense": 0, "depreciationAndAmortization": 51834000, "ebitda": 299715000, "ebitdaratio": 0.7285635109, "operatingIncome": 73803000, "operatingIncomeRatio": 0.1794043435, "totalOtherIncomeExpensesNet": -87507000, "incomeBeforeTax": 73115000, "incomeBeforeTaxRatio": 0.1777319157, "incomeTaxExpense": 65992000, "netIncome": 7123000, "netIncomeRatio": 0.0173149755, "eps": -0.0874, "epsdiluted": -0.0874, "weightedAverageShsOut": 95097000, "weightedAverageShsOutDil": 95126000, "link": "https://www.sec.gov/Archives/edgar/data/1418819/000156459016013397/0001564590-16-013397-index.htm", "finalLink": "https://www.sec.gov/Archives/edgar/data/1418819/000156459016013397/irdm-10k_20151231.htm", "calculatedOtherExpenses": 138873000, "calculatedOperatingExpenses": 236462000, "calculatedNetInterest": 0, "calculatedOtherIncome": -688000, "calculatedIncomeNonControlling": 0, "calculatedEbitda": 125637000}, {"date": "2014-12-31", "symbol": "IRDM", "reportedCurrency": "USD", "cik": "0001418819", "fillingDate": "2015-02-26", "acceptedDate": "2015-02-26 07:26:46", "calendarYear": "2014", "period": "FY", "revenue": 408557000, "costOfRevenue": 116654000, "grossProfit": 291903000, "grossProfitRatio": 0.7144731335, "researchAndDevelopmentExpenses": 17587000, "generalAndAdministrativeExpenses": 78636000, "sellingAndMarketingExpenses": 0, "sellingGeneralAndAdministrativeExpenses": 78636000, "otherExpenses": -4274000, "operatingExpenses": 168992000, "costAndExpenses": 285646000, "interestIncome": 0, "interestExpense": 0, "depreciationAndAmortization": 72769000, "ebitda": 195680000, "ebitdaratio": 0.478953977, "operatingIncome": 122911000, "operatingIncomeRatio": 0.300841743, "totalOtherIncomeExpensesNet": -4274000, "incomeBeforeTax": 116452000, "incomeBeforeTaxRatio": 0.2850324435, "incomeTaxExpense": 41463000, "netIncome": 74989000, "netIncomeRatio": 0.1835459924, "eps": 0.67, "epsdiluted": 0.67, "weightedAverageShsOut": 91426595, "weightedAverageShsOutDil": 93905000, "link": "https://www.sec.gov/Archives/edgar/data/1418819/000114420415012061/0001144204-15-012061-index.htm", "finalLink": "https://www.sec.gov/Archives/edgar/data/1418819/000114420415012061/v400157_10k.htm", "calculatedOtherExpenses": 72769000, "calculatedOperatingExpenses": 168992000, "calculatedNetInterest": 0, "calculatedOtherIncome": -6459000, "calculatedIncomeNonControlling": 0, "calculatedEbitda": 195680000}, {"date": "2013-12-31", "symbol": "IRDM", "reportedCurrency": "USD", "cik": "0001418819", "fillingDate": "2014-03-04", "acceptedDate": "2014-03-04 07:00:57", "calendarYear": "2013", "period": "FY", "revenue": 382649000, "costOfRevenue": 111408000, "grossProfit": 271241000, "grossProfitRatio": 0.7088506699, "researchAndDevelopmentExpenses": 11149000, "generalAndAdministrativeExpenses": 75218000, "sellingAndMarketingExpenses": 0, "sellingGeneralAndAdministrativeExpenses": 75218000, "otherExpenses": 6003000, "operatingExpenses": 161347000, "costAndExpenses": 272755000, "interestIncome": 0, "interestExpense": 0, "depreciationAndAmortization": 74980000, "ebitda": 184874000, "ebitdaratio": 0.4831425144, "operatingIncome": 109894000, "operatingIncomeRatio": 0.2871927014, "totalOtherIncomeExpensesNet": 6003000, "incomeBeforeTax": 110465000, "incomeBeforeTaxRatio": 0.2886849306, "incomeTaxExpense": 47948000, "netIncome": 62517000, "netIncomeRatio": 0.163379494, "eps": 0.72, "epsdiluted": 0.72, "weightedAverageShsOut": 76690000, "weightedAverageShsOutDil": 76690000, "link": "https://www.sec.gov/Archives/edgar/data/1418819/000114420414013118/0001144204-14-013118-index.htm", "finalLink": "https://www.sec.gov/Archives/edgar/data/1418819/000114420414013118/v367143_10k.htm", "calculatedOtherExpenses": 74980000, "calculatedOperatingExpenses": 161347000, "calculatedNetInterest": 0, "calculatedOtherIncome": 571000, "calculatedIncomeNonControlling": 0, "calculatedEbitda": 184874000}, {"date": "2012-12-31", "symbol": "IRDM", "reportedCurrency": "USD", "cik": "0001418819", "fillingDate": "2013-03-05", "acceptedDate": "2013-03-05 07:00:51", "calendarYear": "2012", "period": "FY", "revenue": 383520000, "costOfRevenue": 114222000, "grossProfit": 269298000, "grossProfitRatio": 0.7021745932, "researchAndDevelopmentExpenses": 15525000, "generalAndAdministrativeExpenses": 67589000, "sellingAndMarketingExpenses": 0, "sellingGeneralAndAdministrativeExpenses": 67589000, "otherExpenses": -896000, "operatingExpenses": 164224000, "costAndExpenses": 278446000, "interestIncome": 0, "interestExpense": 0, "depreciationAndAmortization": 81110000, "ebitda": 186184000, "ebitdaratio": 0.4854609929, "operatingIncome": 105074000, "operatingIncomeRatio": 0.2739726742, "totalOtherIncomeExpensesNet": -896000, "incomeBeforeTax": 95018000, "incomeBeforeTaxRatio": 0.2477523988, "incomeTaxExpense": 30387000, "netIncome": 64631000, "netIncomeRatio": 0.1685205465, "eps": 0.85, "epsdiluted": 0.85, "weightedAverageShsOut": 76133620, "weightedAverageShsOutDil": 76461000, "link": "https://www.sec.gov/Archives/edgar/data/1418819/000114420413012838/0001144204-13-012838-index.htm", "finalLink": "https://www.sec.gov/Archives/edgar/data/1418819/000114420413012838/v329740_10k.htm", "calculatedOtherExpenses": 81110000, "calculatedOperatingExpenses": 164224000, "calculatedNetInterest": 0, "calculatedOtherIncome": -10056000, "calculatedIncomeNonControlling": 0, "calculatedEbitda": 186184000}, {"date": "2011-12-31", "symbol": "IRDM", "reportedCurrency": "USD", "cik": "0001418819", "fillingDate": "2012-03-06", "acceptedDate": "2012-03-06 07:00:15", "calendarYear": "2011", "period": "FY", "revenue": 384307000, "costOfRevenue": 125294000, "grossProfit": 259013000, "grossProfitRatio": 0.6739741925, "researchAndDevelopmentExpenses": 18684000, "generalAndAdministrativeExpenses": 0, "sellingAndMarketingExpenses": 65682000, "sellingGeneralAndAdministrativeExpenses": 65682000, "otherExpenses": 97646000, "operatingExpenses": 182012000, "costAndExpenses": 307306000, "interestIncome": 0, "interestExpense": 0, "depreciationAndAmortization": 97646000, "ebitda": 188267000, "ebitdaratio": 0.4898869914, "operatingIncome": 77001000, "operatingIncomeRatio": 0.2003632513, "totalOtherIncomeExpensesNet": -13620000, "incomeBeforeTax": 64581000, "incomeBeforeTaxRatio": 0.1680453388, "incomeTaxExpense": 24900000, "netIncome": 39681000, "netIncomeRatio": 0.1032533886, "eps": 0.57, "epsdiluted": 0.56, "weightedAverageShsOut": 72164000, "weightedAverageShsOutDil": 73559000, "link": "https://www.sec.gov/Archives/edgar/data/1418819/000119312512097807/0001193125-12-097807-index.htm", "finalLink": "https://www.sec.gov/Archives/edgar/data/1418819/000119312512097807/d262216d10k.htm", "calculatedOtherExpenses": 97646000, "calculatedOperatingExpenses": 182012000, "calculatedNetInterest": 0, "calculatedOtherIncome": -12420000, "calculatedIncomeNonControlling": 0, "calculatedEbitda": 174647000}, {"date": "2010-12-31", "symbol": "IRDM", "reportedCurrency": "USD", "cik": "0001418819", "fillingDate": "2011-03-07", "acceptedDate": "2011-03-07 16:35:07", "calendarYear": "2010", "period": "FY", "revenue": 348173000, "costOfRevenue": 134240000, "grossProfit": 213933000, "grossProfitRatio": 0.6144445434, "researchAndDevelopmentExpenses": 19178000, "generalAndAdministrativeExpenses": 0, "sellingAndMarketingExpenses": 66728000, "sellingGeneralAndAdministrativeExpenses": 66728000, "otherExpenses": 90667000, "operatingExpenses": 176573000, "costAndExpenses": 310813000, "interestIncome": 0, "interestExpense": 0, "depreciationAndAmortization": 90667000, "ebitda": 130412000, "ebitdaratio": 0.3745609223, "operatingIncome": 37360000, "operatingIncomeRatio": 0.1073029787, "totalOtherIncomeExpensesNet": -2385000, "incomeBeforeTax": 35612000, "incomeBeforeTaxRatio": 0.102282486, "incomeTaxExpense": 12921000, "netIncome": 22691000, "netIncomeRatio": 0.0651716245, "eps": 0.28, "epsdiluted": 0.27, "weightedAverageShsOut": 70289000, "weightedAverageShsOutDil": 72956000, "link": "https://www.sec.gov/Archives/edgar/data/1418819/000119312511057741/0001193125-11-057741-index.htm", "finalLink": "https://www.sec.gov/Archives/edgar/data/1418819/000119312511057741/d10k.htm", "calculatedOtherExpenses": 90667000, "calculatedOperatingExpenses": 176573000, "calculatedNetInterest": 0, "calculatedOtherIncome": -1748000, "calculatedIncomeNonControlling": 0, "calculatedEbitda": 128027000}, {"date": "2009-12-31", "symbol": "IRDM", "reportedCurrency": "USD", "cik": "0001418819", "fillingDate": "2010-03-16", "acceptedDate": "2010-03-16 16:16:51", "calendarYear": "2009", "period": "FY", "revenue": 75989000, "costOfRevenue": 37622000, "grossProfit": 38367000, "grossProfitRatio": 0.5049020253, "researchAndDevelopmentExpenses": 5974000, "generalAndAdministrativeExpenses": 0, "sellingAndMarketingExpenses": 17029000, "sellingGeneralAndAdministrativeExpenses": 17029000, "otherExpenses": 27676000, "operatingExpenses": 51542000, "costAndExpenses": 89164000, "interestIncome": 0, "interestExpense": 51000, "depreciationAndAmortization": 22376000, "ebitda": 9201000, "ebitdaratio": 0.1210833147, "operatingIncome": -13175000, "operatingIncomeRatio": -0.1733803577, "totalOtherIncomeExpensesNet": -32814000, "incomeBeforeTax": -46040000, "incomeBeforeTaxRatio": -0.6058771664, "incomeTaxExpense": -1654000, "netIncome": -44386000, "netIncomeRatio": -0.5841108582, "eps": -0.82, "epsdiluted": -0.82, "weightedAverageShsOut": 53964000, "weightedAverageShsOutDil": 53964000, "link": "https://www.sec.gov/Archives/edgar/data/1418819/000119312510058393/0001193125-10-058393-index.htm", "finalLink": "https://www.sec.gov/Archives/edgar/data/1418819/000119312510058393/d10k.htm", "calculatedOtherExpenses": 28539000, "calculatedOperatingExpenses": 51542000, "calculatedNetInterest": -51000, "calculatedOtherIncome": -32814000, "calculatedIncomeNonControlling": 0, "calculatedEbitda": 9201000}, {"date": "2008-12-31", "symbol": "IRDM", "reportedCurrency": "USD", "cik": "0001418819", "fillingDate": "2009-03-27", "acceptedDate": "2009-03-27 15:48:28", "calendarYear": "2008", "period": "FY", "revenue": 0, "costOfRevenue": 0, "grossProfit": 0, "grossProfitRatio": 0, "researchAndDevelopmentExpenses": 0, "generalAndAdministrativeExpenses": 2592185, "sellingAndMarketingExpenses": 0, "sellingGeneralAndAdministrativeExpenses": 2592185, "otherExpenses": 0, "operatingExpenses": 2592185, "costAndExpenses": 2592185, "interestIncome": 0, "interestExpense": 0, "depreciationAndAmortization": -5607860, "ebitda": -8200045, "ebitdaratio": 0, "operatingIncome": -2592185, "operatingIncomeRatio": 0, "totalOtherIncomeExpensesNet": 5607860, "incomeBeforeTax": 3012369, "incomeBeforeTaxRatio": 0, "incomeTaxExpense": 1356551, "netIncome": 1655818, "netIncomeRatio": 0, "eps": 0.04, "epsdiluted": 0.04, "weightedAverageShsOut": 43268000, "weightedAverageShsOutDil": 43268000, "link": "https://www.sec.gov/Archives/edgar/data/1418819/000095012309005597/0000950123-09-005597-index.htm", "finalLink": "https://www.sec.gov/Archives/edgar/data/1418819/000095012309005597/y01386e10vk.htm", "calculatedOtherExpenses": 0, "calculatedOperatingExpenses": 2592185, "calculatedNetInterest": 0, "calculatedOtherIncome": 5604554, "calculatedIncomeNonControlling": 0, "calculatedEbitda": -8200045}, {"date": "2007-12-31", "symbol": "IRDM", "reportedCurrency": "USD", "cik": "0001418819", "fillingDate": "2008-03-28", "acceptedDate": "2008-03-28 17:01:50", "calendarYear": "2007", "period": "FY", "revenue": 0, "costOfRevenue": 0, "grossProfit": 0, "grossProfitRatio": 0, "researchAndDevelopmentExpenses": 0, "generalAndAdministrativeExpenses": 0, "sellingAndMarketingExpenses": 0, "sellingGeneralAndAdministrativeExpenses": 1274, "otherExpenses": 0, "operatingExpenses": 1274, "costAndExpenses": 1274, "interestIncome": 0, "interestExpense": 0, "depreciationAndAmortization": 0, "ebitda": -1274, "ebitdaratio": 0, "operatingIncome": -1274, "operatingIncomeRatio": 0, "totalOtherIncomeExpensesNet": 0, "incomeBeforeTax": 0, "incomeBeforeTaxRatio": 0, "incomeTaxExpense": 3812, "netIncome": -3812, "netIncomeRatio": 0, "eps": -0.0003, "epsdiluted": -0.0003, "weightedAverageShsOut": 11500000, "weightedAverageShsOutDil": 11500000, "link": "https://www.sec.gov/Archives/edgar/data/1418819/000095013608001618/0000950136-08-001618-index.htm", "finalLink": "https://www.sec.gov/Archives/edgar/data/1418819/000095013608001618/file1.htm", "calculatedOtherExpenses": 0, "calculatedOperatingExpenses": 1274, "calculatedNetInterest": 0, "calculatedOtherIncome": 1274, "calculatedIncomeNonControlling": 0, "calculatedEbitda": -1274}]}