{"originalCurrency": "USD", "convertedCurrency": "USD", "report": [{"date": "2023-12-31", "symbol": "IRM", "reportedCurrency": "USD", "cik": "0001020569", "fillingDate": "2024-02-22", "acceptedDate": "2024-02-22 16:41:51", "calendarYear": "2023", "period": "FY", "revenue": 5480289000, "costOfRevenue": 2357800000, "grossProfit": 3122489000, "grossProfitRatio": 0.5697672148, "researchAndDevelopmentExpenses": 0, "generalAndAdministrativeExpenses": 873195000, "sellingAndMarketingExpenses": 363092000, "sellingGeneralAndAdministrativeExpenses": 1236287000, "otherExpenses": -71841000, "operatingExpenses": 2012446000, "costAndExpenses": 4370246000, "interestIncome": 12471000, "interestExpense": 598403000, "depreciationAndAmortization": 793018000, "ebitda": 1843691000, "ebitdaratio": 0.3364222215, "operatingIncome": 921778000, "operatingIncomeRatio": 0.1681987939, "totalOtherIncomeExpensesNet": -296905000, "incomeBeforeTax": 227206000, "incomeBeforeTaxRatio": 0.0414587625, "incomeTaxExpense": 39943000, "netIncome": 184234000, "netIncomeRatio": 0.0336175702, "eps": 0.63, "epsdiluted": 0.63, "weightedAverageShsOut": 291936000, "weightedAverageShsOutDil": 293965000, "link": "https://www.sec.gov/Archives/edgar/data/1020569/000102056924000040/0001020569-24-000040-index.htm", "finalLink": "https://www.sec.gov/Archives/edgar/data/1020569/000102056924000040/irm-20231231.htm", "calculatedOtherExpenses": 964424000, "calculatedOperatingExpenses": 2200711000, "calculatedNetInterest": -585932000, "calculatedOtherIncome": -108640000, "calculatedIncomeNonControlling": 3029000, "calculatedEbitda": 1714796000}, {"date": "2022-12-31", "symbol": "IRM", "reportedCurrency": "USD", "cik": "0001020569", "fillingDate": "2023-02-23", "acceptedDate": "2023-02-23 16:03:42", "calendarYear": "2022", "period": "FY", "revenue": 5103574000, "costOfRevenue": 2189120000, "grossProfit": 2914454000, "grossProfitRatio": 0.5710613778, "researchAndDevelopmentExpenses": 0, "generalAndAdministrativeExpenses": 839844000, "sellingAndMarketingExpenses": 300733000, "sellingGeneralAndAdministrativeExpenses": 1140577000, "otherExpenses": 727595000, "operatingExpenses": 1868172000, "costAndExpenses": 4057292000, "interestIncome": 8276000, "interestExpense": 488014000, "depreciationAndAmortization": 750818000, "ebitda": 1800689000, "ebitdaratio": 0.3528290175, "operatingIncome": 1049871000, "operatingIncomeRatio": 0.2057128985, "totalOtherIncomeExpensesNet": -418233000, "incomeBeforeTax": 631638000, "incomeBeforeTaxRatio": 0.1237638565, "incomeTaxExpense": 69489000, "netIncome": 556981000, "netIncomeRatio": 0.1091354804, "eps": 1.92, "epsdiluted": 1.9, "weightedAverageShsOut": 290812000, "weightedAverageShsOutDil": 292444177, "link": "https://www.sec.gov/Archives/edgar/data/1020569/000102056923000043/0001020569-23-000043-index.htm", "finalLink": "https://www.sec.gov/Archives/edgar/data/1020569/000102056923000043/irm-20221231.htm", "calculatedOtherExpenses": 724006000, "calculatedOperatingExpenses": 1864583000, "calculatedNetInterest": -479738000, "calculatedOtherIncome": 61505000, "calculatedIncomeNonControlling": 5168000, "calculatedEbitda": 1800689000}, {"date": "2021-12-31", "symbol": "IRM", "reportedCurrency": "USD", "cik": "0001020569", "fillingDate": "2022-02-24", "acceptedDate": "2022-02-24 16:40:20", "calendarYear": "2021", "period": "FY", "revenue": 4491531000, "costOfRevenue": 1887229000, "grossProfit": 2604302000, "grossProfitRatio": 0.5798250084, "researchAndDevelopmentExpenses": 0, "generalAndAdministrativeExpenses": 760346000, "sellingAndMarketingExpenses": 262213000, "sellingGeneralAndAdministrativeExpenses": 1022559000, "otherExpenses": 680422000, "operatingExpenses": 1702981000, "costAndExpenses": 3590210000, "interestIncome": 7341000, "interestExpense": 417961000, "depreciationAndAmortization": 920375000, "ebitda": 1774547000, "ebitdaratio": 0.3950873321, "operatingIncome": 854172000, "operatingIncomeRatio": 0.1901739073, "totalOtherIncomeExpensesNet": -225157000, "incomeBeforeTax": 629015000, "incomeBeforeTaxRatio": 0.1400446752, "incomeTaxExpense": 176290000, "netIncome": 450219000, "netIncomeRatio": 0.1002373133, "eps": 1.56, "epsdiluted": 1.55, "weightedAverageShsOut": 289457000, "weightedAverageShsOutDil": 290975090, "link": "https://www.sec.gov/Archives/edgar/data/1020569/000102056922000035/0001020569-22-000035-index.htm", "finalLink": "https://www.sec.gov/Archives/edgar/data/1020569/000102056922000035/irm-20211231.htm", "calculatedOtherExpenses": 727571000, "calculatedOperatingExpenses": 1750130000, "calculatedNetInterest": -410620000, "calculatedOtherIncome": 185463000, "calculatedIncomeNonControlling": 2506000, "calculatedEbitda": 1774547000}, {"date": "2020-12-31", "symbol": "IRM", "reportedCurrency": "USD", "cik": "0001020569", "fillingDate": "2021-02-24", "acceptedDate": "2021-02-24 16:13:48", "calendarYear": "2020", "period": "FY", "revenue": 4147270000, "costOfRevenue": 1757342000, "grossProfit": 2389928000, "grossProfitRatio": 0.5762653505, "researchAndDevelopmentExpenses": 0, "generalAndAdministrativeExpenses": 681802000, "sellingAndMarketingExpenses": 231365000, "sellingGeneralAndAdministrativeExpenses": 949215000, "otherExpenses": 652069000, "operatingExpenses": 1601284000, "costAndExpenses": 3358626000, "interestIncome": 8312000, "interestExpense": 418535000, "depreciationAndAmortization": 652069000, "ebitda": 1297168000, "ebitdaratio": 0.3127763565, "operatingIncome": 645099000, "operatingIncomeRatio": 0.1555478664, "totalOtherIncomeExpensesNet": -272394000, "incomeBeforeTax": 372705000, "incomeBeforeTaxRatio": 0.0898675514, "incomeTaxExpense": 29609000, "netIncome": 342693000, "netIncomeRatio": 0.0826309838, "eps": 1.19, "epsdiluted": 1.19, "weightedAverageShsOut": 288183000, "weightedAverageShsOutDil": 288643190, "link": "https://www.sec.gov/Archives/edgar/data/1020569/000102056921000067/0001020569-21-000067-index.htm", "finalLink": "https://www.sec.gov/Archives/edgar/data/1020569/000102056921000067/irm-20201231.htm", "calculatedOtherExpenses": 795614000, "calculatedOperatingExpenses": 1744829000, "calculatedNetInterest": -410223000, "calculatedOtherIncome": 137829000, "calculatedIncomeNonControlling": 403000, "calculatedEbitda": 1297168000}, {"date": "2019-12-31", "symbol": "IRM", "reportedCurrency": "USD", "cik": "0001020569", "fillingDate": "2020-02-13", "acceptedDate": "2020-02-13 16:08:45", "calendarYear": "2019", "period": "FY", "revenue": 4262584000, "costOfRevenue": 1833315000, "grossProfit": 2429269000, "grossProfitRatio": 0.56990525, "researchAndDevelopmentExpenses": 0, "generalAndAdministrativeExpenses": 726571000, "sellingAndMarketingExpenses": 245704000, "sellingGeneralAndAdministrativeExpenses": 991664000, "otherExpenses": 658201000, "operatingExpenses": 1649865000, "costAndExpenses": 3483180000, "interestIncome": 6559000, "interestExpense": 419298000, "depreciationAndAmortization": 647221000, "ebitda": 1428559000, "ebitdaratio": 0.3351392019, "operatingIncome": 781338000, "operatingIncomeRatio": 0.1833014904, "totalOtherIncomeExpensesNet": -453196000, "incomeBeforeTax": 328142000, "incomeBeforeTaxRatio": 0.0769819433, "incomeTaxExpense": 59931000, "netIncome": 267377000, "netIncomeRatio": 0.0627265058, "eps": 0.93, "epsdiluted": 0.93, "weightedAverageShsOut": 286971000, "weightedAverageShsOutDil": 287687000, "link": "https://www.sec.gov/Archives/edgar/data/1020569/000102056920000029/0001020569-20-000029-index.htm", "finalLink": "https://www.sec.gov/Archives/edgar/data/1020569/000102056920000029/irm201910k.htm", "calculatedOtherExpenses": 656267000, "calculatedOperatingExpenses": 1647931000, "calculatedNetInterest": -412739000, "calculatedOtherIncome": -40457000, "calculatedIncomeNonControlling": 834000, "calculatedEbitda": 1428559000}, {"date": "2018-12-31", "symbol": "IRM", "reportedCurrency": "USD", "cik": "0001020569", "fillingDate": "2019-02-14", "acceptedDate": "2019-02-14 16:15:05", "calendarYear": "2018", "period": "FY", "revenue": 4225761000, "costOfRevenue": 1801582000, "grossProfit": 2424179000, "grossProfitRatio": 0.5736668496, "researchAndDevelopmentExpenses": 0, "generalAndAdministrativeExpenses": 720007000, "sellingAndMarketingExpenses": 257306000, "sellingGeneralAndAdministrativeExpenses": 977313000, "otherExpenses": -3875000, "operatingExpenses": 1616827000, "costAndExpenses": 3418409000, "interestIncome": 6553000, "interestExpense": 415842000, "depreciationAndAmortization": 639514000, "ebitda": 1449544000, "ebitdaratio": 0.3430255521, "operatingIncome": 755508000, "operatingIncomeRatio": 0.1787862589, "totalOtherIncomeExpensesNet": -40152000, "incomeBeforeTax": 357911000, "incomeBeforeTaxRatio": 0.0846974072, "incomeTaxExpense": 36263000, "netIncome": 363351000, "netIncomeRatio": 0.0859847493, "eps": 1.27, "epsdiluted": 1.27, "weightedAverageShsOut": 285913000, "weightedAverageShsOutDil": 286652588, "link": "https://www.sec.gov/Archives/edgar/data/1020569/000102056919000018/0001020569-19-000018-index.htm", "finalLink": "https://www.sec.gov/Archives/edgar/data/1020569/000102056919000018/irm201810k.htm", "calculatedOtherExpenses": 691358000, "calculatedOperatingExpenses": 1668671000, "calculatedNetInterest": -409289000, "calculatedOtherIncome": 11692000, "calculatedIncomeNonControlling": -41703000, "calculatedEbitda": 1395022000}, {"date": "2017-12-31", "symbol": "IRM", "reportedCurrency": "USD", "cik": "0001020569", "fillingDate": "2018-02-16", "acceptedDate": "2018-02-16 16:32:49", "calendarYear": "2017", "period": "FY", "revenue": 3845578000, "costOfRevenue": 1685318000, "grossProfit": 2160260000, "grossProfitRatio": 0.5617517055, "researchAndDevelopmentExpenses": 0, "generalAndAdministrativeExpenses": 652614000, "sellingAndMarketingExpenses": 253117000, "sellingGeneralAndAdministrativeExpenses": 905731000, "otherExpenses": 42187000, "operatingExpenses": 1428107000, "costAndExpenses": 3113425000, "interestIncome": 7659000, "interestExpense": 361234000, "depreciationAndAmortization": 522376000, "ebitda": 1304375000, "ebitdaratio": 0.3391882833, "operatingIncome": 649109000, "operatingIncomeRatio": 0.1687936118, "totalOtherIncomeExpensesNet": -162473000, "incomeBeforeTax": 216105000, "incomeBeforeTaxRatio": 0.0561957136, "incomeTaxExpense": 25947000, "netIncome": 183821000, "netIncomeRatio": 0.0478006167, "eps": 0.64, "epsdiluted": 0.64, "weightedAverageShsOut": 265898000, "weightedAverageShsOutDil": 266845000, "link": "https://www.sec.gov/Archives/edgar/data/1020569/000102056918000006/0001020569-18-000006-index.htm", "finalLink": "https://www.sec.gov/Archives/edgar/data/1020569/000102056918000006/irm201710k.htm", "calculatedOtherExpenses": 605420000, "calculatedOperatingExpenses": 1511151000, "calculatedNetInterest": -353575000, "calculatedOtherIncome": -79429000, "calculatedIncomeNonControlling": 6337000, "calculatedEbitda": 1171485000}, {"date": "2016-12-31", "symbol": "IRM", "reportedCurrency": "USD", "cik": "0001020569", "fillingDate": "2017-02-23", "acceptedDate": "2017-02-23 12:57:50", "calendarYear": "2016", "period": "FY", "revenue": 3511453000, "costOfRevenue": 1567777000, "grossProfit": 1943676000, "grossProfitRatio": 0.553524709, "researchAndDevelopmentExpenses": 0, "generalAndAdministrativeExpenses": 621468000, "sellingAndMarketingExpenses": 238178000, "sellingGeneralAndAdministrativeExpenses": 859646000, "otherExpenses": -14604000, "operatingExpenses": 1311972000, "costAndExpenses": 2879749000, "interestIncome": 7558000, "interestExpense": 318220000, "depreciationAndAmortization": 452326000, "ebitda": 1076984000, "ebitdaratio": 0.3067060843, "operatingIncome": 501606000, "operatingIncomeRatio": 0.1428485587, "totalOtherIncomeExpensesNet": -174398000, "incomeBeforeTax": 146644000, "incomeBeforeTaxRatio": 0.0417616297, "incomeTaxExpense": 44944000, "netIncome": 104824000, "netIncomeRatio": 0.0298520299, "eps": 0.43, "epsdiluted": 0.42, "weightedAverageShsOut": 246178000, "weightedAverageShsOutDil": 247267000, "link": "https://www.sec.gov/Archives/edgar/data/1020569/000102056917000010/0001020569-17-000010-index.htm", "finalLink": "https://www.sec.gov/Archives/edgar/data/1020569/000102056917000010/irm201610k.htm", "calculatedOtherExpenses": 582424000, "calculatedOperatingExpenses": 1442070000, "calculatedNetInterest": -310662000, "calculatedOtherIncome": -44300000, "calculatedIncomeNonControlling": -3124000, "calculatedEbitda": 953932000}, {"date": "2015-12-31", "symbol": "IRM", "reportedCurrency": "USD", "cik": "0001020569", "fillingDate": "2016-02-26", "acceptedDate": "2016-02-26 09:12:12", "calendarYear": "2015", "period": "FY", "revenue": 3007976000, "costOfRevenue": 1290025000, "grossProfit": 1717951000, "grossProfitRatio": 0.571131884, "researchAndDevelopmentExpenses": 0, "generalAndAdministrativeExpenses": 615605000, "sellingAndMarketingExpenses": 214029000, "sellingGeneralAndAdministrativeExpenses": 829634000, "otherExpenses": -434000, "operatingExpenses": 1175098000, "costAndExpenses": 2465123000, "interestIncome": 3984000, "interestExpense": 267855000, "depreciationAndAmortization": 345464000, "ebitda": 891867000, "ebitdaratio": 0.2965007035, "operatingIncome": 524527000, "operatingIncomeRatio": 0.1743787184, "totalOtherIncomeExpensesNet": -116916000, "incomeBeforeTax": 162066000, "incomeBeforeTaxRatio": 0.0538787544, "incomeTaxExpense": 37713000, "netIncome": 123241000, "netIncomeRatio": 0.040971404, "eps": 0.58, "epsdiluted": 0.58, "weightedAverageShsOut": 210764000, "weightedAverageShsOutDil": 212118000, "link": "https://www.sec.gov/Archives/edgar/data/1020569/000102056916000013/0001020569-16-000013-index.htm", "finalLink": "https://www.sec.gov/Archives/edgar/data/1020569/000102056916000013/irm201510k.htm", "calculatedOtherExpenses": 363790000, "calculatedOperatingExpenses": 1193424000, "calculatedNetInterest": -263871000, "calculatedOtherIncome": -98590000, "calculatedIncomeNonControlling": 1112000, "calculatedEbitda": 869991000}, {"date": "2014-12-31", "symbol": "IRM", "reportedCurrency": "USD", "cik": "0001020569", "fillingDate": "2015-02-27", "acceptedDate": "2015-02-27 16:48:37", "calendarYear": "2014", "period": "FY", "revenue": 3117693000, "costOfRevenue": 1344636000, "grossProfit": 1773057000, "grossProfitRatio": 0.5687080158, "researchAndDevelopmentExpenses": 0, "generalAndAdministrativeExpenses": 641831000, "sellingAndMarketingExpenses": 213532000, "sellingGeneralAndAdministrativeExpenses": 855363000, "otherExpenses": 9624000, "operatingExpenses": 1208506000, "costAndExpenses": 2553142000, "interestIncome": 2443000, "interestExpense": 263160000, "depreciationAndAmortization": 353143000, "ebitda": 929761000, "ebitdaratio": 0.2982208319, "operatingIncome": 549277000, "operatingIncomeRatio": 0.1761805925, "totalOtherIncomeExpensesNet": -80461000, "incomeBeforeTax": 223373000, "incomeBeforeTaxRatio": 0.0716468876, "incomeTaxExpense": -97275000, "netIncome": 326119000, "netIncomeRatio": 0.1046026661, "eps": 1.67, "epsdiluted": 1.66, "weightedAverageShsOut": 195278000, "weightedAverageShsOutDil": 196749000, "link": "https://www.sec.gov/Archives/edgar/data/1020569/000104746915001413/0001047469-15-001413-index.htm", "finalLink": "https://www.sec.gov/Archives/edgar/data/1020569/000104746915001413/a2223186z10-k.htm", "calculatedOtherExpenses": 368417000, "calculatedOperatingExpenses": 1223780000, "calculatedNetInterest": -260717000, "calculatedOtherIncome": -65187000, "calculatedIncomeNonControlling": -5471000, "calculatedEbitda": 902420000}, {"date": "2013-12-31", "symbol": "IRM", "reportedCurrency": "USD", "cik": "0001020569", "fillingDate": "2014-02-28", "acceptedDate": "2014-02-28 13:49:22", "calendarYear": "2013", "period": "FY", "revenue": 3025923000, "costOfRevenue": 1288878000, "grossProfit": 1737045000, "grossProfitRatio": 0.5740545943, "researchAndDevelopmentExpenses": 0, "generalAndAdministrativeExpenses": 693575000, "sellingAndMarketingExpenses": 219143000, "sellingGeneralAndAdministrativeExpenses": 912718000, "otherExpenses": 4723000, "operatingExpenses": 1234755000, "costAndExpenses": 2523633000, "interestIncome": 4208000, "interestExpense": 258382000, "depreciationAndAmortization": 322037000, "ebitda": 833258000, "ebitdaratio": 0.2753731671, "operatingIncome": 492394000, "operatingIncomeRatio": 0.1627252247, "totalOtherIncomeExpensesNet": -85098000, "incomeBeforeTax": 163018000, "incomeBeforeTaxRatio": 0.0538738097, "incomeTaxExpense": 63057000, "netIncome": 97262000, "netIncomeRatio": 0.0321429197, "eps": 0.51, "epsdiluted": 0.5, "weightedAverageShsOut": 190994000, "weightedAverageShsOutDil": 192412000, "link": "https://www.sec.gov/Archives/edgar/data/1020569/000104746914001562/0001047469-14-001562-index.htm", "finalLink": "https://www.sec.gov/Archives/edgar/data/1020569/000104746914001562/a2218353z10-k.htm", "calculatedOtherExpenses": 331933000, "calculatedOperatingExpenses": 1244651000, "calculatedNetInterest": -254174000, "calculatedOtherIncome": -75202000, "calculatedIncomeNonControlling": 2699000, "calculatedEbitda": 814431000}, {"date": "2012-12-31", "symbol": "IRM", "reportedCurrency": "USD", "cik": "0001020569", "fillingDate": "2013-03-01", "acceptedDate": "2013-03-01 12:47:58", "calendarYear": "2012", "period": "FY", "revenue": 3005255000, "costOfRevenue": 1277113000, "grossProfit": 1728142000, "grossProfitRatio": 0.5750400548, "researchAndDevelopmentExpenses": 0, "generalAndAdministrativeExpenses": 606599000, "sellingAndMarketingExpenses": 235449000, "sellingGeneralAndAdministrativeExpenses": 850371000, "otherExpenses": -16062000, "operatingExpenses": 1166715000, "costAndExpenses": 2443828000, "interestIncome": 2418000, "interestExpense": 242599000, "depreciationAndAmortization": 316344000, "ebitda": 861709000, "ebitdaratio": 0.2867340708, "operatingIncome": 557027000, "operatingIncomeRatio": 0.1853509935, "totalOtherIncomeExpensesNet": -20462000, "incomeBeforeTax": 298366000, "incomeBeforeTaxRatio": 0.0992814254, "incomeTaxExpense": 114873000, "netIncome": 171708000, "netIncomeRatio": 0.0571359169, "eps": 0.99, "epsdiluted": 0.98, "weightedAverageShsOut": 173604000, "weightedAverageShsOutDil": 174867000, "link": "https://www.sec.gov/Archives/edgar/data/1020569/000104746913002039/0001047469-13-002039-index.htm", "finalLink": "https://www.sec.gov/Archives/edgar/data/1020569/000104746913002039/a2213054z10-k.htm", "calculatedOtherExpenses": 320744000, "calculatedOperatingExpenses": 1171115000, "calculatedNetInterest": -240181000, "calculatedOtherIncome": -18480000, "calculatedIncomeNonControlling": 11785000, "calculatedEbitda": 873371000}, {"date": "2011-12-31", "symbol": "IRM", "reportedCurrency": "USD", "cik": "0001020569", "fillingDate": "2012-02-28", "acceptedDate": "2012-02-28 17:12:23", "calendarYear": "2011", "period": "FY", "revenue": 3014703000, "costOfRevenue": 1245200000, "grossProfit": 1769503000, "grossProfitRatio": 0.5869576539, "researchAndDevelopmentExpenses": 0, "generalAndAdministrativeExpenses": 834591000, "sellingAndMarketingExpenses": 0, "sellingGeneralAndAdministrativeExpenses": 834591000, "otherExpenses": 319499000, "operatingExpenses": 1154090000, "costAndExpenses": 2399290000, "interestIncome": 2313000, "interestExpense": 207569000, "depreciationAndAmortization": 319499000, "ebitda": 992169000, "ebitdaratio": 0.3291100317, "operatingIncome": 571199000, "operatingIncomeRatio": 0.189471069, "totalOtherIncomeExpensesNet": -57257000, "incomeBeforeTax": 352900000, "incomeBeforeTaxRatio": 0.1170596241, "incomeTaxExpense": 106488000, "netIncome": 395538000, "netIncomeRatio": 0.1312029742, "eps": 2.03, "epsdiluted": 2.02, "weightedAverageShsOut": 194777000, "weightedAverageShsOutDil": 195938000, "link": "https://www.sec.gov/Archives/edgar/data/1020569/000104746912001785/0001047469-12-001785-index.htm", "finalLink": "https://www.sec.gov/Archives/edgar/data/1020569/000104746912001785/a2207506z10-k.htm", "calculatedOtherExpenses": 363713000, "calculatedOperatingExpenses": 1198304000, "calculatedNetInterest": -205256000, "calculatedOtherIncome": -13043000, "calculatedIncomeNonControlling": -149126000, "calculatedEbitda": 890698000}, {"date": "2010-12-31", "symbol": "IRM", "reportedCurrency": "USD", "cik": "0001020569", "fillingDate": "2011-03-01", "acceptedDate": "2011-03-01 11:04:48", "calendarYear": "2010", "period": "FY", "revenue": 2916656000, "costOfRevenue": 1204454000, "grossProfit": 1712202000, "grossProfitRatio": 0.5870428326, "researchAndDevelopmentExpenses": 0, "generalAndAdministrativeExpenses": 927873000, "sellingAndMarketingExpenses": -149993000, "sellingGeneralAndAdministrativeExpenses": 777880000, "otherExpenses": 344283000, "operatingExpenses": 1085253000, "costAndExpenses": 2289707000, "interestIncome": 1787000, "interestExpense": 206510000, "depreciationAndAmortization": 281438000, "ebitda": 934322000, "ebitdaratio": 0.320340143, "operatingIncome": 552034000, "operatingIncomeRatio": 0.1892694922, "totalOtherIncomeExpensesNet": -83950000, "incomeBeforeTax": 336489000, "incomeBeforeTaxRatio": 0.1153680791, "incomeTaxExpense": 169469000, "netIncome": -53900000, "netIncomeRatio": -0.0184800676, "eps": -0.27, "epsdiluted": -0.27, "weightedAverageShsOut": 201991000, "weightedAverageShsOutDil": 201991000, "link": "https://www.sec.gov/Archives/edgar/data/1020569/000104746911001600/0001047469-11-001600-index.htm", "finalLink": "https://www.sec.gov/Archives/edgar/data/1020569/000104746911001600/a2202093z10-k.htm", "calculatedOtherExpenses": 382288000, "calculatedOperatingExpenses": 1160168000, "calculatedNetInterest": -204723000, "calculatedOtherIncome": -10822000, "calculatedIncomeNonControlling": 220920000, "calculatedEbitda": 833472000}, {"date": "2009-12-31", "symbol": "IRM", "reportedCurrency": "USD", "cik": "0001020569", "fillingDate": "2010-02-26", "acceptedDate": "2010-02-26 16:23:27", "calendarYear": "2009", "period": "FY", "revenue": 3013595000, "costOfRevenue": 1271214000, "grossProfit": 1742381000, "grossProfitRatio": 0.5781735767, "researchAndDevelopmentExpenses": 0, "generalAndAdministrativeExpenses": 874359000, "sellingAndMarketingExpenses": 0, "sellingGeneralAndAdministrativeExpenses": 874359000, "otherExpenses": 319072000, "operatingExpenses": 1193431000, "costAndExpenses": 2464645000, "interestIncome": 2566000, "interestExpense": 227790000, "depreciationAndAmortization": 319072000, "ebitda": 868022000, "ebitdaratio": 0.2880353863, "operatingIncome": 548544000, "operatingIncomeRatio": 0.1820231318, "totalOtherIncomeExpensesNet": 11673000, "incomeBeforeTax": 332833000, "incomeBeforeTaxRatio": 0.1104438387, "incomeTaxExpense": 110527000, "netIncome": 220877000, "netIncomeRatio": 0.0732935248, "eps": 1.09, "epsdiluted": 1.08, "weightedAverageShsOut": 202812000, "weightedAverageShsOutDil": 204271000, "link": "https://www.sec.gov/Archives/edgar/data/1020569/000104746910001537/0001047469-10-001537-index.htm", "finalLink": "https://www.sec.gov/Archives/edgar/data/1020569/000104746910001537/a2196707z10-k.htm", "calculatedOtherExpenses": 319478000, "calculatedOperatingExpenses": 1193837000, "calculatedNetInterest": -225224000, "calculatedOtherIncome": 9513000, "calculatedIncomeNonControlling": 1429000, "calculatedEbitda": 867616000}, {"date": "2008-12-31", "symbol": "IRM", "reportedCurrency": "USD", "cik": "0001020569", "fillingDate": "2009-03-02", "acceptedDate": "2009-03-02 10:29:15", "calendarYear": "2008", "period": "FY", "revenue": 3055134000, "costOfRevenue": 1382019000, "grossProfit": 1673115000, "grossProfitRatio": 0.5476404636, "researchAndDevelopmentExpenses": 0, "generalAndAdministrativeExpenses": 882364000, "sellingAndMarketingExpenses": 0, "sellingGeneralAndAdministrativeExpenses": 882364000, "otherExpenses": 298221000, "operatingExpenses": 1180585000, "costAndExpenses": 2562604000, "interestIncome": 0, "interestExpense": 236635000, "depreciationAndAmortization": 295720000, "ebitda": 826761000, "ebitdaratio": 0.2706136621, "operatingIncome": 492530000, "operatingIncomeRatio": 0.161213878, "totalOtherIncomeExpensesNet": -38511000, "incomeBeforeTax": 224867000, "incomeBeforeTaxRatio": 0.0736029909, "incomeTaxExpense": 142924000, "netIncome": 82037000, "netIncomeRatio": 0.0268521774, "eps": 0.41, "epsdiluted": 0.4, "weightedAverageShsOut": 201279000, "weightedAverageShsOutDil": 203290000, "link": "https://www.sec.gov/Archives/edgar/data/1020569/000104746909002067/0001047469-09-002067-index.htm", "finalLink": "https://www.sec.gov/Archives/edgar/data/1020569/000104746909002067/a2191140z10-k.htm", "calculatedOtherExpenses": 298221000, "calculatedOperatingExpenses": 1180585000, "calculatedNetInterest": -236635000, "calculatedOtherIncome": -31028000, "calculatedIncomeNonControlling": -94000, "calculatedEbitda": 788250000}, {"date": "2007-12-31", "symbol": "IRM", "reportedCurrency": "USD", "cik": "0001020569", "fillingDate": "2008-02-29", "acceptedDate": "2008-02-29 15:49:32", "calendarYear": "2007", "period": "FY", "revenue": 2730035000, "costOfRevenue": 1260120000, "grossProfit": 1469915000, "grossProfitRatio": 0.5384235001, "researchAndDevelopmentExpenses": 0, "generalAndAdministrativeExpenses": 771375000, "sellingAndMarketingExpenses": 0, "sellingGeneralAndAdministrativeExpenses": 771375000, "otherExpenses": 243822000, "operatingExpenses": 1015197000, "costAndExpenses": 2275317000, "interestIncome": 0, "interestExpense": 228593000, "depreciationAndAmortization": 254655000, "ebitda": 707002000, "ebitdaratio": 0.2589717714, "operatingIncome": 454718000, "operatingIncomeRatio": 0.1665612346, "totalOtherIncomeExpensesNet": 2371000, "incomeBeforeTax": 223024000, "incomeBeforeTaxRatio": 0.0816927256, "incomeTaxExpense": 69010000, "netIncome": 153094000, "netIncomeRatio": 0.0560776693, "eps": 0.77, "epsdiluted": 0.76, "weightedAverageShsOut": 199938000, "weightedAverageShsOutDil": 202062000, "link": "https://www.sec.gov/Archives/edgar/data/1020569/000104746908002061/0001047469-08-002061-index.htm", "finalLink": "https://www.sec.gov/Archives/edgar/data/1020569/000104746908002061/a2183111z10-k.htm", "calculatedOtherExpenses": 243822000, "calculatedOperatingExpenses": 1015197000, "calculatedNetInterest": -228593000, "calculatedOtherIncome": -3101000, "calculatedIncomeNonControlling": 920000, "calculatedEbitda": 709373000}, {"date": "2006-12-31", "symbol": "IRM", "reportedCurrency": "USD", "cik": "0001020569", "fillingDate": "2007-03-01", "acceptedDate": "2007-03-01 15:32:46", "calendarYear": "2006", "period": "FY", "revenue": 2350342000, "costOfRevenue": 1074268000, "grossProfit": 1276074000, "grossProfitRatio": 0.5429311989, "researchAndDevelopmentExpenses": 0, "generalAndAdministrativeExpenses": 670074000, "sellingAndMarketingExpenses": 0, "sellingGeneralAndAdministrativeExpenses": 670074000, "otherExpenses": 198813000, "operatingExpenses": 868887000, "costAndExpenses": 1943155000, "interestIncome": 0, "interestExpense": 194958000, "depreciationAndAmortization": 213836000, "ebitda": 599474000, "ebitdaratio": 0.2550582, "operatingIncome": 407187000, "operatingIncomeRatio": 0.173245851, "totalOtherIncomeExpensesNet": 21549000, "incomeBeforeTax": 224218000, "incomeBeforeTaxRatio": 0.0953980314, "incomeTaxExpense": 93795000, "netIncome": 128863000, "netIncomeRatio": 0.05482734, "eps": 0.65, "epsdiluted": 0.64, "weightedAverageShsOut": 198116000, "weightedAverageShsOutDil": 200463000, "link": "https://www.sec.gov/Archives/edgar/data/1020569/000110465907015493/0001104659-07-015493-index.htm", "finalLink": "https://www.sec.gov/Archives/edgar/data/1020569/000110465907015493/a07-5794_110k.htm", "calculatedOtherExpenses": 198813000, "calculatedOperatingExpenses": 868887000, "calculatedNetInterest": -194958000, "calculatedOtherIncome": 11989000, "calculatedIncomeNonControlling": 1560000, "calculatedEbitda": 621023000}, {"date": "2005-12-31", "symbol": "IRM", "reportedCurrency": "USD", "cik": "0001020569", "fillingDate": "2006-03-16", "acceptedDate": "2006-03-16 13:58:43", "calendarYear": "2005", "period": "FY", "revenue": 2078155000, "costOfRevenue": 938239000, "grossProfit": 1139916000, "grossProfitRatio": 0.548523089, "researchAndDevelopmentExpenses": 0, "generalAndAdministrativeExpenses": 569695000, "sellingAndMarketingExpenses": 0, "sellingGeneralAndAdministrativeExpenses": 569695000, "otherExpenses": 183437000, "operatingExpenses": 753132000, "costAndExpenses": 1691371000, "interestIncome": 0, "interestExpense": 183584000, "depreciationAndAmortization": 134572000, "ebitda": 576403000, "ebitdaratio": 0.2773628531, "operatingIncome": 386784000, "operatingIncomeRatio": 0.1861189372, "totalOtherIncomeExpensesNet": -2697000, "incomeBeforeTax": 197018000, "incomeBeforeTaxRatio": 0.0948042855, "incomeTaxExpense": 81484000, "netIncome": 116601000, "netIncomeRatio": 0.0561079419, "eps": 0.57, "epsdiluted": 0.56, "weightedAverageShsOut": 195988000, "weightedAverageShsOutDil": 198104000, "link": "https://www.sec.gov/Archives/edgar/data/1020569/000110465906017231/0001104659-06-017231-index.htm", "finalLink": "https://www.sec.gov/Archives/edgar/data/1020569/000110465906017231/a06-2602_110k.htm", "calculatedOtherExpenses": 183437000, "calculatedOperatingExpenses": 753132000, "calculatedNetInterest": -183584000, "calculatedOtherIncome": -6182000, "calculatedIncomeNonControlling": -1067000, "calculatedEbitda": 521356000}, {"date": "2004-12-31", "symbol": "IRM", "reportedCurrency": "USD", "cik": "0001020569", "fillingDate": "2005-03-16", "acceptedDate": "2005-03-16 14:24:26", "calendarYear": "2004", "period": "FY", "revenue": 1817589000, "costOfRevenue": 823899000, "grossProfit": 993690000, "grossProfitRatio": 0.5467077541, "researchAndDevelopmentExpenses": 0, "generalAndAdministrativeExpenses": 486246000, "sellingAndMarketingExpenses": 0, "sellingGeneralAndAdministrativeExpenses": 486246000, "otherExpenses": 162948000, "operatingExpenses": 649194000, "costAndExpenses": 1473093000, "interestIncome": 0, "interestExpense": 185749000, "depreciationAndAmortization": 167275000, "ebitda": 503102000, "ebitdaratio": 0.2767963494, "operatingIncome": 344496000, "operatingIncomeRatio": 0.1895345978, "totalOtherIncomeExpensesNet": 8669000, "incomeBeforeTax": 166735000, "incomeBeforeTaxRatio": 0.0917341599, "incomeTaxExpense": 69574000, "netIncome": 94191000, "netIncomeRatio": 0.0518219465, "eps": 0.49, "epsdiluted": 0.48, "weightedAverageShsOut": 193624500, "weightedAverageShsOutDil": 196764000, "link": "https://www.sec.gov/Archives/edgar/data/1020569/000104746905006702/0001047469-05-006702-index.htm", "finalLink": "https://www.sec.gov/Archives/edgar/data/1020569/000104746905006702/a2152867z10-k.htm", "calculatedOtherExpenses": 162948000, "calculatedOperatingExpenses": 649194000, "calculatedNetInterest": -185749000, "calculatedOtherIncome": 7988000, "calculatedIncomeNonControlling": 2970000, "calculatedEbitda": 511771000}, {"date": "2003-12-31", "symbol": "IRM", "reportedCurrency": "USD", "cik": "0001020569", "fillingDate": "2004-03-11", "acceptedDate": "2004-03-10 21:23:06", "calendarYear": "2003", "period": "FY", "revenue": 1501329000, "costOfRevenue": 680747000, "grossProfit": 820582000, "grossProfitRatio": 0.5465704053, "researchAndDevelopmentExpenses": 0, "generalAndAdministrativeExpenses": 383641000, "sellingAndMarketingExpenses": 0, "sellingGeneralAndAdministrativeExpenses": 383641000, "otherExpenses": 132048000, "operatingExpenses": 515689000, "costAndExpenses": 1196436000, "interestIncome": 0, "interestExpense": 150468000, "depreciationAndAmortization": 158201000, "ebitda": 460530000, "ebitdaratio": 0.3067482211, "operatingIncome": 304893000, "operatingIncomeRatio": 0.2030820693, "totalOtherIncomeExpensesNet": 2564000, "incomeBeforeTax": 156989000, "incomeBeforeTaxRatio": 0.1045666872, "incomeTaxExpense": 66730000, "netIncome": 84637000, "netIncomeRatio": 0.0563747187, "eps": 0.44, "epsdiluted": 0.43, "weightedAverageShsOut": 191851500, "weightedAverageShsOutDil": 195115500, "link": "https://www.sec.gov/Archives/edgar/data/1020569/000104746904007405/0001047469-04-007405-index.htm", "finalLink": "https://www.sec.gov/Archives/edgar/data/1020569/000104746904007405/a2129866z10-k.htm", "calculatedOtherExpenses": 132048000, "calculatedOperatingExpenses": 515689000, "calculatedNetInterest": -150468000, "calculatedOtherIncome": 2564000, "calculatedIncomeNonControlling": 5622000, "calculatedEbitda": 463094000}, {"date": "2002-12-31", "symbol": "IRM", "reportedCurrency": "USD", "cik": "0001020569", "fillingDate": "2003-03-21", "acceptedDate": "2003-03-21 17:04:03", "calendarYear": "2002", "period": "FY", "revenue": 1318497000, "costOfRevenue": 622299000, "grossProfit": 696198000, "grossProfitRatio": 0.5280239545, "researchAndDevelopmentExpenses": 0, "generalAndAdministrativeExpenses": 332332000, "sellingAndMarketingExpenses": 0, "sellingGeneralAndAdministrativeExpenses": 332332000, "otherExpenses": 109840000, "operatingExpenses": 442172000, "costAndExpenses": 1064471000, "interestIncome": 0, "interestExpense": 136632000, "depreciationAndAmortization": 114761000, "ebitda": 366232000, "ebitdaratio": 0.2777647579, "operatingIncome": 253230000, "operatingIncomeRatio": 0.1920595951, "totalOtherIncomeExpensesNet": 2555000, "incomeBeforeTax": 119949000, "incomeBeforeTaxRatio": 0.0909740409, "incomeTaxExpense": 49295000, "netIncome": 58292000, "netIncomeRatio": 0.0442109463, "eps": 0.31, "epsdiluted": 0.3, "weightedAverageShsOut": 190464750, "weightedAverageShsOutDil": 193659750, "link": "https://www.sec.gov/Archives/edgar/data/1020569/000104746903009667/0001047469-03-009667-index.htm", "finalLink": "https://www.sec.gov/Archives/edgar/data/1020569/000104746903009667/a2105753z10-k.htm", "calculatedOtherExpenses": 110636000, "calculatedOperatingExpenses": 442968000, "calculatedNetInterest": -136632000, "calculatedOtherIncome": 3351000, "calculatedIncomeNonControlling": 12362000, "calculatedEbitda": 367991000}, {"date": "2001-12-31", "symbol": "IRM", "reportedCurrency": "USD", "cik": "0001020569", "fillingDate": "2002-03-21", "acceptedDate": "2002-03-21 00:00:00", "calendarYear": "2001", "period": "FY", "revenue": 1171116000, "costOfRevenue": 561936000, "grossProfit": 609180000, "grossProfitRatio": 0.520170504, "researchAndDevelopmentExpenses": 0, "generalAndAdministrativeExpenses": 306934000, "sellingAndMarketingExpenses": 0, "sellingGeneralAndAdministrativeExpenses": 306934000, "otherExpenses": 153591000, "operatingExpenses": 460525000, "costAndExpenses": 1022461000, "interestIncome": 0, "interestExpense": 134742000, "depreciationAndAmortization": 158521000, "ebitda": 329220000, "ebitdaratio": 0.2811164735, "operatingIncome": 144982000, "operatingIncomeRatio": 0.1237981549, "totalOtherIncomeExpensesNet": -22044000, "incomeBeforeTax": -8131000, "incomeBeforeTaxRatio": -0.0069429501, "incomeTaxExpense": 26036000, "netIncome": -44057000, "netIncomeRatio": -0.0376196722, "eps": -0.23, "epsdiluted": -0.23, "weightedAverageShsOut": 188248500, "weightedAverageShsOutDil": 188248500, "link": "https://www.sec.gov/Archives/edgar/data/1020569/000091205702010766/0000912057-02-010766-index.htm", "finalLink": "https://www.sec.gov/Archives/edgar/data/1020569/000091205702010766/a2073447z10-k.htm", "calculatedOtherExpenses": 157264000, "calculatedOperatingExpenses": 464198000, "calculatedNetInterest": -134742000, "calculatedOtherIncome": -18371000, "calculatedIncomeNonControlling": 9890000, "calculatedEbitda": 303503000}, {"date": "2000-12-31", "symbol": "IRM", "reportedCurrency": "USD", "cik": "0001020569", "fillingDate": "2001-03-23", "acceptedDate": "2001-03-23 00:00:00", "calendarYear": "2000", "period": "FY", "revenue": 986371000, "costOfRevenue": 480176000, "grossProfit": 506195000, "grossProfitRatio": 0.5131892564, "researchAndDevelopmentExpenses": 0, "generalAndAdministrativeExpenses": 261669000, "sellingAndMarketingExpenses": 0, "sellingGeneralAndAdministrativeExpenses": 261669000, "otherExpenses": 129405000, "operatingExpenses": 391074000, "costAndExpenses": 871250000, "interestIncome": 0, "interestExpense": 0, "depreciationAndAmortization": 129405000, "ebitda": 259704000, "ebitdaratio": 0.2632924123, "operatingIncome": 115121000, "operatingIncomeRatio": 0.1167116633, "totalOtherIncomeExpensesNet": -15178000, "incomeBeforeTax": -15808000, "incomeBeforeTaxRatio": -0.0160264241, "incomeTaxExpense": 9125000, "netIncome": -27825000, "netIncomeRatio": -0.0282094668, "eps": -0.16, "epsdiluted": -0.16, "weightedAverageShsOut": 179296875, "weightedAverageShsOutDil": 179296875, "link": "https://www.sec.gov/Archives/edgar/data/1020569/000091205701504806/0000912057-01-504806-index.htm", "finalLink": "https://www.sec.gov/Archives/edgar/data/1020569/000091205701504806/a2041834z10-k.txt", "calculatedOtherExpenses": 129405000, "calculatedOperatingExpenses": 391074000, "calculatedNetInterest": 0, "calculatedOtherIncome": -130929000, "calculatedIncomeNonControlling": 2892000, "calculatedEbitda": 244526000}, {"date": "1999-12-31", "symbol": "IRM", "reportedCurrency": "USD", "cik": "0001020569", "fillingDate": "2000-03-30", "acceptedDate": "2000-03-30 00:00:00", "calendarYear": "1999", "period": "FY", "revenue": 519500000, "costOfRevenue": 258900000, "grossProfit": 260600000, "grossProfitRatio": 0.5016361886, "researchAndDevelopmentExpenses": 0, "generalAndAdministrativeExpenses": 128900000, "sellingAndMarketingExpenses": 0, "sellingGeneralAndAdministrativeExpenses": 128900000, "otherExpenses": 67400000, "operatingExpenses": 196300000, "costAndExpenses": 455200000, "interestIncome": 0, "interestExpense": 0, "depreciationAndAmortization": 67400000, "ebitda": 131700000, "ebitdaratio": 0.2535129933, "operatingIncome": 64300000, "operatingIncomeRatio": 0.1237728585, "totalOtherIncomeExpensesNet": -54800000, "incomeBeforeTax": 9500000, "incomeBeforeTaxRatio": 0.0182868142, "incomeTaxExpense": 10600000, "netIncome": -14300000, "netIncomeRatio": -0.0275264678, "eps": -0.13, "epsdiluted": -0.13, "weightedAverageShsOut": 112539375, "weightedAverageShsOutDil": 112539375, "link": "https://www.sec.gov/Archives/edgar/data/1020569/000091205700015073/0000912057-00-015073-index.html", "finalLink": "https://www.sec.gov/Archives/edgar/data/1020569/000091205700015073/", "calculatedOtherExpenses": 67400000, "calculatedOperatingExpenses": 196300000, "calculatedNetInterest": 0, "calculatedOtherIncome": -54800000, "calculatedIncomeNonControlling": 13200000, "calculatedEbitda": 131700000}, {"date": "1998-12-31", "symbol": "IRM", "reportedCurrency": "USD", "cik": "0001020569", "fillingDate": "1999-03-26", "acceptedDate": "1999-03-26 00:00:00", "calendarYear": "1998", "period": "FY", "revenue": 270300000, "costOfRevenue": 153000000, "grossProfit": 117300000, "grossProfitRatio": 0.4339622642, "researchAndDevelopmentExpenses": 0, "generalAndAdministrativeExpenses": 37000000, "sellingAndMarketingExpenses": 0, "sellingGeneralAndAdministrativeExpenses": 37000000, "otherExpenses": 37200000, "operatingExpenses": 74200000, "costAndExpenses": 227200000, "interestIncome": 0, "interestExpense": 0, "depreciationAndAmortization": 37200000, "ebitda": 88200000, "ebitdaratio": 0.3263041065, "operatingIncome": 43100000, "operatingIncomeRatio": 0.1594524602, "totalOtherIncomeExpensesNet": -7900000, "incomeBeforeTax": -7700000, "incomeBeforeTaxRatio": -0.0284868664, "incomeTaxExpense": 3300000, "netIncome": -11000000, "netIncomeRatio": -0.0406955235, "eps": -0.11, "epsdiluted": -0.11, "weightedAverageShsOut": 101982375, "weightedAverageShsOutDil": 101982375, "link": "https://www.sec.gov/Archives/edgar/data/1020569/000103605099000580/0001036050-99-000580-index.html", "finalLink": "https://www.sec.gov/Archives/edgar/data/1020569/", "calculatedOtherExpenses": 37200000, "calculatedOperatingExpenses": 74200000, "calculatedNetInterest": 0, "calculatedOtherIncome": -50800000, "calculatedIncomeNonControlling": 0, "calculatedEbitda": 80300000}, {"date": "1997-12-31", "symbol": "IRM", "reportedCurrency": "USD", "cik": "0001020569", "fillingDate": "1998-03-31", "acceptedDate": "1998-03-31 00:00:00", "calendarYear": "1997", "period": "FY", "revenue": 183500000, "costOfRevenue": 100800000, "grossProfit": 82700000, "grossProfitRatio": 0.4506811989, "researchAndDevelopmentExpenses": 0, "generalAndAdministrativeExpenses": 30100000, "sellingAndMarketingExpenses": 0, "sellingGeneralAndAdministrativeExpenses": 30100000, "otherExpenses": 22600000, "operatingExpenses": 52700000, "costAndExpenses": 153500000, "interestIncome": 0, "interestExpense": 0, "depreciationAndAmortization": 22600000, "ebitda": 55100000, "ebitdaratio": 0.3002724796, "operatingIncome": 30000000, "operatingIncomeRatio": 0.1634877384, "totalOtherIncomeExpensesNet": -2500000, "incomeBeforeTax": -1800000, "incomeBeforeTaxRatio": -0.0098092643, "incomeTaxExpense": 7400000, "netIncome": -15200000, "netIncomeRatio": -0.0828337875, "eps": -0.26, "epsdiluted": -0.26, "weightedAverageShsOut": 58325665, "weightedAverageShsOutDil": 58325665, "link": "https://www.sec.gov/Archives/edgar/data/1020569/000095010998002312/0000950109-98-002312-index.html", "finalLink": "https://www.sec.gov/Archives/edgar/data/1020569/", "calculatedOtherExpenses": 22600000, "calculatedOperatingExpenses": 52700000, "calculatedNetInterest": 0, "calculatedOtherIncome": -31800000, "calculatedIncomeNonControlling": 6000000, "calculatedEbitda": 52600000}, {"date": "1996-12-31", "symbol": "IRM", "reportedCurrency": "USD", "cik": "0001020569", "fillingDate": "1997-03-11", "acceptedDate": "1997-03-11 00:00:00", "calendarYear": "1996", "period": "FY", "revenue": 129748000, "costOfRevenue": 73870000, "grossProfit": 55878000, "grossProfitRatio": 0.4306655979, "researchAndDevelopmentExpenses": 0, "generalAndAdministrativeExpenses": 20007000, "sellingAndMarketingExpenses": 0, "sellingGeneralAndAdministrativeExpenses": 20007000, "otherExpenses": 16123000, "operatingExpenses": 36130000, "costAndExpenses": 110000000, "interestIncome": 0, "interestExpense": 0, "depreciationAndAmortization": 12869000, "ebitda": 32617000, "ebitdaratio": 0.2513873046, "operatingIncome": 19748000, "operatingIncomeRatio": 0.1522027314, "totalOtherIncomeExpensesNet": 0, "incomeBeforeTax": 0, "incomeBeforeTaxRatio": 0, "incomeTaxExpense": 19240000, "netIncome": 508000, "netIncomeRatio": 0.0039152819, "eps": -0.0182, "epsdiluted": -0.0182, "weightedAverageShsOut": 57757445, "weightedAverageShsOutDil": 57757445, "link": "https://www.sec.gov/Archives/edgar/data/1020569/000095010997002091/0000950109-97-002091-index.html", "finalLink": "https://www.sec.gov/Archives/edgar/data/1020569/", "calculatedOtherExpenses": 16123000, "calculatedOperatingExpenses": 36130000, "calculatedNetInterest": 0, "calculatedOtherIncome": -19748000, "calculatedIncomeNonControlling": -19748000, "calculatedEbitda": 32617000}]}