{"originalCurrency": "USD", "convertedCurrency": "USD", "report": [{"date": "2023-12-31", "symbol": "IRT", "reportedCurrency": "USD", "cik": "0001466085", "fillingDate": "2024-02-28", "acceptedDate": "2024-02-28 16:16:02", "calendarYear": "2023", "period": "FY", "revenue": 660983000, "costOfRevenue": 493611000, "grossProfit": 167372000, "grossProfitRatio": 0.2532167998, "researchAndDevelopmentExpenses": 0, "generalAndAdministrativeExpenses": 22766000, "sellingAndMarketingExpenses": 0, "sellingGeneralAndAdministrativeExpenses": 22766000, "otherExpenses": -22766000, "operatingExpenses": 22766000, "costAndExpenses": 516376999, "interestIncome": 0, "interestExpense": 109110000, "depreciationAndAmortization": 218968000, "ebitda": 363574000, "ebitdaratio": 0.5500504552, "operatingIncome": 144606000, "operatingIncomeRatio": 0.2187741591, "totalOtherIncomeExpensesNet": -162413000, "incomeBeforeTax": -17807000, "incomeBeforeTaxRatio": -0.0269401785, "incomeTaxExpense": -456000, "netIncome": -17227000, "netIncomeRatio": -0.0260626975, "eps": -0.0768, "epsdiluted": -0.0768, "weightedAverageShsOut": 224414443, "weightedAverageShsOutDil": 224414443, "link": "https://www.sec.gov/Archives/edgar/data/1466085/000146608524000023/0001466085-24-000023-index.htm", "finalLink": "https://www.sec.gov/Archives/edgar/data/1466085/000146608524000023/irt-20231231.htm", "calculatedOtherExpenses": 0, "calculatedOperatingExpenses": 22766000, "calculatedNetInterest": -109110000, "calculatedOtherIncome": -53303000, "calculatedIncomeNonControlling": -124000, "calculatedEbitda": 363574000}, {"date": "2022-12-31", "symbol": "IRT", "reportedCurrency": "USD", "cik": "0001466085", "fillingDate": "2023-02-23", "acceptedDate": "2023-02-23 16:06:46", "calendarYear": "2022", "period": "FY", "revenue": 628525000, "costOfRevenue": 256308000, "grossProfit": 372217000, "grossProfitRatio": 0.5922071517, "researchAndDevelopmentExpenses": 0, "generalAndAdministrativeExpenses": 26260000, "sellingAndMarketingExpenses": 0, "sellingGeneralAndAdministrativeExpenses": 26260000, "otherExpenses": 252849000, "operatingExpenses": 279109000, "costAndExpenses": 535417000, "interestIncome": 86955000, "interestExpense": 86955000, "depreciationAndAmortization": 252849000, "ebitda": 345346000, "ebitdaratio": 0.5494546756, "operatingIncome": 92497000, "operatingIncomeRatio": 0.1471651883, "totalOtherIncomeExpensesNet": 28162000, "incomeBeforeTax": 120659000, "incomeBeforeTaxRatio": 0.1919716797, "incomeTaxExpense": 86955000, "netIncome": 33704000, "netIncomeRatio": 0.0536239609, "eps": 0.15, "epsdiluted": 0.15, "weightedAverageShsOut": 221965460, "weightedAverageShsOutDil": 223119937, "link": "https://www.sec.gov/Archives/edgar/data/1466085/000146608523000024/0001466085-23-000024-index.htm", "finalLink": "https://www.sec.gov/Archives/edgar/data/1466085/000146608523000024/irt-20221231.htm", "calculatedOtherExpenses": 253460000, "calculatedOperatingExpenses": 279720000, "calculatedNetInterest": 0, "calculatedOtherIncome": 28162000, "calculatedIncomeNonControlling": 0, "calculatedEbitda": 345346000}, {"date": "2021-12-31", "symbol": "IRT", "reportedCurrency": "USD", "cik": "0001466085", "fillingDate": "2022-02-24", "acceptedDate": "2022-02-24 17:11:11", "calendarYear": "2021", "period": "FY", "revenue": 250252000, "costOfRevenue": 102791000, "grossProfit": 147461000, "grossProfitRatio": 0.589250036, "researchAndDevelopmentExpenses": 0, "generalAndAdministrativeExpenses": 18610000, "sellingAndMarketingExpenses": 0, "sellingGeneralAndAdministrativeExpenses": 18610000, "otherExpenses": 76909000, "operatingExpenses": 95519000, "costAndExpenses": 198310000, "interestIncome": 36401000, "interestExpense": 36401000, "depreciationAndAmortization": 76909000, "ebitda": 128851000, "ebitdaratio": 0.5148849959, "operatingIncome": 51942000, "operatingIncomeRatio": 0.2075587807, "totalOtherIncomeExpensesNet": -6413000, "incomeBeforeTax": 45529000, "incomeBeforeTaxRatio": 0.1819326119, "incomeTaxExpense": 37341000, "netIncome": 8188000, "netIncomeRatio": 0.0327190192, "eps": 0.0754, "epsdiluted": 0.0746, "weightedAverageShsOut": 108552185, "weightedAverageShsOutDil": 109831520, "link": "https://www.sec.gov/Archives/edgar/data/1466085/000156459022006764/0001564590-22-006764-index.htm", "finalLink": "https://www.sec.gov/Archives/edgar/data/1466085/000156459022006764/irt-10k_20211231.htm", "calculatedOtherExpenses": 76909000, "calculatedOperatingExpenses": 95519000, "calculatedNetInterest": 0, "calculatedOtherIncome": -6413000, "calculatedIncomeNonControlling": 0, "calculatedEbitda": 128851000}, {"date": "2020-12-31", "symbol": "IRT", "reportedCurrency": "USD", "cik": "0001466085", "fillingDate": "2021-02-18", "acceptedDate": "2021-02-18 16:16:13", "calendarYear": "2020", "period": "FY", "revenue": 211906000, "costOfRevenue": 91472000, "grossProfit": 120434000, "grossProfitRatio": 0.5683369041, "researchAndDevelopmentExpenses": 0, "generalAndAdministrativeExpenses": 15095000, "sellingAndMarketingExpenses": 0, "sellingGeneralAndAdministrativeExpenses": 15095000, "otherExpenses": 60687000, "operatingExpenses": 75782000, "costAndExpenses": 167254000, "interestIncome": 36488000, "interestExpense": 36488000, "depreciationAndAmortization": 60687000, "ebitda": 105209000, "ebitdaratio": 0.4964890093, "operatingIncome": 44522000, "operatingIncomeRatio": 0.2101025927, "totalOtherIncomeExpensesNet": -29645000, "incomeBeforeTax": 14877000, "incomeBeforeTaxRatio": 0.0702056572, "incomeTaxExpense": 36467000, "netIncome": -21590000, "netIncomeRatio": -0.101884798, "eps": -0.23, "epsdiluted": -0.23, "weightedAverageShsOut": 93660086, "weightedAverageShsOutDil": 94688440, "link": "https://www.sec.gov/Archives/edgar/data/1466085/000156459021006672/0001564590-21-006672-index.htm", "finalLink": "https://www.sec.gov/Archives/edgar/data/1466085/000156459021006672/irt-10k_20201231.htm", "calculatedOtherExpenses": 60817000, "calculatedOperatingExpenses": 75912000, "calculatedNetInterest": 0, "calculatedOtherIncome": -29645000, "calculatedIncomeNonControlling": 0, "calculatedEbitda": 105209000}, {"date": "2019-12-31", "symbol": "IRT", "reportedCurrency": "USD", "cik": "0001466085", "fillingDate": "2020-02-18", "acceptedDate": "2020-02-18 16:33:31", "calendarYear": "2019", "period": "FY", "revenue": 203223000, "costOfRevenue": 87294000, "grossProfit": 115929000, "grossProfitRatio": 0.5704521634, "researchAndDevelopmentExpenses": 0, "generalAndAdministrativeExpenses": 12745000, "sellingAndMarketingExpenses": 0, "sellingGeneralAndAdministrativeExpenses": 12745000, "otherExpenses": 52815000, "operatingExpenses": 65560000, "costAndExpenses": 152854000, "interestIncome": 39226000, "interestExpense": 39226000, "depreciationAndAmortization": 52815000, "ebitda": 103184000, "ebitdaratio": 0.5077378053, "operatingIncome": 50369000, "operatingIncomeRatio": 0.247850883, "totalOtherIncomeExpensesNet": -4015000, "incomeBeforeTax": 46354000, "incomeBeforeTaxRatio": 0.228094261, "incomeTaxExpense": 39684000, "netIncome": 6670000, "netIncomeRatio": 0.0328210882, "eps": 0.0743, "epsdiluted": 0.0738, "weightedAverageShsOut": 89799238, "weightedAverageShsOutDil": 90417486, "link": "https://www.sec.gov/Archives/edgar/data/1466085/000156459020005043/0001564590-20-005043-index.htm", "finalLink": "https://www.sec.gov/Archives/edgar/data/1466085/000156459020005043/irt-10k_20191231.htm", "calculatedOtherExpenses": 52815000, "calculatedOperatingExpenses": 65560000, "calculatedNetInterest": 0, "calculatedOtherIncome": -4015000, "calculatedIncomeNonControlling": 0, "calculatedEbitda": 103184000}, {"date": "2018-12-31", "symbol": "IRT", "reportedCurrency": "USD", "cik": "0001466085", "fillingDate": "2019-02-22", "acceptedDate": "2019-02-22 17:10:11", "calendarYear": "2018", "period": "FY", "revenue": 191232000, "costOfRevenue": 83326000, "grossProfit": 107906000, "grossProfitRatio": 0.5642674866, "researchAndDevelopmentExpenses": 0, "generalAndAdministrativeExpenses": 10817000, "sellingAndMarketingExpenses": 0, "sellingGeneralAndAdministrativeExpenses": 10817000, "otherExpenses": 144000, "operatingExpenses": 56038000, "costAndExpenses": 139364000, "interestIncome": 0, "interestExpense": 36006000, "depreciationAndAmortization": 45221000, "ebitda": 97233000, "ebitdaratio": 0.5084556978, "operatingIncome": 51822000, "operatingIncomeRatio": 0.2709902108, "totalOtherIncomeExpensesNet": 10748000, "incomeBeforeTax": 26610000, "incomeBeforeTaxRatio": 0.1391503514, "incomeTaxExpense": 322000, "netIncome": 26288000, "netIncomeRatio": 0.1374665328, "eps": 0.3, "epsdiluted": 0.3, "weightedAverageShsOut": 87086585, "weightedAverageShsOutDil": 87376991, "link": "https://www.sec.gov/Archives/edgar/data/1466085/000156459019003914/0001564590-19-003914-index.htm", "finalLink": "https://www.sec.gov/Archives/edgar/data/1466085/000156459019003914/irt-10k_20181231.htm", "calculatedOtherExpenses": 45267000, "calculatedOperatingExpenses": 56084000, "calculatedNetInterest": -36006000, "calculatedOtherIncome": 10794000, "calculatedIncomeNonControlling": 0, "calculatedEbitda": 97043000}, {"date": "2017-12-31", "symbol": "IRT", "reportedCurrency": "USD", "cik": "0001466085", "fillingDate": "2018-02-23", "acceptedDate": "2018-02-23 12:27:18", "calendarYear": "2017", "period": "FY", "revenue": 161216000, "costOfRevenue": 70722000, "grossProfit": 90494000, "grossProfitRatio": 0.5613214569, "researchAndDevelopmentExpenses": 0, "generalAndAdministrativeExpenses": 9526000, "sellingAndMarketingExpenses": 0, "sellingGeneralAndAdministrativeExpenses": 9526000, "otherExpenses": 89000, "operatingExpenses": 43727000, "costAndExpenses": 114449000, "interestIncome": 0, "interestExpense": 28702000, "depreciationAndAmortization": 34201000, "ebitda": 81057000, "ebitdaratio": 0.5027850834, "operatingIncome": 45425000, "operatingIncomeRatio": 0.2817648372, "totalOtherIncomeExpensesNet": 13376000, "incomeBeforeTax": 31441000, "incomeBeforeTaxRatio": 0.1950240671, "incomeTaxExpense": 1235000, "netIncome": 30206000, "netIncomeRatio": 0.1873635371, "eps": 0.41, "epsdiluted": 0.41, "weightedAverageShsOut": 73338219, "weightedAverageShsOutDil": 73599869, "link": "https://www.sec.gov/Archives/edgar/data/1466085/000156459018002993/0001564590-18-002993-index.htm", "finalLink": "https://www.sec.gov/Archives/edgar/data/1466085/000156459018002993/irt-10k_20171231.htm", "calculatedOtherExpenses": 35543000, "calculatedOperatingExpenses": 45069000, "calculatedNetInterest": -28702000, "calculatedOtherIncome": 14718000, "calculatedIncomeNonControlling": 0, "calculatedEbitda": 79626000}, {"date": "2016-12-31", "symbol": "IRT", "reportedCurrency": "USD", "cik": "0001466085", "fillingDate": "2017-03-03", "acceptedDate": "2017-03-03 16:01:43", "calendarYear": "2016", "period": "FY", "revenue": 153388000, "costOfRevenue": 67995000, "grossProfit": 85393000, "grossProfitRatio": 0.5567123895, "researchAndDevelopmentExpenses": 0, "generalAndAdministrativeExpenses": 10864000, "sellingAndMarketingExpenses": 0, "sellingGeneralAndAdministrativeExpenses": 10864000, "otherExpenses": -44980000, "operatingExpenses": 45688000, "costAndExpenses": 113683000, "interestIncome": -4000, "interestExpense": 35535000, "depreciationAndAmortization": 34824000, "ebitda": 29549000, "ebitdaratio": 0.1926421884, "operatingIncome": 39662000, "operatingIncomeRatio": 0.2585730305, "totalOtherIncomeExpensesNet": -13725000, "incomeBeforeTax": -9555000, "incomeBeforeTaxRatio": -0.0622930086, "incomeTaxExpense": 246000, "netIncome": -9801000, "netIncomeRatio": -0.0638967846, "eps": -0.19, "epsdiluted": -0.19, "weightedAverageShsOut": 51584482, "weightedAverageShsOutDil": 52182427, "link": "https://www.sec.gov/Archives/edgar/data/1466085/000156459017003316/0001564590-17-003316-index.htm", "finalLink": "https://www.sec.gov/Archives/edgar/data/1466085/000156459017003316/irt-10k_20161231.htm", "calculatedOtherExpenses": 34867000, "calculatedOperatingExpenses": 45731000, "calculatedNetInterest": -35539000, "calculatedOtherIncome": -13678000, "calculatedIncomeNonControlling": 0, "calculatedEbitda": 74486000}, {"date": "2015-12-31", "symbol": "IRT", "reportedCurrency": "USD", "cik": "0001466085", "fillingDate": "2016-03-11", "acceptedDate": "2016-03-11 08:03:11", "calendarYear": "2015", "period": "FY", "revenue": 109576000, "costOfRevenue": 49955000, "grossProfit": 59621000, "grossProfitRatio": 0.5441063737, "researchAndDevelopmentExpenses": 0, "generalAndAdministrativeExpenses": 7790000, "sellingAndMarketingExpenses": 0, "sellingGeneralAndAdministrativeExpenses": 7790000, "otherExpenses": 28094000, "operatingExpenses": 35884000, "costAndExpenses": 85839000, "interestIncome": 19000, "interestExpense": 23553000, "depreciationAndAmortization": 28094000, "ebitda": 51850000, "ebitdaratio": 0.4731875593, "operatingIncome": 10182000, "operatingIncomeRatio": 0.0929218077, "totalOtherIncomeExpensesNet": 29953000, "incomeBeforeTax": 30156000, "incomeBeforeTaxRatio": 0.2752062495, "incomeTaxExpense": 1914000, "netIncome": 28242000, "netIncomeRatio": 0.2577389209, "eps": 0.78, "epsdiluted": 0.78, "weightedAverageShsOut": 36153673, "weightedAverageShsOutDil": 36160274, "link": "https://www.sec.gov/Archives/edgar/data/1466085/000156459016014497/0001564590-16-014497-index.htm", "finalLink": "https://www.sec.gov/Archives/edgar/data/1466085/000156459016014497/irt-10k_20151231.htm", "calculatedOtherExpenses": 41649000, "calculatedOperatingExpenses": 49439000, "calculatedNetInterest": -23534000, "calculatedOtherIncome": 43508000, "calculatedIncomeNonControlling": 0, "calculatedEbitda": 38276000}, {"date": "2014-12-31", "symbol": "IRT", "reportedCurrency": "USD", "cik": "0001466085", "fillingDate": "2015-03-16", "acceptedDate": "2015-03-16 17:14:29", "calendarYear": "2014", "period": "FY", "revenue": 49203000, "costOfRevenue": 23427000, "grossProfit": 25776000, "grossProfitRatio": 0.5238704957, "researchAndDevelopmentExpenses": 0, "generalAndAdministrativeExpenses": 2873000, "sellingAndMarketingExpenses": 0, "sellingGeneralAndAdministrativeExpenses": 2873000, "otherExpenses": 12520000, "operatingExpenses": 15393000, "costAndExpenses": 38820000, "interestIncome": 17000, "interestExpense": 8496000, "depreciationAndAmortization": 12520000, "ebitda": 22920000, "ebitdaratio": 0.4658252546, "operatingIncome": 8541000, "operatingIncomeRatio": 0.1735869764, "totalOtherIncomeExpensesNet": 1040000, "incomeBeforeTax": 2944000, "incomeBeforeTaxRatio": 0.05983375, "incomeTaxExpense": 4000, "netIncome": 2940000, "netIncomeRatio": 0.0597524541, "eps": 0.14, "epsdiluted": 0.14, "weightedAverageShsOut": 21315928, "weightedAverageShsOutDil": 21532671, "link": "https://www.sec.gov/Archives/edgar/data/1466085/000119312515094016/0001193125-15-094016-index.htm", "finalLink": "https://www.sec.gov/Archives/edgar/data/1466085/000119312515094016/d846890d10k.htm", "calculatedOtherExpenses": 14362000, "calculatedOperatingExpenses": 17235000, "calculatedNetInterest": -8479000, "calculatedOtherIncome": 2882000, "calculatedIncomeNonControlling": 0, "calculatedEbitda": 21061000}, {"date": "2013-12-31", "symbol": "IRT", "reportedCurrency": "USD", "cik": "0001466085", "fillingDate": "2014-03-11", "acceptedDate": "2014-03-11 17:15:31", "calendarYear": "2013", "period": "FY", "revenue": 19943000, "costOfRevenue": 9429000, "grossProfit": 10514000, "grossProfitRatio": 0.5272025272, "researchAndDevelopmentExpenses": 0, "generalAndAdministrativeExpenses": 920000, "sellingAndMarketingExpenses": 0, "sellingGeneralAndAdministrativeExpenses": 920000, "otherExpenses": 4413000, "operatingExpenses": 5333000, "costAndExpenses": 14762000, "interestIncome": 0, "interestExpense": 3659000, "depreciationAndAmortization": 4413000, "ebitda": 9594000, "ebitdaratio": 0.4810710525, "operatingIncome": 4933000, "operatingIncomeRatio": 0.2473549616, "totalOtherIncomeExpensesNet": -248000, "incomeBeforeTax": 1274000, "incomeBeforeTaxRatio": 0.0638820639, "incomeTaxExpense": 649000, "netIncome": 625000, "netIncomeRatio": 0.0313393171, "eps": 0.12, "epsdiluted": 0.12, "weightedAverageShsOut": 5330814, "weightedAverageShsOutDil": 5330814, "link": "https://www.sec.gov/Archives/edgar/data/1466085/000119312514093942/0001193125-14-093942-index.htm", "finalLink": "https://www.sec.gov/Archives/edgar/data/1466085/000119312514093942/d653077d10k.htm", "calculatedOtherExpenses": 4661000, "calculatedOperatingExpenses": 5581000, "calculatedNetInterest": -3659000, "calculatedOtherIncome": 0, "calculatedIncomeNonControlling": 0, "calculatedEbitda": 9346000}, {"date": "2012-12-31", "symbol": "IRT", "reportedCurrency": "USD", "cik": "0001466085", "fillingDate": "2013-03-13", "acceptedDate": "2013-03-13 17:15:17", "calendarYear": "2012", "period": "FY", "revenue": 16629000, "costOfRevenue": 8066000, "grossProfit": 8563000, "grossProfitRatio": 0.5149437729, "researchAndDevelopmentExpenses": 0, "generalAndAdministrativeExpenses": 1208000, "sellingAndMarketingExpenses": 0, "sellingGeneralAndAdministrativeExpenses": 1208000, "otherExpenses": 3466000, "operatingExpenses": 4674000, "costAndExpenses": 12740000, "interestIncome": 0, "interestExpense": 3305000, "depreciationAndAmortization": 3466000, "ebitda": 7355000, "ebitdaratio": 0.4422995971, "operatingIncome": 3732000, "operatingIncomeRatio": 0.2244272055, "totalOtherIncomeExpensesNet": -157000, "incomeBeforeTax": 427000, "incomeBeforeTaxRatio": 0.0256780324, "incomeTaxExpense": 535000, "netIncome": -108000, "netIncomeRatio": -0.006494678, "eps": -0.0112, "epsdiluted": -0.0112, "weightedAverageShsOut": 9643540, "weightedAverageShsOutDil": 9643540, "link": "https://www.sec.gov/Archives/edgar/data/1466085/000119312513105454/0001193125-13-105454-index.htm", "finalLink": "https://www.sec.gov/Archives/edgar/data/1466085/000119312513105454/d445406d10k.htm", "calculatedOtherExpenses": 3623000, "calculatedOperatingExpenses": 4831000, "calculatedNetInterest": -3305000, "calculatedOtherIncome": 0, "calculatedIncomeNonControlling": 0, "calculatedEbitda": 7198000}, {"date": "2011-12-31", "symbol": "IRT", "reportedCurrency": "USD", "cik": "0001466085", "fillingDate": "2012-03-09", "acceptedDate": "2012-03-09 16:07:33", "calendarYear": "2011", "period": "FY", "revenue": 8668000, "costOfRevenue": 4477000, "grossProfit": 4191000, "grossProfitRatio": 0.4835025381, "researchAndDevelopmentExpenses": 0, "generalAndAdministrativeExpenses": 575000, "sellingAndMarketingExpenses": 0, "sellingGeneralAndAdministrativeExpenses": 575000, "otherExpenses": 1771000, "operatingExpenses": 2346000, "costAndExpenses": 6823000, "interestIncome": 0, "interestExpense": 1727000, "depreciationAndAmortization": 1771000, "ebitda": 3616000, "ebitdaratio": 0.4171665898, "operatingIncome": 1357000, "operatingIncomeRatio": 0.156552838, "totalOtherIncomeExpensesNet": -488000, "incomeBeforeTax": -370000, "incomeBeforeTaxRatio": -0.0426857407, "incomeTaxExpense": -258000, "netIncome": -112000, "netIncomeRatio": -0.0129210891, "eps": -0.0116, "epsdiluted": -0.0116, "weightedAverageShsOut": 9643540, "weightedAverageShsOutDil": 9643540, "link": "https://www.sec.gov/Archives/edgar/data/1466085/000119312512106907/0001193125-12-106907-index.htm", "finalLink": "https://www.sec.gov/Archives/edgar/data/1466085/000119312512106907/d283347d10k.htm", "calculatedOtherExpenses": 2259000, "calculatedOperatingExpenses": 2834000, "calculatedNetInterest": -1727000, "calculatedOtherIncome": 0, "calculatedIncomeNonControlling": 0, "calculatedEbitda": 3128000}, {"date": "2010-12-31", "symbol": "IRT", "reportedCurrency": "USD", "cik": "0001466085", "fillingDate": "2011-03-25", "acceptedDate": "2011-03-25 15:15:28", "calendarYear": "2010", "period": "FY", "revenue": 5369, "costOfRevenue": 0, "grossProfit": 5369, "grossProfitRatio": 1, "researchAndDevelopmentExpenses": 0, "generalAndAdministrativeExpenses": 0, "sellingAndMarketingExpenses": 0, "sellingGeneralAndAdministrativeExpenses": 440, "otherExpenses": 0, "operatingExpenses": 440, "costAndExpenses": 440, "interestIncome": 5369, "interestExpense": 0, "depreciationAndAmortization": 0, "ebitda": 4929, "ebitdaratio": 0.9180480536, "operatingIncome": 4929, "operatingIncomeRatio": 0.9180480536, "totalOtherIncomeExpensesNet": 0, "incomeBeforeTax": 4929, "incomeBeforeTaxRatio": 0.9180480536, "incomeTaxExpense": 1203, "netIncome": 3726, "netIncomeRatio": 0.6939839821, "eps": 0.0004, "epsdiluted": 0.0004, "weightedAverageShsOut": 9643540, "weightedAverageShsOutDil": 9643540, "link": "https://www.sec.gov/Archives/edgar/data/1466085/000119312511078002/0001193125-11-078002-index.htm", "finalLink": "https://www.sec.gov/Archives/edgar/data/1466085/000119312511078002/d10k.htm", "calculatedOtherExpenses": 0, "calculatedOperatingExpenses": 440, "calculatedNetInterest": 5369, "calculatedOtherIncome": -5369, "calculatedIncomeNonControlling": 0, "calculatedEbitda": 4929}]}