{"originalCurrency": "USD", "convertedCurrency": "USD", "report": [{"date": "2023-12-31", "symbol": "IRTC", "reportedCurrency": "USD", "cik": "0001388658", "fillingDate": "2024-02-22", "acceptedDate": "2024-02-22 17:11:08", "calendarYear": "2023", "period": "FY", "revenue": 492681000, "costOfRevenue": 160875000, "grossProfit": 331806000, "grossProfitRatio": 0.6734702576, "researchAndDevelopmentExpenses": 60244000, "generalAndAdministrativeExpenses": 0, "sellingAndMarketingExpenses": 0, "sellingGeneralAndAdministrativeExpenses": 385645000, "otherExpenses": 0, "operatingExpenses": 445889000, "costAndExpenses": 606764000, "interestIncome": 6155000, "interestExpense": 3650000, "depreciationAndAmortization": 22144000, "ebitda": -91939000, "ebitdaratio": -0.1866095912, "operatingIncome": -114083000, "operatingIncomeRatio": -0.2315555095, "totalOtherIncomeExpensesNet": -8573000, "incomeBeforeTax": -122656000, "incomeBeforeTaxRatio": -0.2489562212, "incomeTaxExpense": 750000, "netIncome": -123406000, "netIncomeRatio": -0.2504785043, "eps": -4.04, "epsdiluted": -4.04, "weightedAverageShsOut": 30528000, "weightedAverageShsOutDil": 30528000, "link": "https://www.sec.gov/Archives/edgar/data/1388658/000138865824000014/0001388658-24-000014-index.htm", "finalLink": "https://www.sec.gov/Archives/edgar/data/1388658/000138865824000014/irtc-20231231.htm", "calculatedOtherExpenses": 0, "calculatedOperatingExpenses": 445889000, "calculatedNetInterest": 2505000, "calculatedOtherIncome": -11078000, "calculatedIncomeNonControlling": 0, "calculatedEbitda": -91939000}, {"date": "2022-12-31", "symbol": "IRTC", "reportedCurrency": "USD", "cik": "0001388658", "fillingDate": "2023-02-23", "acceptedDate": "2023-02-23 17:16:48", "calendarYear": "2022", "period": "FY", "revenue": 410921000, "costOfRevenue": 129289000, "grossProfit": 281632000, "grossProfitRatio": 0.6853677471, "researchAndDevelopmentExpenses": 46610000, "generalAndAdministrativeExpenses": 0, "sellingAndMarketingExpenses": 0, "sellingGeneralAndAdministrativeExpenses": 322198000, "otherExpenses": 2036000, "operatingExpenses": 368808000, "costAndExpenses": 498097000, "interestIncome": 2576000, "interestExpense": 4138000, "depreciationAndAmortization": 2036000, "ebitda": -85140000, "ebitdaratio": -0.2071931101, "operatingIncome": -87176000, "operatingIncomeRatio": -0.2121478338, "totalOtherIncomeExpensesNet": -28710000, "incomeBeforeTax": -115886000, "incomeBeforeTaxRatio": -0.2820152779, "incomeTaxExpense": 269000, "netIncome": -116155000, "netIncomeRatio": -0.2826699049, "eps": -3.88, "epsdiluted": -3.88, "weightedAverageShsOut": 29915720, "weightedAverageShsOutDil": 29915720, "link": "https://www.sec.gov/Archives/edgar/data/1388658/000138865823000007/0001388658-23-000007-index.htm", "finalLink": "https://www.sec.gov/Archives/edgar/data/1388658/000138865823000007/irtc-20221231.htm", "calculatedOtherExpenses": 0, "calculatedOperatingExpenses": 368808000, "calculatedNetInterest": -1562000, "calculatedOtherIncome": -27148000, "calculatedIncomeNonControlling": 0, "calculatedEbitda": -85140000}, {"date": "2021-12-31", "symbol": "IRTC", "reportedCurrency": "USD", "cik": "0001388658", "fillingDate": "2022-02-28", "acceptedDate": "2022-02-28 08:03:24", "calendarYear": "2021", "period": "FY", "revenue": 322825000, "costOfRevenue": 109258000, "grossProfit": 213567000, "grossProfitRatio": 0.6615565709, "researchAndDevelopmentExpenses": 38671000, "generalAndAdministrativeExpenses": 0, "sellingAndMarketingExpenses": 0, "sellingGeneralAndAdministrativeExpenses": 274839000, "otherExpenses": 118000, "operatingExpenses": 313510000, "costAndExpenses": 422768000, "interestIncome": 590000, "interestExpense": 1169000, "depreciationAndAmortization": 118000, "ebitda": -99825000, "ebitdaratio": -0.3092232634, "operatingIncome": -99943000, "operatingIncomeRatio": -0.3095887865, "totalOtherIncomeExpensesNet": -1051000, "incomeBeforeTax": -100994000, "incomeBeforeTaxRatio": -0.3128444204, "incomeTaxExpense": 367000, "netIncome": -101361000, "netIncomeRatio": -0.3139812592, "eps": -3.46, "epsdiluted": -3.46, "weightedAverageShsOut": 29331010, "weightedAverageShsOutDil": 29331010, "link": "https://www.sec.gov/Archives/edgar/data/1388658/000138865822000020/0001388658-22-000020-index.htm", "finalLink": "https://www.sec.gov/Archives/edgar/data/1388658/000138865822000020/irtc-20211231.htm", "calculatedOtherExpenses": 0, "calculatedOperatingExpenses": 313510000, "calculatedNetInterest": -579000, "calculatedOtherIncome": -472000, "calculatedIncomeNonControlling": 0, "calculatedEbitda": -99825000}, {"date": "2020-12-31", "symbol": "IRTC", "reportedCurrency": "USD", "cik": "0001388658", "fillingDate": "2021-02-26", "acceptedDate": "2021-02-26 17:06:46", "calendarYear": "2020", "period": "FY", "revenue": 265166000, "costOfRevenue": 70277000, "grossProfit": 194889000, "grossProfitRatio": 0.7349697925, "researchAndDevelopmentExpenses": 41329000, "generalAndAdministrativeExpenses": 0, "sellingAndMarketingExpenses": 0, "sellingGeneralAndAdministrativeExpenses": 197233000, "otherExpenses": 1591000, "operatingExpenses": 238562000, "costAndExpenses": 308839000, "interestIncome": 502000, "interestExpense": 1519000, "depreciationAndAmortization": 1591000, "ebitda": -42082000, "ebitdaratio": -0.1587005876, "operatingIncome": -43673000, "operatingIncomeRatio": -0.1647006026, "totalOtherIncomeExpensesNet": 72000, "incomeBeforeTax": -43601000, "incomeBeforeTaxRatio": -0.1644290746, "incomeTaxExpense": 229000, "netIncome": -43830000, "netIncomeRatio": -0.1652926846, "eps": -1.58, "epsdiluted": -1.58, "weightedAverageShsOut": 27754404, "weightedAverageShsOutDil": 27754404, "link": "https://www.sec.gov/Archives/edgar/data/1388658/000138865821000039/0001388658-21-000039-index.htm", "finalLink": "https://www.sec.gov/Archives/edgar/data/1388658/000138865821000039/irtc-20201231.htm", "calculatedOtherExpenses": 0, "calculatedOperatingExpenses": 238562000, "calculatedNetInterest": -1017000, "calculatedOtherIncome": 1089000, "calculatedIncomeNonControlling": 0, "calculatedEbitda": -42082000}, {"date": "2019-12-31", "symbol": "IRTC", "reportedCurrency": "USD", "cik": "0001388658", "fillingDate": "2020-03-02", "acceptedDate": "2020-03-02 16:32:43", "calendarYear": "2019", "period": "FY", "revenue": 214552000, "costOfRevenue": 52485000, "grossProfit": 162067000, "grossProfitRatio": 0.7553739886, "researchAndDevelopmentExpenses": 37299000, "generalAndAdministrativeExpenses": 0, "sellingAndMarketingExpenses": 0, "sellingGeneralAndAdministrativeExpenses": 179523000, "otherExpenses": 1895000, "operatingExpenses": 216822000, "costAndExpenses": 269307000, "interestIncome": 632000, "interestExpense": 1643000, "depreciationAndAmortization": 1895000, "ebitda": -52860000, "ebitdaratio": -0.2463738394, "operatingIncome": -54755000, "operatingIncomeRatio": -0.2552061971, "totalOtherIncomeExpensesNet": 252000, "incomeBeforeTax": -54503000, "incomeBeforeTaxRatio": -0.2540316567, "incomeTaxExpense": 65000, "netIncome": -54568000, "netIncomeRatio": -0.2543346135, "eps": -2.16, "epsdiluted": -2.16, "weightedAverageShsOut": 25265918, "weightedAverageShsOutDil": 25265918, "link": "https://www.sec.gov/Archives/edgar/data/1388658/000138865820000034/0001388658-20-000034-index.htm", "finalLink": "https://www.sec.gov/Archives/edgar/data/1388658/000138865820000034/irtc-20191231.htm", "calculatedOtherExpenses": 0, "calculatedOperatingExpenses": 216822000, "calculatedNetInterest": -1011000, "calculatedOtherIncome": 1263000, "calculatedIncomeNonControlling": 0, "calculatedEbitda": -52860000}, {"date": "2018-12-31", "symbol": "IRTC", "reportedCurrency": "USD", "cik": "0001388658", "fillingDate": "2019-03-04", "acceptedDate": "2019-03-04 06:08:29", "calendarYear": "2018", "period": "FY", "revenue": 147293000, "costOfRevenue": 38579000, "grossProfit": 108714000, "grossProfitRatio": 0.7380798816, "researchAndDevelopmentExpenses": 20750000, "generalAndAdministrativeExpenses": 131582000, "sellingAndMarketingExpenses": 0, "sellingGeneralAndAdministrativeExpenses": 131582000, "otherExpenses": 1526000, "operatingExpenses": 152332000, "costAndExpenses": 190911000, "interestIncome": 0, "interestExpense": 3115000, "depreciationAndAmortization": 2269000, "ebitda": -42092000, "ebitdaratio": -0.285770539, "operatingIncome": -43618000, "operatingIncomeRatio": -0.2961308412, "totalOtherIncomeExpensesNet": -1503000, "incomeBeforeTax": -48236000, "incomeBeforeTaxRatio": -0.3274833156, "incomeTaxExpense": 44000, "netIncome": -48280000, "netIncomeRatio": -0.3277820399, "eps": -2.02, "epsdiluted": -2.02, "weightedAverageShsOut": 23885858, "weightedAverageShsOutDil": 23885858, "link": "https://www.sec.gov/Archives/edgar/data/1388658/000156459019005924/0001564590-19-005924-index.htm", "finalLink": "https://www.sec.gov/Archives/edgar/data/1388658/000156459019005924/irtc-10k_20181231.htm", "calculatedOtherExpenses": 0, "calculatedOperatingExpenses": 152332000, "calculatedNetInterest": -3115000, "calculatedOtherIncome": -1503000, "calculatedIncomeNonControlling": 0, "calculatedEbitda": -41349000}, {"date": "2017-12-31", "symbol": "IRTC", "reportedCurrency": "USD", "cik": "0001388658", "fillingDate": "2018-03-01", "acceptedDate": "2018-03-01 15:23:53", "calendarYear": "2017", "period": "FY", "revenue": 98509000, "costOfRevenue": 27708000, "grossProfit": 70801000, "grossProfitRatio": 0.7187262078, "researchAndDevelopmentExpenses": 13335000, "generalAndAdministrativeExpenses": 84737000, "sellingAndMarketingExpenses": 0, "sellingGeneralAndAdministrativeExpenses": 84737000, "otherExpenses": 1237000, "operatingExpenses": 98072000, "costAndExpenses": 125780000, "interestIncome": 0, "interestExpense": 3386000, "depreciationAndAmortization": 1597000, "ebitda": -26034000, "ebitdaratio": -0.2642804211, "operatingIncome": -27271000, "operatingIncomeRatio": -0.2768376494, "totalOtherIncomeExpensesNet": 1237000, "incomeBeforeTax": -29420000, "incomeBeforeTaxRatio": -0.298652915, "incomeTaxExpense": 3026000, "netIncome": -29420000, "netIncomeRatio": -0.298652915, "eps": -1.3, "epsdiluted": -1.3, "weightedAverageShsOut": 22627327, "weightedAverageShsOutDil": 22627327, "link": "https://www.sec.gov/Archives/edgar/data/1388658/000156459018004080/0001564590-18-004080-index.htm", "finalLink": "https://www.sec.gov/Archives/edgar/data/1388658/000156459018004080/irtc-10k_20171231.htm", "calculatedOtherExpenses": 0, "calculatedOperatingExpenses": 98072000, "calculatedNetInterest": -3386000, "calculatedOtherIncome": 1237000, "calculatedIncomeNonControlling": -3026000, "calculatedEbitda": -25674000}, {"date": "2016-12-31", "symbol": "IRTC", "reportedCurrency": "USD", "cik": "0001388658", "fillingDate": "2017-03-31", "acceptedDate": "2017-03-31 14:31:31", "calendarYear": "2016", "period": "FY", "revenue": 64072000, "costOfRevenue": 20883000, "grossProfit": 43189000, "grossProfitRatio": 0.6740697965, "researchAndDevelopmentExpenses": 7150000, "generalAndAdministrativeExpenses": 51621000, "sellingAndMarketingExpenses": 0, "sellingGeneralAndAdministrativeExpenses": 51621000, "otherExpenses": -2073000, "operatingExpenses": 58771000, "costAndExpenses": 79654000, "interestIncome": 0, "interestExpense": 3248000, "depreciationAndAmortization": 568000, "ebitda": -17655000, "ebitdaratio": -0.2755493819, "operatingIncome": -15582000, "operatingIncomeRatio": -0.2431951555, "totalOtherIncomeExpensesNet": -2073000, "incomeBeforeTax": -20903000, "incomeBeforeTaxRatio": -0.3262423524, "incomeTaxExpense": 607000, "netIncome": -20903000, "netIncomeRatio": -0.3262423524, "eps": -3.95, "epsdiluted": -3.95, "weightedAverageShsOut": 5285847, "weightedAverageShsOutDil": 5285847, "link": "https://www.sec.gov/Archives/edgar/data/1388658/000156459017005767/0001564590-17-005767-index.htm", "finalLink": "https://www.sec.gov/Archives/edgar/data/1388658/000156459017005767/irtc-10k_20161231.htm", "calculatedOtherExpenses": 0, "calculatedOperatingExpenses": 58771000, "calculatedNetInterest": -3248000, "calculatedOtherIncome": -2073000, "calculatedIncomeNonControlling": -607000, "calculatedEbitda": -15014000}, {"date": "2015-12-31", "symbol": "IRTC", "reportedCurrency": "USD", "cik": "0001388658", "fillingDate": "2015-12-31", "acceptedDate": "2015-12-30 19:00:00", "calendarYear": "2015", "period": "FY", "revenue": 36140000, "costOfRevenue": 14700000, "grossProfit": 21440000, "grossProfitRatio": 0.5932484781, "researchAndDevelopmentExpenses": 6349000, "generalAndAdministrativeExpenses": 0, "sellingAndMarketingExpenses": 0, "sellingGeneralAndAdministrativeExpenses": 36722000, "otherExpenses": -109000, "operatingExpenses": 43071000, "costAndExpenses": 57771000, "interestIncome": 0, "interestExpense": 1059000, "depreciationAndAmortization": 492000, "ebitda": -21248000, "ebitdaratio": -0.5879358052, "operatingIncome": -21631000, "operatingIncomeRatio": -0.5985334809, "totalOtherIncomeExpensesNet": -109000, "incomeBeforeTax": -22799000, "incomeBeforeTaxRatio": -0.6308522413, "incomeTaxExpense": 950000, "netIncome": -22799000, "netIncomeRatio": -0.6308522413, "eps": -1.54, "epsdiluted": -1.54, "weightedAverageShsOut": 14768259, "weightedAverageShsOutDil": 14768259, "link": "", "finalLink": "", "calculatedOtherExpenses": 0, "calculatedOperatingExpenses": 43071000, "calculatedNetInterest": -1059000, "calculatedOtherIncome": -109000, "calculatedIncomeNonControlling": -950000, "calculatedEbitda": -21139000}, {"date": "2014-12-31", "symbol": "IRTC", "reportedCurrency": "USD", "cik": "0001388658", "fillingDate": "2014-12-31", "acceptedDate": "2014-12-30 19:00:00", "calendarYear": "2014", "period": "FY", "revenue": 21749000, "costOfRevenue": 10591000, "grossProfit": 11158000, "grossProfitRatio": 0.5130350821, "researchAndDevelopmentExpenses": 5698000, "generalAndAdministrativeExpenses": 0, "sellingAndMarketingExpenses": 0, "sellingGeneralAndAdministrativeExpenses": 20225000, "otherExpenses": -293000, "operatingExpenses": 25923000, "costAndExpenses": 36514000, "interestIncome": 0, "interestExpense": 774000, "depreciationAndAmortization": 242000, "ebitda": -14816000, "ebitdaratio": -0.6812267231, "operatingIncome": -14765000, "operatingIncomeRatio": -0.6788817877, "totalOtherIncomeExpensesNet": -293000, "incomeBeforeTax": -15832000, "incomeBeforeTaxRatio": -0.7279415146, "incomeTaxExpense": 481000, "netIncome": -15832000, "netIncomeRatio": -0.7279415146, "eps": -1.07, "epsdiluted": -1.07, "weightedAverageShsOut": 14768259, "weightedAverageShsOutDil": 14768259, "link": "", "finalLink": "", "calculatedOtherExpenses": 0, "calculatedOperatingExpenses": 25923000, "calculatedNetInterest": -774000, "calculatedOtherIncome": -293000, "calculatedIncomeNonControlling": -481000, "calculatedEbitda": -14523000}]}