{"originalCurrency": "USD", "convertedCurrency": "USD", "report": [{"date": "2023-12-31", "symbol": "ISRG", "reportedCurrency": "USD", "cik": "0001035267", "fillingDate": "2024-01-31", "acceptedDate": "2024-01-31 17:16:45", "calendarYear": "2023", "period": "FY", "revenue": 7124100000, "costOfRevenue": 2394600000, "grossProfit": 4729500000, "grossProfitRatio": 0.6638733314, "researchAndDevelopmentExpenses": 998800000, "generalAndAdministrativeExpenses": 0, "sellingAndMarketingExpenses": 0, "sellingGeneralAndAdministrativeExpenses": 1963900000, "otherExpenses": 0, "operatingExpenses": 2962700000, "costAndExpenses": 5357300000, "interestIncome": 192100000, "interestExpense": 0, "depreciationAndAmortization": 421800000, "ebitda": 2188600000, "ebitdaratio": 0.3072107354, "operatingIncome": 1766800000, "operatingIncomeRatio": 0.2480032566, "totalOtherIncomeExpensesNet": 192100000, "incomeBeforeTax": 1958900000, "incomeBeforeTaxRatio": 0.2749680661, "incomeTaxExpense": 141600000, "netIncome": 1798000000, "netIncomeRatio": 0.2523827571, "eps": 5.12, "epsdiluted": 5.03, "weightedAverageShsOut": 351200000, "weightedAverageShsOutDil": 357400000, "link": "https://www.sec.gov/Archives/edgar/data/1035267/000103526724000021/0001035267-24-000021-index.htm", "finalLink": "https://www.sec.gov/Archives/edgar/data/1035267/000103526724000021/isrg-20231231.htm", "calculatedOtherExpenses": 0, "calculatedOperatingExpenses": 2962700000, "calculatedNetInterest": 192100000, "calculatedOtherIncome": 0, "calculatedIncomeNonControlling": 19300000, "calculatedEbitda": 2188600000}, {"date": "2022-12-31", "symbol": "ISRG", "reportedCurrency": "USD", "cik": "0001035267", "fillingDate": "2023-02-10", "acceptedDate": "2023-02-10 17:11:19", "calendarYear": "2022", "period": "FY", "revenue": 6222200000, "costOfRevenue": 2026200000, "grossProfit": 4196000000, "grossProfitRatio": 0.6743595513, "researchAndDevelopmentExpenses": 879000000, "generalAndAdministrativeExpenses": 0, "sellingAndMarketingExpenses": 0, "sellingGeneralAndAdministrativeExpenses": 1739900000, "otherExpenses": 0, "operatingExpenses": 2618900000, "costAndExpenses": 4645100000, "interestIncome": 29700000, "interestExpense": 29700000, "depreciationAndAmortization": 365800000, "ebitda": 1577100000, "ebitdaratio": 0.2534634052, "operatingIncome": 1211300000, "operatingIncomeRatio": 0.1946739095, "totalOtherIncomeExpensesNet": 395500000, "incomeBeforeTax": 1606800000, "incomeBeforeTaxRatio": 0.2582366366, "incomeTaxExpense": 262400000, "netIncome": 1322300000, "netIncomeRatio": 0.212513259, "eps": 3.72, "epsdiluted": 3.65, "weightedAverageShsOut": 355700000, "weightedAverageShsOutDil": 362000000, "link": "https://www.sec.gov/Archives/edgar/data/1035267/000103526723000019/0001035267-23-000019-index.htm", "finalLink": "https://www.sec.gov/Archives/edgar/data/1035267/000103526723000019/isrg-20221231.htm", "calculatedOtherExpenses": 365800000, "calculatedOperatingExpenses": 2984700000, "calculatedNetInterest": 0, "calculatedOtherIncome": 395500000, "calculatedIncomeNonControlling": 22100000, "calculatedEbitda": 1577100000}, {"date": "2021-12-31", "symbol": "ISRG", "reportedCurrency": "USD", "cik": "0001035267", "fillingDate": "2022-02-03", "acceptedDate": "2022-02-03 16:59:03", "calendarYear": "2021", "period": "FY", "revenue": 5710100000, "costOfRevenue": 1751600000, "grossProfit": 3958500000, "grossProfitRatio": 0.6932453022, "researchAndDevelopmentExpenses": 671000000, "generalAndAdministrativeExpenses": 0, "sellingAndMarketingExpenses": 0, "sellingGeneralAndAdministrativeExpenses": 1466500000, "otherExpenses": 0, "operatingExpenses": 2137500000, "costAndExpenses": 3889100000, "interestIncome": 69300000, "interestExpense": 0, "depreciationAndAmortization": 310200000, "ebitda": 1821000000, "ebitdaratio": 0.3189086005, "operatingIncome": 1821000000, "operatingIncomeRatio": 0.3189086005, "totalOtherIncomeExpensesNet": 69300000, "incomeBeforeTax": 1890300000, "incomeBeforeTaxRatio": 0.3310449905, "incomeTaxExpense": 162200000, "netIncome": 1704600000, "netIncomeRatio": 0.2985236686, "eps": 4.79, "epsdiluted": 4.66, "weightedAverageShsOut": 356100000, "weightedAverageShsOutDil": 365800000, "link": "https://www.sec.gov/Archives/edgar/data/1035267/000103526722000014/0001035267-22-000014-index.htm", "finalLink": "https://www.sec.gov/Archives/edgar/data/1035267/000103526722000014/isrg-20211231.htm", "calculatedOtherExpenses": 0, "calculatedOperatingExpenses": 2137500000, "calculatedNetInterest": 69300000, "calculatedOtherIncome": 0, "calculatedIncomeNonControlling": 23500000, "calculatedEbitda": 2131200000}, {"date": "2020-12-31", "symbol": "ISRG", "reportedCurrency": "USD", "cik": "0001035267", "fillingDate": "2021-02-10", "acceptedDate": "2021-02-09 21:47:57", "calendarYear": "2020", "period": "FY", "revenue": 4358400000, "costOfRevenue": 1497200000, "grossProfit": 2861200000, "grossProfitRatio": 0.656479442, "researchAndDevelopmentExpenses": 595100000, "generalAndAdministrativeExpenses": 0, "sellingAndMarketingExpenses": 0, "sellingGeneralAndAdministrativeExpenses": 1216300000, "otherExpenses": 0, "operatingExpenses": 1811400000, "costAndExpenses": 3308600000, "interestIncome": 157200000, "interestExpense": 0, "depreciationAndAmortization": 276200000, "ebitda": 1049800000, "ebitdaratio": 0.2408682085, "operatingIncome": 773600000, "operatingIncomeRatio": 0.1774963289, "totalOtherIncomeExpensesNet": 433400000, "incomeBeforeTax": 1207000000, "incomeBeforeTaxRatio": 0.2769364905, "incomeTaxExpense": 140200000, "netIncome": 1060600000, "netIncomeRatio": 0.2433461821, "eps": 3.02, "epsdiluted": 2.94, "weightedAverageShsOut": 351000024, "weightedAverageShsOutDil": 360900025, "link": "https://www.sec.gov/Archives/edgar/data/1035267/000103526721000028/0001035267-21-000028-index.htm", "finalLink": "https://www.sec.gov/Archives/edgar/data/1035267/000103526721000028/isrg-20201231.htm", "calculatedOtherExpenses": 276200000, "calculatedOperatingExpenses": 2087600000, "calculatedNetInterest": 157200000, "calculatedOtherIncome": 276200000, "calculatedIncomeNonControlling": 6200000, "calculatedEbitda": 1049800000}, {"date": "2019-12-31", "symbol": "ISRG", "reportedCurrency": "USD", "cik": "0001035267", "fillingDate": "2020-02-07", "acceptedDate": "2020-02-07 17:18:28", "calendarYear": "2019", "period": "FY", "revenue": 4478500000, "costOfRevenue": 1368300000, "grossProfit": 3110200000, "grossProfitRatio": 0.6944735961, "researchAndDevelopmentExpenses": 557300000, "generalAndAdministrativeExpenses": 0, "sellingAndMarketingExpenses": 0, "sellingGeneralAndAdministrativeExpenses": 1178400000, "otherExpenses": 0, "operatingExpenses": 1735700000, "costAndExpenses": 3104000000, "interestIncome": 116800000, "interestExpense": 0, "depreciationAndAmortization": 203000000, "ebitda": 1374500000, "ebitdaratio": 0.306910796, "operatingIncome": 1374500000, "operatingIncomeRatio": 0.306910796, "totalOtherIncomeExpensesNet": 127700000, "incomeBeforeTax": 1502200000, "incomeBeforeTaxRatio": 0.3354248074, "incomeTaxExpense": 120400000, "netIncome": 1379300000, "netIncomeRatio": 0.3079825835, "eps": 3.98, "epsdiluted": 3.85, "weightedAverageShsOut": 346200024, "weightedAverageShsOutDil": 358500025, "link": "https://www.sec.gov/Archives/edgar/data/1035267/000103526720000032/0001035267-20-000032-index.htm", "finalLink": "https://www.sec.gov/Archives/edgar/data/1035267/000103526720000032/isrg-20191231.htm", "calculatedOtherExpenses": 0, "calculatedOperatingExpenses": 1735700000, "calculatedNetInterest": 116800000, "calculatedOtherIncome": 10900000, "calculatedIncomeNonControlling": 2500000, "calculatedEbitda": 1577500000}, {"date": "2018-12-31", "symbol": "ISRG", "reportedCurrency": "USD", "cik": "0001035267", "fillingDate": "2019-02-04", "acceptedDate": "2019-02-04 17:27:54", "calendarYear": "2018", "period": "FY", "revenue": 3724200000, "costOfRevenue": 1120100000, "grossProfit": 2604100000, "grossProfitRatio": 0.6992374201, "researchAndDevelopmentExpenses": 418100000, "generalAndAdministrativeExpenses": 986600000, "sellingAndMarketingExpenses": 0, "sellingGeneralAndAdministrativeExpenses": 986600000, "otherExpenses": 0, "operatingExpenses": 1404700000, "costAndExpenses": 2524800000, "interestIncome": 0, "interestExpense": 0, "depreciationAndAmortization": 122800000, "ebitda": 1199400000, "ebitdaratio": 0.3220557435, "operatingIncome": 1199400000, "operatingIncomeRatio": 0.3220557435, "totalOtherIncomeExpensesNet": 80100000, "incomeBeforeTax": 1279500000, "incomeBeforeTaxRatio": 0.3435637184, "incomeTaxExpense": 154500000, "netIncome": 1127900000, "netIncomeRatio": 0.3028569894, "eps": 3.31, "epsdiluted": 3.16, "weightedAverageShsOut": 341100000, "weightedAverageShsOutDil": 356400000, "link": "https://www.sec.gov/Archives/edgar/data/1035267/000103526719000012/0001035267-19-000012-index.htm", "finalLink": "https://www.sec.gov/Archives/edgar/data/1035267/000103526719000012/isrg-20181231x10k.htm", "calculatedOtherExpenses": 0, "calculatedOperatingExpenses": 1404700000, "calculatedNetInterest": 0, "calculatedOtherIncome": 80100000, "calculatedIncomeNonControlling": -2900000, "calculatedEbitda": 1322200000}, {"date": "2017-12-31", "symbol": "ISRG", "reportedCurrency": "USD", "cik": "0001035267", "fillingDate": "2018-02-02", "acceptedDate": "2018-02-02 17:18:02", "calendarYear": "2017", "period": "FY", "revenue": 3128900000, "costOfRevenue": 934800000, "grossProfit": 2194100000, "grossProfitRatio": 0.7012368564, "researchAndDevelopmentExpenses": 328600000, "generalAndAdministrativeExpenses": 810900000, "sellingAndMarketingExpenses": 0, "sellingGeneralAndAdministrativeExpenses": 810900000, "otherExpenses": 0, "operatingExpenses": 1139500000, "costAndExpenses": 2074300000, "interestIncome": 0, "interestExpense": 0, "depreciationAndAmortization": 99100000, "ebitda": 1054600000, "ebitdaratio": 0.3370513599, "operatingIncome": 1054600000, "operatingIncomeRatio": 0.3370513599, "totalOtherIncomeExpensesNet": 41900000, "incomeBeforeTax": 1096500000, "incomeBeforeTaxRatio": 0.3504426476, "incomeTaxExpense": 436500000, "netIncome": 660000000, "netIncomeRatio": 0.2109367509, "eps": 1.97, "epsdiluted": 1.89, "weightedAverageShsOut": 335100000, "weightedAverageShsOutDil": 348900000, "link": "https://www.sec.gov/Archives/edgar/data/1035267/000103526718000013/0001035267-18-000013-index.htm", "finalLink": "https://www.sec.gov/Archives/edgar/data/1035267/000103526718000013/isrg-20171231x10k.htm", "calculatedOtherExpenses": 0, "calculatedOperatingExpenses": 1139500000, "calculatedNetInterest": 0, "calculatedOtherIncome": 41900000, "calculatedIncomeNonControlling": 0, "calculatedEbitda": 1153700000}, {"date": "2016-12-31", "symbol": "ISRG", "reportedCurrency": "USD", "cik": "0001035267", "fillingDate": "2017-02-06", "acceptedDate": "2017-02-03 18:05:19", "calendarYear": "2016", "period": "FY", "revenue": 2704400000, "costOfRevenue": 814300000, "grossProfit": 1890100000, "grossProfitRatio": 0.698898092, "researchAndDevelopmentExpenses": 239600000, "generalAndAdministrativeExpenses": 705300000, "sellingAndMarketingExpenses": 0, "sellingGeneralAndAdministrativeExpenses": 705300000, "otherExpenses": 0, "operatingExpenses": 944900000, "costAndExpenses": 1759200000, "interestIncome": 0, "interestExpense": 0, "depreciationAndAmortization": 92100000, "ebitda": 945200000, "ebitdaratio": 0.3495045112, "operatingIncome": 945200000, "operatingIncomeRatio": 0.3495045112, "totalOtherIncomeExpensesNet": 35600000, "incomeBeforeTax": 980800000, "incomeBeforeTaxRatio": 0.3626682443, "incomeTaxExpense": 244900000, "netIncome": 735900000, "netIncomeRatio": 0.2721121136, "eps": 2.13, "epsdiluted": 2.08, "weightedAverageShsOut": 344700000, "weightedAverageShsOutDil": 353700000, "link": "https://www.sec.gov/Archives/edgar/data/1035267/000103526717000021/0001035267-17-000021-index.htm", "finalLink": "https://www.sec.gov/Archives/edgar/data/1035267/000103526717000021/isrg-20161231x10k.htm", "calculatedOtherExpenses": 0, "calculatedOperatingExpenses": 944900000, "calculatedNetInterest": 0, "calculatedOtherIncome": 35600000, "calculatedIncomeNonControlling": 0, "calculatedEbitda": 1037300000}, {"date": "2015-12-31", "symbol": "ISRG", "reportedCurrency": "USD", "cik": "0001035267", "fillingDate": "2016-02-02", "acceptedDate": "2016-02-02 17:22:41", "calendarYear": "2015", "period": "FY", "revenue": 2384400000, "costOfRevenue": 806500000, "grossProfit": 1577900000, "grossProfitRatio": 0.6617597719, "researchAndDevelopmentExpenses": 197400000, "generalAndAdministrativeExpenses": 640500000, "sellingAndMarketingExpenses": 0, "sellingGeneralAndAdministrativeExpenses": 640500000, "otherExpenses": 0, "operatingExpenses": 837900000, "costAndExpenses": 1644400000, "interestIncome": 0, "interestExpense": 0, "depreciationAndAmortization": 89500000, "ebitda": 740000000, "ebitdaratio": 0.3103506123, "operatingIncome": 740000000, "operatingIncomeRatio": 0.3103506123, "totalOtherIncomeExpensesNet": 18500000, "incomeBeforeTax": 758500000, "incomeBeforeTaxRatio": 0.3181093776, "incomeTaxExpense": 169700000, "netIncome": 588800000, "netIncomeRatio": 0.2469384331, "eps": 1.76, "epsdiluted": 1.73, "weightedAverageShsOut": 333900000, "weightedAverageShsOutDil": 341100000, "link": "https://www.sec.gov/Archives/edgar/data/1035267/000103526716000130/0001035267-16-000130-index.htm", "finalLink": "https://www.sec.gov/Archives/edgar/data/1035267/000103526716000130/isrg-20151231x10k.htm", "calculatedOtherExpenses": 0, "calculatedOperatingExpenses": 837900000, "calculatedNetInterest": 0, "calculatedOtherIncome": 18500000, "calculatedIncomeNonControlling": 0, "calculatedEbitda": 829500000}, {"date": "2014-12-31", "symbol": "ISRG", "reportedCurrency": "USD", "cik": "0001035267", "fillingDate": "2015-02-06", "acceptedDate": "2015-02-05 19:35:06", "calendarYear": "2014", "period": "FY", "revenue": 2131700000, "costOfRevenue": 717900000, "grossProfit": 1413800000, "grossProfitRatio": 0.6632265328, "researchAndDevelopmentExpenses": 178000000, "generalAndAdministrativeExpenses": 691000000, "sellingAndMarketingExpenses": 0, "sellingGeneralAndAdministrativeExpenses": 691000000, "otherExpenses": 0, "operatingExpenses": 869000000, "costAndExpenses": 1586900000, "interestIncome": 0, "interestExpense": 0, "depreciationAndAmortization": 74400000, "ebitda": 544800000, "ebitdaratio": 0.2555706713, "operatingIncome": 544800000, "operatingIncomeRatio": 0.2555706713, "totalOtherIncomeExpensesNet": 4200000, "incomeBeforeTax": 549000000, "incomeBeforeTaxRatio": 0.2575409298, "incomeTaxExpense": 130200000, "netIncome": 418800000, "netIncomeRatio": 0.1964629169, "eps": 1.26, "epsdiluted": 1.23, "weightedAverageShsOut": 332100000, "weightedAverageShsOutDil": 339300000, "link": "https://www.sec.gov/Archives/edgar/data/1035267/000103526715000014/0001035267-15-000014-index.htm", "finalLink": "https://www.sec.gov/Archives/edgar/data/1035267/000103526715000014/isrg-20141231x10k.htm", "calculatedOtherExpenses": 0, "calculatedOperatingExpenses": 869000000, "calculatedNetInterest": 0, "calculatedOtherIncome": 4200000, "calculatedIncomeNonControlling": 0, "calculatedEbitda": 619200000}, {"date": "2013-12-31", "symbol": "ISRG", "reportedCurrency": "USD", "cik": "0001035267", "fillingDate": "2014-02-03", "acceptedDate": "2014-02-03 17:13:14", "calendarYear": "2013", "period": "FY", "revenue": 2265100000, "costOfRevenue": 670900000, "grossProfit": 1594200000, "grossProfitRatio": 0.7038099863, "researchAndDevelopmentExpenses": 167700000, "generalAndAdministrativeExpenses": 574000000, "sellingAndMarketingExpenses": 0, "sellingGeneralAndAdministrativeExpenses": 574000000, "otherExpenses": 0, "operatingExpenses": 741700000, "costAndExpenses": 741700000, "interestIncome": 0, "interestExpense": 0, "depreciationAndAmortization": 67300000, "ebitda": 852500000, "ebitdaratio": 0.3763630745, "operatingIncome": 852500000, "operatingIncomeRatio": 0.3763630745, "totalOtherIncomeExpensesNet": 18400000, "incomeBeforeTax": 870900000, "incomeBeforeTaxRatio": 0.3844863361, "incomeTaxExpense": 199900000, "netIncome": 671000000, "netIncomeRatio": 0.2962341618, "eps": 1.86, "epsdiluted": 1.86, "weightedAverageShsOut": 360966162, "weightedAverageShsOutDil": 360968320, "link": "https://www.sec.gov/Archives/edgar/data/1035267/000103526714000009/0001035267-14-000009-index.htm", "finalLink": "https://www.sec.gov/Archives/edgar/data/1035267/000103526714000009/isrg-20131231x10k.htm", "calculatedOtherExpenses": 0, "calculatedOperatingExpenses": 741700000, "calculatedNetInterest": 0, "calculatedOtherIncome": 18400000, "calculatedIncomeNonControlling": 0, "calculatedEbitda": 919800000}, {"date": "2012-12-31", "symbol": "ISRG", "reportedCurrency": "USD", "cik": "0001035267", "fillingDate": "2013-02-04", "acceptedDate": "2013-02-04 16:09:03", "calendarYear": "2012", "period": "FY", "revenue": 2178800000, "costOfRevenue": 608500000, "grossProfit": 1570300000, "grossProfitRatio": 0.7207178263, "researchAndDevelopmentExpenses": 170000000, "generalAndAdministrativeExpenses": 522200000, "sellingAndMarketingExpenses": 0, "sellingGeneralAndAdministrativeExpenses": 522200000, "otherExpenses": 0, "operatingExpenses": 692200000, "costAndExpenses": 1300700000, "interestIncome": 0, "interestExpense": 15800000, "depreciationAndAmortization": 57800000, "ebitda": 878100000, "ebitdaratio": 0.403020011, "operatingIncome": 878100000, "operatingIncomeRatio": 0.403020011, "totalOtherIncomeExpensesNet": 15800000, "incomeBeforeTax": 893900000, "incomeBeforeTaxRatio": 0.4102717092, "incomeTaxExpense": 237300000, "netIncome": 656600000, "netIncomeRatio": 0.301358546, "eps": 1.83, "epsdiluted": 1.78, "weightedAverageShsOut": 358200000, "weightedAverageShsOutDil": 369900000, "link": "https://www.sec.gov/Archives/edgar/data/1035267/000119312513036675/0001193125-13-036675-index.htm", "finalLink": "https://www.sec.gov/Archives/edgar/data/1035267/000119312513036675/d445195d10k.htm", "calculatedOtherExpenses": 0, "calculatedOperatingExpenses": 692200000, "calculatedNetInterest": -15800000, "calculatedOtherIncome": 31600000, "calculatedIncomeNonControlling": 0, "calculatedEbitda": 935900000}, {"date": "2011-12-31", "symbol": "ISRG", "reportedCurrency": "USD", "cik": "0001035267", "fillingDate": "2012-02-06", "acceptedDate": "2012-02-03 19:13:36", "calendarYear": "2011", "period": "FY", "revenue": 1757300000, "costOfRevenue": 483500000, "grossProfit": 1273800000, "grossProfitRatio": 0.7248620042, "researchAndDevelopmentExpenses": 140200000, "generalAndAdministrativeExpenses": 438800000, "sellingAndMarketingExpenses": 0, "sellingGeneralAndAdministrativeExpenses": 438800000, "otherExpenses": 0, "operatingExpenses": 579000000, "costAndExpenses": 1062500000, "interestIncome": 14900000, "interestExpense": 0, "depreciationAndAmortization": 46500000, "ebitda": 694800000, "ebitdaratio": 0.395379275, "operatingIncome": 694800000, "operatingIncomeRatio": 0.395379275, "totalOtherIncomeExpensesNet": 14900000, "incomeBeforeTax": 709700000, "incomeBeforeTaxRatio": 0.4038581915, "incomeTaxExpense": 214600000, "netIncome": 495100000, "netIncomeRatio": 0.2817390315, "eps": 1.4, "epsdiluted": 1.37, "weightedAverageShsOut": 352800000, "weightedAverageShsOutDil": 361800000, "link": "https://www.sec.gov/Archives/edgar/data/1035267/000119312512039226/0001193125-12-039226-index.htm", "finalLink": "https://www.sec.gov/Archives/edgar/data/1035267/000119312512039226/d263902d10k.htm", "calculatedOtherExpenses": 0, "calculatedOperatingExpenses": 579000000, "calculatedNetInterest": 14900000, "calculatedOtherIncome": 0, "calculatedIncomeNonControlling": 0, "calculatedEbitda": 741300000}, {"date": "2010-12-31", "symbol": "ISRG", "reportedCurrency": "USD", "cik": "0001035267", "fillingDate": "2011-02-01", "acceptedDate": "2011-02-01 15:32:22", "calendarYear": "2010", "period": "FY", "revenue": 1413000000, "costOfRevenue": 383000000, "grossProfit": 1030000000, "grossProfitRatio": 0.728945506, "researchAndDevelopmentExpenses": 116000000, "generalAndAdministrativeExpenses": 358800000, "sellingAndMarketingExpenses": 0, "sellingGeneralAndAdministrativeExpenses": 358800000, "otherExpenses": 0, "operatingExpenses": 474800000, "costAndExpenses": 857800000, "interestIncome": 0, "interestExpense": 0, "depreciationAndAmortization": 40400000, "ebitda": 555200000, "ebitdaratio": 0.3929228592, "operatingIncome": 555200000, "operatingIncomeRatio": 0.3929228592, "totalOtherIncomeExpensesNet": 17100000, "incomeBeforeTax": 572300000, "incomeBeforeTaxRatio": 0.40502477, "incomeTaxExpense": 190500000, "netIncome": 381800000, "netIncomeRatio": 0.2702052371, "eps": 1.08, "epsdiluted": 1.05, "weightedAverageShsOut": 352800000, "weightedAverageShsOutDil": 362700000, "link": "https://www.sec.gov/Archives/edgar/data/1035267/000119312511020229/0001193125-11-020229-index.htm", "finalLink": "https://www.sec.gov/Archives/edgar/data/1035267/000119312511020229/d10k.htm", "calculatedOtherExpenses": 0, "calculatedOperatingExpenses": 474800000, "calculatedNetInterest": 0, "calculatedOtherIncome": 17100000, "calculatedIncomeNonControlling": 0, "calculatedEbitda": 595600000}, {"date": "2009-12-31", "symbol": "ISRG", "reportedCurrency": "USD", "cik": "0001035267", "fillingDate": "2010-01-29", "acceptedDate": "2010-01-29 15:05:27", "calendarYear": "2009", "period": "FY", "revenue": 1052168000, "costOfRevenue": 301116000, "grossProfit": 751052000, "grossProfitRatio": 0.7138137636, "researchAndDevelopmentExpenses": 95102000, "generalAndAdministrativeExpenses": 278511000, "sellingAndMarketingExpenses": 0, "sellingGeneralAndAdministrativeExpenses": 278511000, "otherExpenses": 0, "operatingExpenses": 373613000, "costAndExpenses": 674729000, "interestIncome": 0, "interestExpense": 0, "depreciationAndAmortization": 34577000, "ebitda": 377439000, "ebitdaratio": 0.3587250325, "operatingIncome": 377439000, "operatingIncomeRatio": 0.3587250325, "totalOtherIncomeExpensesNet": 18672000, "incomeBeforeTax": 396111000, "incomeBeforeTaxRatio": 0.3764712479, "incomeTaxExpense": 163505000, "netIncome": 232606000, "netIncomeRatio": 0.2210730606, "eps": 0.67, "epsdiluted": 0.66, "weightedAverageShsOut": 344682000, "weightedAverageShsOutDil": 352845000, "link": "https://www.sec.gov/Archives/edgar/data/1035267/000119312510016932/0001193125-10-016932-index.htm", "finalLink": "https://www.sec.gov/Archives/edgar/data/1035267/000119312510016932/d10k.htm", "calculatedOtherExpenses": 0, "calculatedOperatingExpenses": 373613000, "calculatedNetInterest": 0, "calculatedOtherIncome": 18672000, "calculatedIncomeNonControlling": 0, "calculatedEbitda": 412016000}, {"date": "2008-12-31", "symbol": "ISRG", "reportedCurrency": "USD", "cik": "0001035267", "fillingDate": "2009-02-06", "acceptedDate": "2009-02-06 16:59:30", "calendarYear": "2008", "period": "FY", "revenue": 874919000, "costOfRevenue": 254142000, "grossProfit": 620777000, "grossProfitRatio": 0.7095251103, "researchAndDevelopmentExpenses": 79372000, "generalAndAdministrativeExpenses": 230570000, "sellingAndMarketingExpenses": 0, "sellingGeneralAndAdministrativeExpenses": 230570000, "otherExpenses": 0, "operatingExpenses": 309942000, "costAndExpenses": 564084000, "interestIncome": 0, "interestExpense": 0, "depreciationAndAmortization": 25084000, "ebitda": 335919000, "ebitdaratio": 0.3839429707, "operatingIncome": 310835000, "operatingIncomeRatio": 0.3552728881, "totalOtherIncomeExpensesNet": 24368000, "incomeBeforeTax": 335203000, "incomeBeforeTaxRatio": 0.3831246092, "incomeTaxExpense": 130888000, "netIncome": 204315000, "netIncomeRatio": 0.2335244748, "eps": 0.58, "epsdiluted": 0.57, "weightedAverageShsOut": 349893000, "weightedAverageShsOutDil": 359487000, "link": "https://www.sec.gov/Archives/edgar/data/1035267/000119312509021360/0001193125-09-021360-index.htm", "finalLink": "https://www.sec.gov/Archives/edgar/data/1035267/000119312509021360/d10k.htm", "calculatedOtherExpenses": 0, "calculatedOperatingExpenses": 309942000, "calculatedNetInterest": 0, "calculatedOtherIncome": 24368000, "calculatedIncomeNonControlling": 0, "calculatedEbitda": 335919000}, {"date": "2007-12-31", "symbol": "ISRG", "reportedCurrency": "USD", "cik": "0001035267", "fillingDate": "2008-02-14", "acceptedDate": "2008-02-14 16:21:41", "calendarYear": "2007", "period": "FY", "revenue": 600828000, "costOfRevenue": 186542000, "grossProfit": 414286000, "grossProfitRatio": 0.689525122, "researchAndDevelopmentExpenses": 48859000, "generalAndAdministrativeExpenses": 158685000, "sellingAndMarketingExpenses": 0, "sellingGeneralAndAdministrativeExpenses": 158685000, "otherExpenses": 0, "operatingExpenses": 207544000, "costAndExpenses": 394086000, "interestIncome": 0, "interestExpense": 0, "depreciationAndAmortization": 13027000, "ebitda": 219769000, "ebitdaratio": 0.3657768946, "operatingIncome": 206742000, "operatingIncomeRatio": 0.3440951487, "totalOtherIncomeExpensesNet": 30492000, "incomeBeforeTax": 237234000, "incomeBeforeTaxRatio": 0.3948451137, "incomeTaxExpense": 92697000, "netIncome": 144537000, "netIncomeRatio": 0.240563023, "eps": 0.42, "epsdiluted": 0.41, "weightedAverageShsOut": 340479000, "weightedAverageShsOutDil": 351189000, "link": "https://www.sec.gov/Archives/edgar/data/1035267/000119312508031448/0001193125-08-031448-index.htm", "finalLink": "https://www.sec.gov/Archives/edgar/data/1035267/000119312508031448/d10k.htm", "calculatedOtherExpenses": 0, "calculatedOperatingExpenses": 207544000, "calculatedNetInterest": 0, "calculatedOtherIncome": 30492000, "calculatedIncomeNonControlling": 0, "calculatedEbitda": 219769000}, {"date": "2006-12-31", "symbol": "ISRG", "reportedCurrency": "USD", "cik": "0001035267", "fillingDate": "2007-02-15", "acceptedDate": "2007-02-15 15:33:18", "calendarYear": "2006", "period": "FY", "revenue": 372682000, "costOfRevenue": 124846000, "grossProfit": 247836000, "grossProfitRatio": 0.6650066276, "researchAndDevelopmentExpenses": 29778000, "generalAndAdministrativeExpenses": 110703000, "sellingAndMarketingExpenses": 0, "sellingGeneralAndAdministrativeExpenses": 110703000, "otherExpenses": 0, "operatingExpenses": 140481000, "costAndExpenses": 265327000, "interestIncome": 0, "interestExpense": 0, "depreciationAndAmortization": 35269000, "ebitda": 142624000, "ebitdaratio": 0.3826962397, "operatingIncome": 107355000, "operatingIncomeRatio": 0.2880605986, "totalOtherIncomeExpensesNet": 12783000, "incomeBeforeTax": 120138000, "incomeBeforeTaxRatio": 0.3223606184, "incomeTaxExpense": 48094000, "netIncome": 72044000, "netIncomeRatio": 0.1933122609, "eps": 0.22, "epsdiluted": 0.21, "weightedAverageShsOut": 330633000, "weightedAverageShsOutDil": 342837000, "link": "https://www.sec.gov/Archives/edgar/data/1035267/000119312507032981/0001193125-07-032981-index.htm", "finalLink": "https://www.sec.gov/Archives/edgar/data/1035267/000119312507032981/d10k.htm", "calculatedOtherExpenses": 0, "calculatedOperatingExpenses": 140481000, "calculatedNetInterest": 0, "calculatedOtherIncome": 12783000, "calculatedIncomeNonControlling": 0, "calculatedEbitda": 142624000}, {"date": "2005-12-31", "symbol": "ISRG", "reportedCurrency": "USD", "cik": "0001035267", "fillingDate": "2006-03-15", "acceptedDate": "2006-03-15 16:25:48", "calendarYear": "2005", "period": "FY", "revenue": 227338000, "costOfRevenue": 73769000, "grossProfit": 153569000, "grossProfitRatio": 0.6755095936, "researchAndDevelopmentExpenses": 17354000, "generalAndAdministrativeExpenses": 67443000, "sellingAndMarketingExpenses": 0, "sellingGeneralAndAdministrativeExpenses": 67443000, "otherExpenses": 0, "operatingExpenses": 84797000, "costAndExpenses": 158566000, "interestIncome": 5569000, "interestExpense": -17000, "depreciationAndAmortization": 6727000, "ebitda": 76016000, "ebitdaratio": 0.3343743677, "operatingIncome": 68772000, "operatingIncomeRatio": 0.3025099192, "totalOtherIncomeExpensesNet": -517000, "incomeBeforeTax": 73807000, "incomeBeforeTaxRatio": 0.3246575583, "incomeTaxExpense": -20327000, "netIncome": 94134000, "netIncomeRatio": 0.4140706789, "eps": 0.3, "epsdiluted": 0.28, "weightedAverageShsOut": 315630000, "weightedAverageShsOutDil": 337392000, "link": "https://www.sec.gov/Archives/edgar/data/1035267/000119312506055046/0001193125-06-055046-index.htm", "finalLink": "https://www.sec.gov/Archives/edgar/data/1035267/000119312506055046/d10k.htm", "calculatedOtherExpenses": 0, "calculatedOperatingExpenses": 84797000, "calculatedNetInterest": 5586000, "calculatedOtherIncome": -551000, "calculatedIncomeNonControlling": 0, "calculatedEbitda": 75499000}, {"date": "2004-12-31", "symbol": "ISRG", "reportedCurrency": "USD", "cik": "0001035267", "fillingDate": "2005-03-16", "acceptedDate": "2005-03-16 14:48:06", "calendarYear": "2004", "period": "FY", "revenue": 138803000, "costOfRevenue": 50813000, "grossProfit": 87990000, "grossProfitRatio": 0.6339200161, "researchAndDevelopmentExpenses": 17812000, "generalAndAdministrativeExpenses": 48994000, "sellingAndMarketingExpenses": 0, "sellingGeneralAndAdministrativeExpenses": 48994000, "otherExpenses": 0, "operatingExpenses": 66806000, "costAndExpenses": 117619000, "interestIncome": 2869000, "interestExpense": -91000, "depreciationAndAmortization": 7111000, "ebitda": 28053000, "ebitdaratio": 0.2021065827, "operatingIncome": 21184000, "operatingIncomeRatio": 0.1526191797, "totalOtherIncomeExpensesNet": 242000, "incomeBeforeTax": 24204000, "incomeBeforeTaxRatio": 0.1743766345, "incomeTaxExpense": 726000, "netIncome": 23478000, "netIncomeRatio": 0.1691462, "eps": 0.0778, "epsdiluted": 0.0744, "weightedAverageShsOut": 303237000, "weightedAverageShsOutDil": 314784000, "link": "https://www.sec.gov/Archives/edgar/data/1035267/000119312505052547/0001193125-05-052547-index.htm", "finalLink": "https://www.sec.gov/Archives/edgar/data/1035267/000119312505052547/d10k.htm", "calculatedOtherExpenses": 0, "calculatedOperatingExpenses": 66806000, "calculatedNetInterest": 2960000, "calculatedOtherIncome": 60000, "calculatedIncomeNonControlling": 0, "calculatedEbitda": 28295000}, {"date": "2003-12-31", "symbol": "ISRG", "reportedCurrency": "USD", "cik": "0001035267", "fillingDate": "2004-03-12", "acceptedDate": "2004-03-12 16:00:01", "calendarYear": "2003", "period": "FY", "revenue": 91675000, "costOfRevenue": 47646000, "grossProfit": 44029000, "grossProfitRatio": 0.4802727025, "researchAndDevelopmentExpenses": 16190000, "generalAndAdministrativeExpenses": 39719000, "sellingAndMarketingExpenses": 0, "sellingGeneralAndAdministrativeExpenses": 39719000, "otherExpenses": 0, "operatingExpenses": 55909000, "costAndExpenses": 103555000, "interestIncome": 2066000, "interestExpense": -203000, "depreciationAndAmortization": 10629000, "ebitda": -1645000, "ebitdaratio": -0.0179438233, "operatingIncome": -11880000, "operatingIncomeRatio": -0.1295882193, "totalOtherIncomeExpensesNet": 394000, "incomeBeforeTax": -9623000, "incomeBeforeTaxRatio": -0.1049686392, "incomeTaxExpense": -2257000, "netIncome": -9623000, "netIncomeRatio": -0.1049686392, "eps": -0.0453, "epsdiluted": -0.0453, "weightedAverageShsOut": 212634000, "weightedAverageShsOutDil": 212634000, "link": "https://www.sec.gov/Archives/edgar/data/1035267/000119312504040493/0001193125-04-040493-index.htm", "finalLink": "https://www.sec.gov/Archives/edgar/data/1035267/000119312504040493/d10k.htm", "calculatedOtherExpenses": 0, "calculatedOperatingExpenses": 55909000, "calculatedNetInterest": 2269000, "calculatedOtherIncome": -12000, "calculatedIncomeNonControlling": 2257000, "calculatedEbitda": -1251000}, {"date": "2002-12-31", "symbol": "ISRG", "reportedCurrency": "USD", "cik": "0001035267", "fillingDate": "2003-03-28", "acceptedDate": "2003-03-28 08:44:02", "calendarYear": "2002", "period": "FY", "revenue": 72022000, "costOfRevenue": 34584000, "grossProfit": 37438000, "grossProfitRatio": 0.5198133904, "researchAndDevelopmentExpenses": 16793000, "generalAndAdministrativeExpenses": 40864000, "sellingAndMarketingExpenses": 0, "sellingGeneralAndAdministrativeExpenses": 40864000, "otherExpenses": 0, "operatingExpenses": 57657000, "costAndExpenses": 92241000, "interestIncome": 0, "interestExpense": 0, "depreciationAndAmortization": 4549000, "ebitda": -15627000, "ebitdaratio": -0.2169753686, "operatingIncome": -20219000, "operatingIncomeRatio": -0.2807336647, "totalOtherIncomeExpensesNet": -43000, "incomeBeforeTax": -18421000, "incomeBeforeTaxRatio": -0.2557690706, "incomeTaxExpense": -1798000, "netIncome": -18421000, "netIncomeRatio": -0.2557690706, "eps": -0.11, "epsdiluted": -0.11, "weightedAverageShsOut": 164061000, "weightedAverageShsOutDil": 164061000, "link": "https://www.sec.gov/Archives/edgar/data/1035267/000089161803001487/0000891618-03-001487-index.htm", "finalLink": "https://www.sec.gov/Archives/edgar/data/1035267/000089161803001487/f88817ore10vk.txt", "calculatedOtherExpenses": 0, "calculatedOperatingExpenses": 57657000, "calculatedNetInterest": 0, "calculatedOtherIncome": 1798000, "calculatedIncomeNonControlling": 1798000, "calculatedEbitda": -15670000}, {"date": "2001-12-31", "symbol": "ISRG", "reportedCurrency": "USD", "cik": "0001035267", "fillingDate": "2002-04-01", "acceptedDate": "2002-04-01 00:00:00", "calendarYear": "2001", "period": "FY", "revenue": 51673000, "costOfRevenue": 28218000, "grossProfit": 23455000, "grossProfitRatio": 0.4539121011, "researchAndDevelopmentExpenses": 13851000, "generalAndAdministrativeExpenses": 29987000, "sellingAndMarketingExpenses": 0, "sellingGeneralAndAdministrativeExpenses": 29987000, "otherExpenses": 0, "operatingExpenses": 43838000, "costAndExpenses": 72056000, "interestIncome": 0, "interestExpense": 0, "depreciationAndAmortization": 4712000, "ebitda": -15713000, "ebitdaratio": -0.3040853057, "operatingIncome": -20383000, "operatingIncomeRatio": -0.3944613241, "totalOtherIncomeExpensesNet": 42000, "incomeBeforeTax": -20341000, "incomeBeforeTaxRatio": -0.3936485205, "incomeTaxExpense": -3683000, "netIncome": -16700000, "netIncomeRatio": -0.3231861901, "eps": -0.1, "epsdiluted": -0.1, "weightedAverageShsOut": 161172000, "weightedAverageShsOutDil": 161172000, "link": "https://www.sec.gov/Archives/edgar/data/1035267/000103526702000001/0001035267-02-000001-index.htm", "finalLink": "https://www.sec.gov/Archives/edgar/data/1035267/000103526702000001/body10k.htm", "calculatedOtherExpenses": 0, "calculatedOperatingExpenses": 43838000, "calculatedNetInterest": 0, "calculatedOtherIncome": 42000, "calculatedIncomeNonControlling": 42000, "calculatedEbitda": -15671000}, {"date": "2000-12-31", "symbol": "ISRG", "reportedCurrency": "USD", "cik": "0001035267", "fillingDate": "2001-03-30", "acceptedDate": "2001-03-30 00:00:00", "calendarYear": "2000", "period": "FY", "revenue": 26624000, "costOfRevenue": 13279000, "grossProfit": 13345000, "grossProfitRatio": 0.5012394832, "researchAndDevelopmentExpenses": 11734000, "generalAndAdministrativeExpenses": 19136000, "sellingAndMarketingExpenses": 0, "sellingGeneralAndAdministrativeExpenses": 19136000, "otherExpenses": 4752000, "operatingExpenses": 35622000, "costAndExpenses": 48901000, "interestIncome": 0, "interestExpense": 0, "depreciationAndAmortization": 4752000, "ebitda": -17417000, "ebitdaratio": -0.6541841947, "operatingIncome": -22277000, "operatingIncomeRatio": -0.836726262, "totalOtherIncomeExpensesNet": -108000, "incomeBeforeTax": -22385000, "incomeBeforeTaxRatio": -0.8407827524, "incomeTaxExpense": -3754000, "netIncome": -18523000, "netIncomeRatio": -0.6957256611, "eps": -0.17, "epsdiluted": -0.17, "weightedAverageShsOut": 107082000, "weightedAverageShsOutDil": 107082000, "link": "https://www.sec.gov/Archives/edgar/data/1035267/000109581101001899/0001095811-01-001899-index.htm", "finalLink": "https://www.sec.gov/Archives/edgar/data/1035267/000109581101001899/f70521e10-k405.txt", "calculatedOtherExpenses": 4752000, "calculatedOperatingExpenses": 35622000, "calculatedNetInterest": 0, "calculatedOtherIncome": -108000, "calculatedIncomeNonControlling": -108000, "calculatedEbitda": -17525000}, {"date": "1999-12-31", "symbol": "ISRG", "reportedCurrency": "USD", "cik": "0001035267", "fillingDate": "1999-12-31", "acceptedDate": "1999-12-30 19:00:00", "calendarYear": "1999", "period": "FY", "revenue": 10192000, "costOfRevenue": 7030000, "grossProfit": 3162000, "grossProfitRatio": 0.3102433281, "researchAndDevelopmentExpenses": 11130000, "generalAndAdministrativeExpenses": 0, "sellingAndMarketingExpenses": 0, "sellingGeneralAndAdministrativeExpenses": 9338000, "otherExpenses": 11581000, "operatingExpenses": 22711000, "costAndExpenses": 29741000, "interestIncome": 0, "interestExpense": 0, "depreciationAndAmortization": 2243000, "ebitda": -17306000, "ebitdaratio": -1.6979984301, "operatingIncome": -19549000, "operatingIncomeRatio": -1.9180729984, "totalOtherIncomeExpensesNet": 0, "incomeBeforeTax": 0, "incomeBeforeTaxRatio": 0, "incomeTaxExpense": -1134000, "netIncome": -18415000, "netIncomeRatio": -1.8068092622, "eps": -0.85, "epsdiluted": -0.85, "weightedAverageShsOut": 21768597, "weightedAverageShsOutDil": 21768597, "link": "", "finalLink": "", "calculatedOtherExpenses": 2243000, "calculatedOperatingExpenses": 22711000, "calculatedNetInterest": 0, "calculatedOtherIncome": 19549000, "calculatedIncomeNonControlling": 19549000, "calculatedEbitda": -17306000}, {"date": "1998-12-31", "symbol": "ISRG", "reportedCurrency": "USD", "cik": "0001035267", "fillingDate": "1998-12-31", "acceptedDate": "1998-12-30 19:00:00", "calendarYear": "1998", "period": "FY", "revenue": 0, "costOfRevenue": 0, "grossProfit": 0, "grossProfitRatio": 0, "researchAndDevelopmentExpenses": 23208000, "generalAndAdministrativeExpenses": 0, "sellingAndMarketingExpenses": 0, "sellingGeneralAndAdministrativeExpenses": 7565000, "otherExpenses": 7565000, "operatingExpenses": 30773000, "costAndExpenses": 30773000, "interestIncome": 0, "interestExpense": 0, "depreciationAndAmortization": 0, "ebitda": -30773000, "ebitdaratio": 0, "operatingIncome": -30773000, "operatingIncomeRatio": 0, "totalOtherIncomeExpensesNet": 0, "incomeBeforeTax": 0, "incomeBeforeTaxRatio": 0, "incomeTaxExpense": 29443000, "netIncome": -29443000, "netIncomeRatio": 0, "eps": -1.81, "epsdiluted": -1.81, "weightedAverageShsOut": 16285500, "weightedAverageShsOutDil": 16285500, "link": "", "finalLink": "", "calculatedOtherExpenses": 0, "calculatedOperatingExpenses": 30773000, "calculatedNetInterest": 0, "calculatedOtherIncome": 30773000, "calculatedIncomeNonControlling": 0, "calculatedEbitda": -30773000}]}