{"originalCurrency": "USD", "convertedCurrency": "USD", "report": [{"date": "2023-12-31", "symbol": "IT", "reportedCurrency": "USD", "cik": "0000749251", "fillingDate": "2024-02-15", "acceptedDate": "2024-02-15 16:34:58", "calendarYear": "2023", "period": "FY", "revenue": 5906956000, "costOfRevenue": 1903240000, "grossProfit": 4003716000, "grossProfitRatio": 0.6777968212, "researchAndDevelopmentExpenses": 47800000, "generalAndAdministrativeExpenses": 0, "sellingAndMarketingExpenses": 0, "sellingGeneralAndAdministrativeExpenses": 2681748000, "otherExpenses": 1404000, "operatingExpenses": 2766241000, "costAndExpenses": 4669481000, "interestIncome": 90346000, "interestExpense": 132772000, "depreciationAndAmortization": 143303000, "ebitda": 1274168000, "ebitdaratio": 0.2157063638, "operatingIncome": 1130865000, "operatingIncomeRatio": 0.1914463219, "totalOtherIncomeExpensesNet": 16264000, "incomeBeforeTax": 1147129000, "incomeBeforeTaxRatio": 0.1941996859, "incomeTaxExpense": 264663000, "netIncome": 882466000, "netIncomeRatio": 0.149394375, "eps": 11.17, "epsdiluted": 11.08, "weightedAverageShsOut": 79004000, "weightedAverageShsOutDil": 79680000, "link": "https://www.sec.gov/Archives/edgar/data/749251/000074925124000006/0000749251-24-000006-index.htm", "finalLink": "https://www.sec.gov/Archives/edgar/data/749251/000074925124000006/it-20231231.htm", "calculatedOtherExpenses": 143303000, "calculatedOperatingExpenses": 2872851000, "calculatedNetInterest": -42426000, "calculatedOtherIncome": 58690000, "calculatedIncomeNonControlling": 0, "calculatedEbitda": 1274168000}, {"date": "2022-12-31", "symbol": "IT", "reportedCurrency": "USD", "cik": "0000749251", "fillingDate": "2023-02-16", "acceptedDate": "2023-02-16 16:35:48", "calendarYear": "2022", "period": "FY", "revenue": 5475829000, "costOfRevenue": 1693805000, "grossProfit": 3782024000, "grossProfitRatio": 0.6906760602, "researchAndDevelopmentExpenses": 1693771000, "generalAndAdministrativeExpenses": 0, "sellingAndMarketingExpenses": 0, "sellingGeneralAndAdministrativeExpenses": 2480846000, "otherExpenses": -1501807000, "operatingExpenses": 2672810000, "costAndExpenses": 4366615000, "interestIncome": 4880000, "interestExpense": 121299000, "depreciationAndAmortization": 249475000, "ebitda": 1349562000, "ebitdaratio": 0.2464580249, "operatingIncome": 1100087000, "operatingIncomeRatio": 0.2008987132, "totalOtherIncomeExpensesNet": -72915000, "incomeBeforeTax": 1027172000, "incomeBeforeTaxRatio": 0.1875829212, "incomeTaxExpense": 219387000, "netIncome": 807799000, "netIncomeRatio": 0.1475208594, "eps": 10.08, "epsdiluted": 9.96, "weightedAverageShsOut": 80178000, "weightedAverageShsOutDil": 81067000, "link": "https://www.sec.gov/Archives/edgar/data/749251/000074925123000006/0000749251-23-000006-index.htm", "finalLink": "https://www.sec.gov/Archives/edgar/data/749251/000074925123000006/it-20221231.htm", "calculatedOtherExpenses": -1492680000, "calculatedOperatingExpenses": 2681937000, "calculatedNetInterest": -116419000, "calculatedOtherIncome": 43504000, "calculatedIncomeNonControlling": -14000, "calculatedEbitda": 1349562000}, {"date": "2021-12-31", "symbol": "IT", "reportedCurrency": "USD", "cik": "0000749251", "fillingDate": "2022-02-23", "acceptedDate": "2022-02-23 16:37:11", "calendarYear": "2021", "period": "FY", "revenue": 4733939000, "costOfRevenue": 1444106000, "grossProfit": 3289833000, "grossProfitRatio": 0.6949462171, "researchAndDevelopmentExpenses": 1444093000, "generalAndAdministrativeExpenses": 0, "sellingAndMarketingExpenses": 0, "sellingGeneralAndAdministrativeExpenses": 2155724000, "otherExpenses": 212349000, "operatingExpenses": 2368073000, "costAndExpenses": 3812179000, "interestIncome": 1893000, "interestExpense": 116638000, "depreciationAndAmortization": 236781000, "ebitda": 1152528000, "ebitdaratio": 0.2434606783, "operatingIncome": 915747000, "operatingIncomeRatio": 0.1934429235, "totalOtherIncomeExpensesNet": 54126000, "incomeBeforeTax": 969873000, "incomeBeforeTaxRatio": 0.2048765309, "incomeTaxExpense": 176272000, "netIncome": 793560000, "netIncomeRatio": 0.1676320713, "eps": 9.33, "epsdiluted": 9.21, "weightedAverageShsOut": 85026000, "weightedAverageShsOutDil": 86177000, "link": "https://www.sec.gov/Archives/edgar/data/749251/000074925122000006/0000749251-22-000006-index.htm", "finalLink": "https://www.sec.gov/Archives/edgar/data/749251/000074925122000006/it-20211231.htm", "calculatedOtherExpenses": -1225731000, "calculatedOperatingExpenses": 2374086000, "calculatedNetInterest": -114745000, "calculatedOtherIncome": 168871000, "calculatedIncomeNonControlling": 41000, "calculatedEbitda": 1152528000}, {"date": "2020-12-31", "symbol": "IT", "reportedCurrency": "USD", "cik": "0000749251", "fillingDate": "2021-02-24", "acceptedDate": "2021-02-24 16:38:34", "calendarYear": "2020", "period": "FY", "revenue": 4099444000, "costOfRevenue": 1345096000, "grossProfit": 2754348000, "grossProfitRatio": 0.6718833091, "researchAndDevelopmentExpenses": 1345024000, "generalAndAdministrativeExpenses": 0, "sellingAndMarketingExpenses": 0, "sellingGeneralAndAdministrativeExpenses": 2039087000, "otherExpenses": 218903000, "operatingExpenses": 2257990000, "costAndExpenses": 3603086000, "interestIncome": 2087000, "interestExpense": 113582000, "depreciationAndAmortization": 219495000, "ebitda": 709615000, "ebitdaratio": 0.1731003034, "operatingIncome": 490120000, "operatingIncomeRatio": 0.1195576766, "totalOtherIncomeExpensesNet": -164042000, "incomeBeforeTax": 326078000, "incomeBeforeTaxRatio": 0.0795420062, "incomeTaxExpense": 59340000, "netIncome": 266745000, "netIncomeRatio": 0.06506858, "eps": 2.99, "epsdiluted": 2.96, "weightedAverageShsOut": 89315000, "weightedAverageShsOutDil": 90017000, "link": "https://www.sec.gov/Archives/edgar/data/749251/000074925121000010/0000749251-21-000010-index.htm", "finalLink": "https://www.sec.gov/Archives/edgar/data/749251/000074925121000010/it-20201231.htm", "calculatedOtherExpenses": -1119883000, "calculatedOperatingExpenses": 2264228000, "calculatedNetInterest": -111495000, "calculatedOtherIncome": -52547000, "calculatedIncomeNonControlling": -7000, "calculatedEbitda": 709615000}, {"date": "2019-12-31", "symbol": "IT", "reportedCurrency": "USD", "cik": "0000749251", "fillingDate": "2020-02-19", "acceptedDate": "2020-02-19 16:53:40", "calendarYear": "2019", "period": "FY", "revenue": 4245321000, "costOfRevenue": 1550568000, "grossProfit": 2694753000, "grossProfitRatio": 0.634758361, "researchAndDevelopmentExpenses": 1550568000, "generalAndAdministrativeExpenses": 0, "sellingAndMarketingExpenses": 0, "sellingGeneralAndAdministrativeExpenses": 2103424000, "otherExpenses": 211779000, "operatingExpenses": 2315203000, "costAndExpenses": 3865771000, "interestIncome": 3026000, "interestExpense": 102831000, "depreciationAndAmortization": 232780000, "ebitda": 602867000, "ebitdaratio": 0.1420074006, "operatingIncome": 370087000, "operatingIncomeRatio": 0.087175269, "totalOtherIncomeExpensesNet": -94348000, "incomeBeforeTax": 275739000, "incomeBeforeTaxRatio": 0.0649512722, "incomeTaxExpense": 42449000, "netIncome": 233290000, "netIncomeRatio": 0.0549522639, "eps": 2.6, "epsdiluted": 2.56, "weightedAverageShsOut": 89817000, "weightedAverageShsOutDil": 90971000, "link": "https://www.sec.gov/Archives/edgar/data/749251/000074925120000008/0000749251-20-000008-index.htm", "finalLink": "https://www.sec.gov/Archives/edgar/data/749251/000074925120000008/it-12312019x10k.htm", "calculatedOtherExpenses": -1329326000, "calculatedOperatingExpenses": 2324666000, "calculatedNetInterest": -99805000, "calculatedOtherIncome": 5457000, "calculatedIncomeNonControlling": 0, "calculatedEbitda": 602867000}, {"date": "2018-12-31", "symbol": "IT", "reportedCurrency": "USD", "cik": "0000749251", "fillingDate": "2019-02-22", "acceptedDate": "2019-02-22 16:31:53", "calendarYear": "2018", "period": "FY", "revenue": 3975454000, "costOfRevenue": 1468800000, "grossProfit": 2506654000, "grossProfitRatio": 0.6305327643, "researchAndDevelopmentExpenses": 1468800000, "generalAndAdministrativeExpenses": 1884141000, "sellingAndMarketingExpenses": 0, "sellingGeneralAndAdministrativeExpenses": 1884141000, "otherExpenses": 167000, "operatingExpenses": 2139742000, "costAndExpenses": 3608542000, "interestIncome": 2566000, "interestExpense": 126774000, "depreciationAndAmortization": 255601000, "ebitda": 625246000, "ebitdaratio": 0.157276628, "operatingIncome": 259715000, "operatingIncomeRatio": 0.0653296454, "totalOtherIncomeExpensesNet": -61583000, "incomeBeforeTax": 181121000, "incomeBeforeTaxRatio": 0.0455598279, "incomeTaxExpense": 58665000, "netIncome": 122456000, "netIncomeRatio": 0.0308030227, "eps": 1.35, "epsdiluted": 1.33, "weightedAverageShsOut": 90827000, "weightedAverageShsOutDil": 92122000, "link": "https://www.sec.gov/Archives/edgar/data/749251/000074925119000005/0000749251-19-000005-index.htm", "finalLink": "https://www.sec.gov/Archives/edgar/data/749251/000074925119000005/it-12312018x10k.htm", "calculatedOtherExpenses": -1106002000, "calculatedOperatingExpenses": 2246939000, "calculatedNetInterest": -124208000, "calculatedOtherIncome": 45614000, "calculatedIncomeNonControlling": 0, "calculatedEbitda": 515316000}, {"date": "2017-12-31", "symbol": "IT", "reportedCurrency": "USD", "cik": "0000749251", "fillingDate": "2018-02-22", "acceptedDate": "2018-02-22 16:07:49", "calendarYear": "2017", "period": "FY", "revenue": 3311494000, "costOfRevenue": 1320198000, "grossProfit": 1991296000, "grossProfitRatio": 0.6013285846, "researchAndDevelopmentExpenses": 1320198000, "generalAndAdministrativeExpenses": 1599004000, "sellingAndMarketingExpenses": 0, "sellingGeneralAndAdministrativeExpenses": 1599004000, "otherExpenses": 3448000, "operatingExpenses": 1839175000, "costAndExpenses": 3159373000, "interestIncome": 3011000, "interestExpense": 124936000, "depreciationAndAmortization": 240171000, "ebitda": 395740000, "ebitdaratio": 0.1195049727, "operatingIncome": -6329000, "operatingIncomeRatio": -0.0019112219, "totalOtherIncomeExpensesNet": -155002000, "incomeBeforeTax": -127817000, "incomeBeforeTaxRatio": -0.0385979863, "incomeTaxExpense": -131096000, "netIncome": 3279000, "netIncomeRatio": 0.0009901875, "eps": 0.04, "epsdiluted": 0.04, "weightedAverageShsOut": 88466000, "weightedAverageShsOutDil": 89790000, "link": "https://www.sec.gov/Archives/edgar/data/749251/000074925118000004/0000749251-18-000004-index.htm", "finalLink": "https://www.sec.gov/Archives/edgar/data/749251/000074925118000004/it-12312017x10k.htm", "calculatedOtherExpenses": -921577000, "calculatedOperatingExpenses": 1997625000, "calculatedNetInterest": -121925000, "calculatedOtherIncome": 437000, "calculatedIncomeNonControlling": 0, "calculatedEbitda": 233842000}, {"date": "2016-12-31", "symbol": "IT", "reportedCurrency": "USD", "cik": "0000749251", "fillingDate": "2017-02-22", "acceptedDate": "2017-02-22 16:10:20", "calendarYear": "2016", "period": "FY", "revenue": 2444540000, "costOfRevenue": 945648000, "grossProfit": 1498892000, "grossProfitRatio": 0.613159122, "researchAndDevelopmentExpenses": 945648000, "generalAndAdministrativeExpenses": 1089184000, "sellingAndMarketingExpenses": 0, "sellingGeneralAndAdministrativeExpenses": 1089184000, "otherExpenses": 8406000, "operatingExpenses": 1151153000, "costAndExpenses": 2096801000, "interestIncome": 2449000, "interestExpense": 25116000, "depreciationAndAmortization": 61969000, "ebitda": 418114000, "ebitdaratio": 0.1710399503, "operatingIncome": 305141000, "operatingIncomeRatio": 0.1248255295, "totalOtherIncomeExpensesNet": -34192000, "incomeBeforeTax": 288431000, "incomeBeforeTaxRatio": 0.1179898877, "incomeTaxExpense": 94849000, "netIncome": 193582000, "netIncomeRatio": 0.0791895408, "eps": 2.34, "epsdiluted": 2.31, "weightedAverageShsOut": 82571000, "weightedAverageShsOutDil": 83820000, "link": "https://www.sec.gov/Archives/edgar/data/749251/000074925117000005/0000749251-17-000005-index.htm", "finalLink": "https://www.sec.gov/Archives/edgar/data/749251/000074925117000005/it-12312016x10k.htm", "calculatedOtherExpenses": -841081000, "calculatedOperatingExpenses": 1193751000, "calculatedNetInterest": -22667000, "calculatedOtherIncome": 5957000, "calculatedIncomeNonControlling": 0, "calculatedEbitda": 367110000}, {"date": "2015-12-31", "symbol": "IT", "reportedCurrency": "USD", "cik": "0000749251", "fillingDate": "2016-02-24", "acceptedDate": "2016-02-24 16:23:37", "calendarYear": "2015", "period": "FY", "revenue": 2163056000, "costOfRevenue": 839076000, "grossProfit": 1323980000, "grossProfitRatio": 0.6120877129, "researchAndDevelopmentExpenses": 839076000, "generalAndAdministrativeExpenses": 0, "sellingAndMarketingExpenses": 0, "sellingGeneralAndAdministrativeExpenses": 962677000, "otherExpenses": 4996000, "operatingExpenses": 1009808000, "costAndExpenses": 1848884000, "interestIncome": 1766000, "interestExpense": 20782000, "depreciationAndAmortization": 47131000, "ebitda": 366299000, "ebitdaratio": 0.169343281, "operatingIncome": 287997000, "operatingIncomeRatio": 0.1331435709, "totalOtherIncomeExpensesNet": -21179000, "incomeBeforeTax": 272211000, "incomeBeforeTaxRatio": 0.1258455629, "incomeTaxExpense": 96576000, "netIncome": 175635000, "netIncomeRatio": 0.0811976204, "eps": 2.09, "epsdiluted": 2.06, "weightedAverageShsOut": 83852000, "weightedAverageShsOutDil": 85056000, "link": "https://www.sec.gov/Archives/edgar/data/749251/000074925116000034/0000749251-16-000034-index.htm", "finalLink": "https://www.sec.gov/Archives/edgar/data/749251/000074925116000034/it-12312015x10k.htm", "calculatedOtherExpenses": -765770000, "calculatedOperatingExpenses": 1035983000, "calculatedNetInterest": -19016000, "calculatedOtherIncome": 3230000, "calculatedIncomeNonControlling": 0, "calculatedEbitda": 335128000}, {"date": "2014-12-31", "symbol": "IT", "reportedCurrency": "USD", "cik": "0000749251", "fillingDate": "2015-02-27", "acceptedDate": "2015-02-27 16:06:39", "calendarYear": "2014", "period": "FY", "revenue": 2021441000, "costOfRevenue": 797933000, "grossProfit": 1223508000, "grossProfitRatio": 0.6052652538, "researchAndDevelopmentExpenses": 797933000, "generalAndAdministrativeExpenses": 0, "sellingAndMarketingExpenses": 0, "sellingGeneralAndAdministrativeExpenses": 876067000, "otherExpenses": -592000, "operatingExpenses": 915479000, "costAndExpenses": 1713412000, "interestIncome": 1413000, "interestExpense": 10887000, "depreciationAndAmortization": 39412000, "ebitda": 346849000, "ebitdaratio": 0.1715850228, "operatingIncome": 286162000, "operatingIncomeRatio": 0.1415633699, "totalOtherIncomeExpensesNet": -22459000, "incomeBeforeTax": 274683000, "incomeBeforeTaxRatio": 0.1358847476, "incomeTaxExpense": 90917000, "netIncome": 183766000, "netIncomeRatio": 0.0909084163, "eps": 2.06, "epsdiluted": 2.03, "weightedAverageShsOut": 89337000, "weightedAverageShsOutDil": 90719000, "link": "https://www.sec.gov/Archives/edgar/data/749251/000074925115000009/0000749251-15-000009-index.htm", "finalLink": "https://www.sec.gov/Archives/edgar/data/749251/000074925115000009/it-12312014x10k.htm", "calculatedOtherExpenses": -736654000, "calculatedOperatingExpenses": 937346000, "calculatedNetInterest": -9474000, "calculatedOtherIncome": -2005000, "calculatedIncomeNonControlling": 0, "calculatedEbitda": 325574000}, {"date": "2013-12-31", "symbol": "IT", "reportedCurrency": "USD", "cik": "0000749251", "fillingDate": "2014-02-26", "acceptedDate": "2014-02-26 16:15:58", "calendarYear": "2013", "period": "FY", "revenue": 1784213000, "costOfRevenue": 713484000, "grossProfit": 1070729000, "grossProfitRatio": 0.6001127668, "researchAndDevelopmentExpenses": 713484000, "generalAndAdministrativeExpenses": 760458000, "sellingAndMarketingExpenses": 0, "sellingGeneralAndAdministrativeExpenses": 760458000, "otherExpenses": -216000, "operatingExpenses": 794900000, "costAndExpenses": 1508384000, "interestIncome": 1551000, "interestExpense": 8837000, "depreciationAndAmortization": 34442000, "ebitda": 310055000, "ebitdaratio": 0.1737768977, "operatingIncome": 275492000, "operatingIncomeRatio": 0.1544053317, "totalOtherIncomeExpensesNet": -553000, "incomeBeforeTax": 266439000, "incomeBeforeTaxRatio": 0.1493313859, "incomeTaxExpense": 83638000, "netIncome": 182801000, "netIncomeRatio": 0.1024546957, "eps": 1.97, "epsdiluted": 1.93, "weightedAverageShsOut": 93015000, "weightedAverageShsOutDil": 94830000, "link": "https://www.sec.gov/Archives/edgar/data/749251/000074925114000007/0000749251-14-000007-index.htm", "finalLink": "https://www.sec.gov/Archives/edgar/data/749251/000074925114000007/it-12312013x10k.htm", "calculatedOtherExpenses": -678705000, "calculatedOperatingExpenses": 795237000, "calculatedNetInterest": -7286000, "calculatedOtherIncome": -1767000, "calculatedIncomeNonControlling": 0, "calculatedEbitda": 309934000}, {"date": "2012-12-31", "symbol": "IT", "reportedCurrency": "USD", "cik": "0000749251", "fillingDate": "2013-02-22", "acceptedDate": "2013-02-22 06:04:18", "calendarYear": "2012", "period": "FY", "revenue": 1615808000, "costOfRevenue": 659067000, "grossProfit": 956741000, "grossProfitRatio": 0.5921130481, "researchAndDevelopmentExpenses": 659067000, "generalAndAdministrativeExpenses": 678843000, "sellingAndMarketingExpenses": 0, "sellingGeneralAndAdministrativeExpenses": 678843000, "otherExpenses": -1252000, "operatingExpenses": 708614000, "costAndExpenses": 1367681000, "interestIncome": 1046000, "interestExpense": 8859000, "depreciationAndAmortization": 29771000, "ebitda": 276646000, "ebitdaratio": 0.1712121737, "operatingIncome": 245707000, "operatingIncomeRatio": 0.152064478, "totalOtherIncomeExpensesNet": -3672000, "incomeBeforeTax": 235596000, "incomeBeforeTaxRatio": 0.1458069276, "incomeTaxExpense": 69693000, "netIncome": 165903000, "netIncomeRatio": 0.1026749465, "eps": 1.78, "epsdiluted": 1.73, "weightedAverageShsOut": 93444000, "weightedAverageShsOutDil": 95842000, "link": "https://www.sec.gov/Archives/edgar/data/749251/000093041313001003/0000930413-13-001003-index.htm", "finalLink": "https://www.sec.gov/Archives/edgar/data/749251/000093041313001003/c72276_10k.htm", "calculatedOtherExpenses": -626876000, "calculatedOperatingExpenses": 711034000, "calculatedNetInterest": -7813000, "calculatedOtherIncome": -2298000, "calculatedIncomeNonControlling": 0, "calculatedEbitda": 275478000}, {"date": "2011-12-31", "symbol": "IT", "reportedCurrency": "USD", "cik": "0000749251", "fillingDate": "2012-02-23", "acceptedDate": "2012-02-23 16:24:35", "calendarYear": "2011", "period": "FY", "revenue": 1468588000, "costOfRevenue": 608755000, "grossProfit": 859833000, "grossProfitRatio": 0.5854827903, "researchAndDevelopmentExpenses": 608755000, "generalAndAdministrativeExpenses": 613707000, "sellingAndMarketingExpenses": 0, "sellingGeneralAndAdministrativeExpenses": 613707000, "otherExpenses": 32064000, "operatingExpenses": 645771000, "costAndExpenses": 1254526000, "interestIncome": 1249000, "interestExpense": 11216000, "depreciationAndAmortization": 32064000, "ebitda": 248037000, "ebitdaratio": 0.1688948841, "operatingIncome": 214062000, "operatingIncomeRatio": 0.1457604175, "totalOtherIncomeExpensesNet": -1911000, "incomeBeforeTax": 202184000, "incomeBeforeTaxRatio": 0.1376723765, "incomeTaxExpense": 65282000, "netIncome": 136902000, "netIncomeRatio": 0.0932201543, "eps": 1.43, "epsdiluted": 1.39, "weightedAverageShsOut": 96019000, "weightedAverageShsOutDil": 98846000, "link": "https://www.sec.gov/Archives/edgar/data/749251/000093041312001031/0000930413-12-001031-index.htm", "finalLink": "https://www.sec.gov/Archives/edgar/data/749251/000093041312001031/c67980_10-k.htm", "calculatedOtherExpenses": -576691000, "calculatedOperatingExpenses": 645771000, "calculatedNetInterest": -9967000, "calculatedOtherIncome": -1911000, "calculatedIncomeNonControlling": 0, "calculatedEbitda": 246126000}, {"date": "2010-12-31", "symbol": "IT", "reportedCurrency": "USD", "cik": "0000749251", "fillingDate": "2011-02-15", "acceptedDate": "2011-02-15 17:16:56", "calendarYear": "2010", "period": "FY", "revenue": 1288454000, "costOfRevenue": 552238000, "grossProfit": 736216000, "grossProfitRatio": 0.5713948655, "researchAndDevelopmentExpenses": 552238000, "generalAndAdministrativeExpenses": 543174000, "sellingAndMarketingExpenses": 0, "sellingGeneralAndAdministrativeExpenses": 543174000, "otherExpenses": 35874000, "operatingExpenses": 579048000, "costAndExpenses": 1131286000, "interestIncome": 1156000, "interestExpense": 16772000, "depreciationAndAmortization": 35874000, "ebitda": 200509000, "ebitdaratio": 0.1556198359, "operatingIncome": 149265000, "operatingIncomeRatio": 0.1158481405, "totalOtherIncomeExpensesNet": -7467000, "incomeBeforeTax": 134085000, "incomeBeforeTaxRatio": 0.104066579, "incomeTaxExpense": 37800000, "netIncome": 96285000, "netIncomeRatio": 0.0747290939, "eps": 1.01, "epsdiluted": 0.96, "weightedAverageShsOut": 95747000, "weightedAverageShsOutDil": 99834000, "link": "https://www.sec.gov/Archives/edgar/data/749251/000095012311014318/0000950123-11-014318-index.htm", "finalLink": "https://www.sec.gov/Archives/edgar/data/749251/000095012311014318/y88686e10vk.htm", "calculatedOtherExpenses": -508461000, "calculatedOperatingExpenses": 586951000, "calculatedNetInterest": -15616000, "calculatedOtherIncome": 436000, "calculatedIncomeNonControlling": 0, "calculatedEbitda": 185139000}, {"date": "2009-12-31", "symbol": "IT", "reportedCurrency": "USD", "cik": "0000749251", "fillingDate": "2010-02-19", "acceptedDate": "2010-02-19 15:12:52", "calendarYear": "2009", "period": "FY", "revenue": 1139800000, "costOfRevenue": 498363000, "grossProfit": 641437000, "grossProfitRatio": 0.5627627654, "researchAndDevelopmentExpenses": 498363000, "generalAndAdministrativeExpenses": 477003000, "sellingAndMarketingExpenses": 0, "sellingGeneralAndAdministrativeExpenses": 477003000, "otherExpenses": 27023000, "operatingExpenses": 504026000, "costAndExpenses": 1002389000, "interestIncome": 830000, "interestExpense": 16032000, "depreciationAndAmortization": 27023000, "ebitda": 164434000, "ebitdaratio": 0.1442656606, "operatingIncome": 134477000, "operatingIncomeRatio": 0.1179829795, "totalOtherIncomeExpensesNet": -5853000, "incomeBeforeTax": 115526000, "incomeBeforeTaxRatio": 0.1013563783, "incomeTaxExpense": 32562000, "netIncome": 82964000, "netIncomeRatio": 0.0727882085, "eps": 0.88, "epsdiluted": 0.85, "weightedAverageShsOut": 94658000, "weightedAverageShsOutDil": 97549000, "link": "https://www.sec.gov/Archives/edgar/data/749251/000095012310014517/0000950123-10-014517-index.htm", "finalLink": "https://www.sec.gov/Archives/edgar/data/749251/000095012310014517/y81529e10vk.htm", "calculatedOtherExpenses": -468406000, "calculatedOperatingExpenses": 506960000, "calculatedNetInterest": -15202000, "calculatedOtherIncome": -3749000, "calculatedIncomeNonControlling": 0, "calculatedEbitda": 161500000}, {"date": "2008-12-31", "symbol": "IT", "reportedCurrency": "USD", "cik": "0000749251", "fillingDate": "2009-02-20", "acceptedDate": "2009-02-20 11:26:21", "calendarYear": "2008", "period": "FY", "revenue": 1279065000, "costOfRevenue": 554837000, "grossProfit": 724228000, "grossProfitRatio": 0.5662167286, "researchAndDevelopmentExpenses": 554837000, "generalAndAdministrativeExpenses": 532365000, "sellingAndMarketingExpenses": 0, "sellingGeneralAndAdministrativeExpenses": 532365000, "otherExpenses": 27495000, "operatingExpenses": 559860000, "costAndExpenses": 1114697000, "interestIncome": 3121000, "interestExpense": 19269000, "depreciationAndAmortization": 27495000, "ebitda": 191863000, "ebitdaratio": 0.1500025409, "operatingIncome": 164368000, "operatingIncomeRatio": 0.1285063699, "totalOtherIncomeExpensesNet": -358000, "incomeBeforeTax": 144741000, "incomeBeforeTaxRatio": 0.1131615672, "incomeTaxExpense": 47593000, "netIncome": 103871000, "netIncomeRatio": 0.0812085391, "eps": 1.09, "epsdiluted": 1.05, "weightedAverageShsOut": 95246000, "weightedAverageShsOutDil": 99028000, "link": "https://www.sec.gov/Archives/edgar/data/749251/000095012309003157/0000950123-09-003157-index.htm", "finalLink": "https://www.sec.gov/Archives/edgar/data/749251/000095012309003157/y74719e10vk.htm", "calculatedOtherExpenses": -527342000, "calculatedOperatingExpenses": 559860000, "calculatedNetInterest": -16148000, "calculatedOtherIncome": -3479000, "calculatedIncomeNonControlling": -6723000, "calculatedEbitda": 191863000}, {"date": "2007-12-31", "symbol": "IT", "reportedCurrency": "USD", "cik": "0000749251", "fillingDate": "2008-02-28", "acceptedDate": "2008-02-28 15:28:55", "calendarYear": "2007", "period": "FY", "revenue": 1189198000, "costOfRevenue": 545275000, "grossProfit": 643923000, "grossProfitRatio": 0.5414766927, "researchAndDevelopmentExpenses": 545275000, "generalAndAdministrativeExpenses": 475328000, "sellingAndMarketingExpenses": 0, "sellingGeneralAndAdministrativeExpenses": 475328000, "otherExpenses": 35473000, "operatingExpenses": 510801000, "costAndExpenses": 1056076000, "interestIncome": 2912000, "interestExpense": 18961000, "depreciationAndAmortization": 27752000, "ebitda": 166765000, "ebitdaratio": 0.1402331655, "operatingIncome": 133122000, "operatingIncomeRatio": 0.1119426706, "totalOtherIncomeExpensesNet": -5891000, "incomeBeforeTax": 114161000, "incomeBeforeTaxRatio": 0.0959983115, "incomeTaxExpense": 40608000, "netIncome": 73553000, "netIncomeRatio": 0.0618509281, "eps": 0.71, "epsdiluted": 0.68, "weightedAverageShsOut": 103613000, "weightedAverageShsOutDil": 108328000, "link": "https://www.sec.gov/Archives/edgar/data/749251/000095012308002262/0000950123-08-002262-index.htm", "finalLink": "https://www.sec.gov/Archives/edgar/data/749251/000095012308002262/y46746e10vk.htm", "calculatedOtherExpenses": -509802000, "calculatedOperatingExpenses": 510801000, "calculatedNetInterest": -16049000, "calculatedOtherIncome": -2912000, "calculatedIncomeNonControlling": 0, "calculatedEbitda": 160874000}, {"date": "2006-12-31", "symbol": "IT", "reportedCurrency": "USD", "cik": "0000749251", "fillingDate": "2007-03-01", "acceptedDate": "2007-03-01 15:46:17", "calendarYear": "2006", "period": "FY", "revenue": 1060321000, "costOfRevenue": 505330000, "grossProfit": 554991000, "grossProfitRatio": 0.5234179084, "researchAndDevelopmentExpenses": 505330000, "generalAndAdministrativeExpenses": 416094000, "sellingAndMarketingExpenses": 0, "sellingGeneralAndAdministrativeExpenses": 416094000, "otherExpenses": 35647000, "operatingExpenses": 451741000, "costAndExpenses": 957071000, "interestIncome": 2517000, "interestExpense": 17378000, "depreciationAndAmortization": 35824000, "ebitda": 141321000, "ebitdaratio": 0.1332813365, "operatingIncome": 103250000, "operatingIncomeRatio": 0.0973761719, "totalOtherIncomeExpensesNet": -2247000, "incomeBeforeTax": 85872000, "incomeBeforeTaxRatio": 0.0809867955, "incomeTaxExpense": 27680000, "netIncome": 58192000, "netIncomeRatio": 0.0548814934, "eps": 0.51, "epsdiluted": 0.5, "weightedAverageShsOut": 113071000, "weightedAverageShsOutDil": 116203000, "link": "https://www.sec.gov/Archives/edgar/data/749251/000095012307003019/0000950123-07-003019-index.htm", "finalLink": "https://www.sec.gov/Archives/edgar/data/749251/000095012307003019/y30787e10vk.htm", "calculatedOtherExpenses": -469683000, "calculatedOperatingExpenses": 451741000, "calculatedNetInterest": -14861000, "calculatedOtherIncome": -2517000, "calculatedIncomeNonControlling": 0, "calculatedEbitda": 139074000}, {"date": "2005-12-31", "symbol": "IT", "reportedCurrency": "USD", "cik": "0000749251", "fillingDate": "2006-03-13", "acceptedDate": "2006-03-13 14:20:30", "calendarYear": "2005", "period": "FY", "revenue": 989004000, "costOfRevenue": 486611000, "grossProfit": 502393000, "grossProfitRatio": 0.5079787342, "researchAndDevelopmentExpenses": 486611000, "generalAndAdministrativeExpenses": 397252000, "sellingAndMarketingExpenses": 0, "sellingGeneralAndAdministrativeExpenses": 397252000, "otherExpenses": 79861000, "operatingExpenses": 477113000, "costAndExpenses": 963724000, "interestIncome": 2142000, "interestExpense": 19842000, "depreciationAndAmortization": 37152000, "ebitda": 115335000, "ebitdaratio": 0.1166173241, "operatingIncome": 25280000, "operatingIncomeRatio": 0.0255610695, "totalOtherIncomeExpensesNet": -52903000, "incomeBeforeTax": 5438000, "incomeBeforeTaxRatio": 0.0054984611, "incomeTaxExpense": 7875000, "netIncome": -2437000, "netIncomeRatio": -0.0024640952, "eps": -0.0217, "epsdiluted": -0.0217, "weightedAverageShsOut": 112253000, "weightedAverageShsOutDil": 112253000, "link": "https://www.sec.gov/Archives/edgar/data/749251/000095012306003019/0000950123-06-003019-index.htm", "finalLink": "https://www.sec.gov/Archives/edgar/data/749251/000095012306003019/y18453e10vk.htm", "calculatedOtherExpenses": -406750000, "calculatedOperatingExpenses": 477113000, "calculatedNetInterest": -17700000, "calculatedOtherIncome": -2142000, "calculatedIncomeNonControlling": 0, "calculatedEbitda": 62432000}, {"date": "2004-12-31", "symbol": "IT", "reportedCurrency": "USD", "cik": "0000749251", "fillingDate": "2005-03-16", "acceptedDate": "2005-03-16 16:39:36", "calendarYear": "2004", "period": "FY", "revenue": 893821000, "costOfRevenue": 434499000, "grossProfit": 459322000, "grossProfitRatio": 0.5138858899, "researchAndDevelopmentExpenses": 434499000, "generalAndAdministrativeExpenses": 388326000, "sellingAndMarketingExpenses": 0, "sellingGeneralAndAdministrativeExpenses": 388326000, "otherExpenses": 28337000, "operatingExpenses": 416663000, "costAndExpenses": 851162000, "interestIncome": 3063000, "interestExpense": 8197000, "depreciationAndAmortization": 28337000, "ebitda": 77876000, "ebitdaratio": 0.0871270646, "operatingIncome": 42659000, "operatingIncomeRatio": 0.0477265582, "totalOtherIncomeExpensesNet": -6880000, "incomeBeforeTax": 34462000, "incomeBeforeTaxRatio": 0.0385558182, "incomeTaxExpense": 17573000, "netIncome": 16889000, "netIncomeRatio": 0.0188952822, "eps": 0.14, "epsdiluted": 0.13, "weightedAverageShsOut": 123603000, "weightedAverageShsOutDil": 126326000, "link": "https://www.sec.gov/Archives/edgar/data/749251/000095012305003248/0000950123-05-003248-index.htm", "finalLink": "https://www.sec.gov/Archives/edgar/data/749251/000095012305003248/y06583e10vk.htm", "calculatedOtherExpenses": -406162000, "calculatedOperatingExpenses": 416663000, "calculatedNetInterest": -5134000, "calculatedOtherIncome": -3063000, "calculatedIncomeNonControlling": 0, "calculatedEbitda": 70996000}, {"date": "2003-12-31", "symbol": "IT", "reportedCurrency": "USD", "cik": "0000749251", "fillingDate": "2004-03-12", "acceptedDate": "2004-03-12 16:23:50", "calendarYear": "2003", "period": "FY", "revenue": 858446000, "costOfRevenue": 410666000, "grossProfit": 447780000, "grossProfitRatio": 0.5216169683, "researchAndDevelopmentExpenses": 0, "generalAndAdministrativeExpenses": 0, "sellingAndMarketingExpenses": 0, "sellingGeneralAndAdministrativeExpenses": 333283000, "otherExpenses": 67036000, "operatingExpenses": 400319000, "costAndExpenses": 810985000, "interestIncome": 0, "interestExpense": 11905000, "depreciationAndAmortization": 37320000, "ebitda": 109296000, "ebitdaratio": 0.1273184335, "operatingIncome": 47461000, "operatingIncomeRatio": 0.0552871118, "totalOtherIncomeExpensesNet": -24515000, "incomeBeforeTax": 35556000, "incomeBeforeTaxRatio": 0.0414190293, "incomeTaxExpense": 11863000, "netIncome": 23693000, "netIncomeRatio": 0.0275998723, "eps": 0.26, "epsdiluted": 0.25, "weightedAverageShsOut": 91123000, "weightedAverageShsOutDil": 92579000, "link": "https://www.sec.gov/Archives/edgar/data/749251/000114544304000310/0001145443-04-000310-index.htm", "finalLink": "https://www.sec.gov/Archives/edgar/data/749251/000114544304000310/d13921.txt", "calculatedOtherExpenses": 67036000, "calculatedOperatingExpenses": 400319000, "calculatedNetInterest": -11905000, "calculatedOtherIncome": 0, "calculatedIncomeNonControlling": 0, "calculatedEbitda": 84781000}, {"date": "2002-09-30", "symbol": "IT", "reportedCurrency": "USD", "cik": "0000749251", "fillingDate": "2002-12-27", "acceptedDate": "2002-12-27 10:58:22", "calendarYear": "2002", "period": "FY", "revenue": 907174000, "costOfRevenue": 403718000, "grossProfit": 503456000, "grossProfitRatio": 0.5549718136, "researchAndDevelopmentExpenses": 0, "generalAndAdministrativeExpenses": 0, "sellingAndMarketingExpenses": 0, "sellingGeneralAndAdministrativeExpenses": 345382000, "otherExpenses": 61699000, "operatingExpenses": 407081000, "costAndExpenses": 810799000, "interestIncome": 0, "interestExpense": 22772000, "depreciationAndAmortization": 44453000, "ebitda": 159822000, "ebitdaratio": 0.176175684, "operatingIncome": 96375000, "operatingIncomeRatio": 0.1062365103, "totalOtherIncomeExpensesNet": -18994000, "incomeBeforeTax": 73603000, "incomeBeforeTaxRatio": 0.08113438, "incomeTaxExpense": 25025000, "netIncome": 48578000, "netIncomeRatio": 0.0535487128, "eps": 0.58, "epsdiluted": 0.46, "weightedAverageShsOut": 83586000, "weightedAverageShsOutDil": 130882000, "link": "https://www.sec.gov/Archives/edgar/data/749251/000095012302012279/0000950123-02-012279-index.htm", "finalLink": "https://www.sec.gov/Archives/edgar/data/749251/000095012302012279/y67368e10vk.txt", "calculatedOtherExpenses": 61699000, "calculatedOperatingExpenses": 407081000, "calculatedNetInterest": -22772000, "calculatedOtherIncome": 0, "calculatedIncomeNonControlling": 0, "calculatedEbitda": 140828000}, {"date": "2001-09-30", "symbol": "IT", "reportedCurrency": "USD", "cik": "0000749251", "fillingDate": "2001-12-28", "acceptedDate": "2001-12-28 00:00:00", "calendarYear": "2001", "period": "FY", "revenue": 952042000, "costOfRevenue": 439629000, "grossProfit": 512413000, "grossProfitRatio": 0.5382252044, "researchAndDevelopmentExpenses": 0, "generalAndAdministrativeExpenses": 370096000, "sellingAndMarketingExpenses": 0, "sellingGeneralAndAdministrativeExpenses": 370096000, "otherExpenses": 99803000, "operatingExpenses": 469899000, "costAndExpenses": 909528000, "interestIncome": 0, "interestExpense": 51906000, "depreciationAndAmortization": 53240000, "ebitda": 173448000, "ebitdaratio": 0.1821852397, "operatingIncome": 42514000, "operatingIncomeRatio": 0.0446555929, "totalOtherIncomeExpensesNet": -77694000, "incomeBeforeTax": -9392000, "incomeBeforeTaxRatio": -0.009865111, "incomeTaxExpense": -9172000, "netIncome": -66203000, "netIncomeRatio": -0.0695378985, "eps": -0.77, "epsdiluted": -0.77, "weightedAverageShsOut": 85862000, "weightedAverageShsOutDil": 85862000, "link": "https://www.sec.gov/Archives/edgar/data/749251/000095012301509621/0000950123-01-509621-index.htm", "finalLink": "https://www.sec.gov/Archives/edgar/data/749251/000095012301509621/y56014e10-k.txt", "calculatedOtherExpenses": 99803000, "calculatedOperatingExpenses": 469899000, "calculatedNetInterest": -51906000, "calculatedOtherIncome": 0, "calculatedIncomeNonControlling": 65983000, "calculatedEbitda": 95754000}, {"date": "2000-09-30", "symbol": "IT", "reportedCurrency": "USD", "cik": "0000749251", "fillingDate": "2000-12-29", "acceptedDate": "2000-12-29 00:00:00", "calendarYear": "2000", "period": "FY", "revenue": 858671000, "costOfRevenue": 389253000, "grossProfit": 469418000, "grossProfitRatio": 0.5466796946, "researchAndDevelopmentExpenses": 0, "generalAndAdministrativeExpenses": 338031000, "sellingAndMarketingExpenses": 0, "sellingGeneralAndAdministrativeExpenses": 338031000, "otherExpenses": 65676000, "operatingExpenses": 403707000, "costAndExpenses": 792960000, "interestIncome": 0, "interestExpense": 11339000, "depreciationAndAmortization": 65676000, "ebitda": 119258000, "ebitdaratio": 0.1388867215, "operatingIncome": 65711000, "operatingIncomeRatio": 0.0765263995, "totalOtherIncomeExpensesNet": 12129000, "incomeBeforeTax": 56101000, "incomeBeforeTaxRatio": 0.0653346858, "incomeTaxExpense": 28826000, "netIncome": 25546000, "netIncomeRatio": 0.0297506263, "eps": 0.3, "epsdiluted": 0.3, "weightedAverageShsOut": 86564000, "weightedAverageShsOutDil": 97889000, "link": "https://www.sec.gov/Archives/edgar/data/749251/000095012300011900/0000950123-00-011900-index.htm", "finalLink": "https://www.sec.gov/Archives/edgar/data/749251/000095012300011900/y43399e10-k.txt", "calculatedOtherExpenses": 65676000, "calculatedOperatingExpenses": 403707000, "calculatedNetInterest": -11339000, "calculatedOtherIncome": 1729000, "calculatedIncomeNonControlling": 1729000, "calculatedEbitda": 131387000}, {"date": "1999-09-30", "symbol": "IT", "reportedCurrency": "USD", "cik": "0000749251", "fillingDate": "1999-12-22", "acceptedDate": "1999-12-22 00:00:00", "calendarYear": "1999", "period": "FY", "revenue": 734200000, "costOfRevenue": 289100000, "grossProfit": 445100000, "grossProfitRatio": 0.6062380823, "researchAndDevelopmentExpenses": 0, "generalAndAdministrativeExpenses": 252400000, "sellingAndMarketingExpenses": 0, "sellingGeneralAndAdministrativeExpenses": 252400000, "otherExpenses": 31600000, "operatingExpenses": 284000000, "costAndExpenses": 573100000, "interestIncome": 0, "interestExpense": 21800000, "depreciationAndAmortization": 31600000, "ebitda": 222800000, "ebitdaratio": 0.3034595478, "operatingIncome": 161100000, "operatingIncomeRatio": 0.2194225007, "totalOtherIncomeExpensesNet": -30100000, "incomeBeforeTax": 139300000, "incomeBeforeTaxRatio": 0.1897303187, "incomeTaxExpense": 51000000, "netIncome": 88300000, "netIncomeRatio": 0.1202669572, "eps": 0.86, "epsdiluted": 0.84, "weightedAverageShsOut": 102226000, "weightedAverageShsOutDil": 104948000, "link": "https://www.sec.gov/Archives/edgar/data/749251/000095014699001839/0000950146-99-001839-index.html", "finalLink": "https://www.sec.gov/Archives/edgar/data/749251/000095014699001839/", "calculatedOtherExpenses": 31600000, "calculatedOperatingExpenses": 284000000, "calculatedNetInterest": -21800000, "calculatedOtherIncome": 0, "calculatedIncomeNonControlling": 0, "calculatedEbitda": 192700000}, {"date": "1998-09-30", "symbol": "IT", "reportedCurrency": "USD", "cik": "0000749251", "fillingDate": "1998-12-24", "acceptedDate": "1998-12-24 00:00:00", "calendarYear": "1998", "period": "FY", "revenue": 642000000, "costOfRevenue": 247900000, "grossProfit": 394100000, "grossProfitRatio": 0.6138629283, "researchAndDevelopmentExpenses": 0, "generalAndAdministrativeExpenses": 215900000, "sellingAndMarketingExpenses": 0, "sellingGeneralAndAdministrativeExpenses": 215900000, "otherExpenses": 27300000, "operatingExpenses": 243200000, "costAndExpenses": 491100000, "interestIncome": 0, "interestExpense": -200000, "depreciationAndAmortization": 27300000, "ebitda": 177900000, "ebitdaratio": 0.2771028037, "operatingIncome": 150900000, "operatingIncomeRatio": 0.235046729, "totalOtherIncomeExpensesNet": 300000, "incomeBeforeTax": 151100000, "incomeBeforeTaxRatio": 0.2353582555, "incomeTaxExpense": 62800000, "netIncome": 88300000, "netIncomeRatio": 0.1375389408, "eps": 0.88, "epsdiluted": 0.84, "weightedAverageShsOut": 100340909, "weightedAverageShsOutDil": 105119048, "link": "https://www.sec.gov/Archives/edgar/data/749251/000095014698002141/0000950146-98-002141-index.html", "finalLink": "https://www.sec.gov/Archives/edgar/data/749251/", "calculatedOtherExpenses": 27300000, "calculatedOperatingExpenses": 243200000, "calculatedNetInterest": 200000, "calculatedOtherIncome": 0, "calculatedIncomeNonControlling": 0, "calculatedEbitda": 178200000}, {"date": "1997-09-30", "symbol": "IT", "reportedCurrency": "USD", "cik": "0000749251", "fillingDate": "1997-12-12", "acceptedDate": "1997-12-12 00:00:00", "calendarYear": "1997", "period": "FY", "revenue": 511200000, "costOfRevenue": 202800000, "grossProfit": 308400000, "grossProfitRatio": 0.603286385, "researchAndDevelopmentExpenses": 0, "generalAndAdministrativeExpenses": 173600000, "sellingAndMarketingExpenses": 0, "sellingGeneralAndAdministrativeExpenses": 173600000, "otherExpenses": 18200000, "operatingExpenses": 191800000, "costAndExpenses": 394600000, "interestIncome": 0, "interestExpense": -7200000, "depreciationAndAmortization": 18200000, "ebitda": 127500000, "ebitdaratio": 0.2494131455, "operatingIncome": 116600000, "operatingIncomeRatio": 0.2280907668, "totalOtherIncomeExpensesNet": 7300000, "incomeBeforeTax": 123800000, "incomeBeforeTaxRatio": 0.2421752739, "incomeTaxExpense": 50700000, "netIncome": 73100000, "netIncomeRatio": 0.1429968701, "eps": 0.77, "epsdiluted": 0.71, "weightedAverageShsOut": 94935065, "weightedAverageShsOutDil": 102957746, "link": "https://www.sec.gov/Archives/edgar/data/749251/000095012397010331/0000950123-97-010331-index.html", "finalLink": "https://www.sec.gov/Archives/edgar/data/749251/", "calculatedOtherExpenses": 18200000, "calculatedOperatingExpenses": 191800000, "calculatedNetInterest": 7200000, "calculatedOtherIncome": 0, "calculatedIncomeNonControlling": 0, "calculatedEbitda": 134800000}, {"date": "1996-09-30", "symbol": "IT", "reportedCurrency": "USD", "cik": "0000749251", "fillingDate": "1996-12-17", "acceptedDate": "1996-12-17 00:00:00", "calendarYear": "1996", "period": "FY", "revenue": 394700000, "costOfRevenue": 153000000, "grossProfit": 241700000, "grossProfitRatio": 0.6123638206, "researchAndDevelopmentExpenses": 0, "generalAndAdministrativeExpenses": 144500000, "sellingAndMarketingExpenses": 0, "sellingGeneralAndAdministrativeExpenses": 144500000, "otherExpenses": 12900000, "operatingExpenses": 157400000, "costAndExpenses": 310400000, "interestIncome": 0, "interestExpense": 31200000, "depreciationAndAmortization": 12900000, "ebitda": 128400000, "ebitdaratio": 0.3253103623, "operatingIncome": 84300000, "operatingIncomeRatio": 0.2135799341, "totalOtherIncomeExpensesNet": -31200000, "incomeBeforeTax": 53100000, "incomeBeforeTaxRatio": 0.1345325564, "incomeTaxExpense": 36700000, "netIncome": 16400000, "netIncomeRatio": 0.0415505447, "eps": 0.18, "epsdiluted": 0.17, "weightedAverageShsOut": 91111111, "weightedAverageShsOutDil": 96470588, "link": "https://www.sec.gov/Archives/edgar/data/749251/000095012396007400/0000950123-96-007400-index.html", "finalLink": "https://www.sec.gov/Archives/edgar/data/749251/", "calculatedOtherExpenses": 12900000, "calculatedOperatingExpenses": 157400000, "calculatedNetInterest": -31200000, "calculatedOtherIncome": 0, "calculatedIncomeNonControlling": 0, "calculatedEbitda": 97200000}, {"date": "1995-09-30", "symbol": "IT", "reportedCurrency": "USD", "cik": "0000749251", "fillingDate": "1995-09-30", "acceptedDate": "1995-09-30 00:00:00", "calendarYear": "1995", "period": "FY", "revenue": 229200000, "costOfRevenue": 79200000, "grossProfit": 150000000, "grossProfitRatio": 0.6544502618, "researchAndDevelopmentExpenses": 0, "generalAndAdministrativeExpenses": 0, "sellingAndMarketingExpenses": 0, "sellingGeneralAndAdministrativeExpenses": 98600000, "otherExpenses": 8100000, "operatingExpenses": 106700000, "costAndExpenses": 185900000, "interestIncome": 0, "interestExpense": -2300000, "depreciationAndAmortization": 8100000, "ebitda": 49100000, "ebitdaratio": 0.2142233857, "operatingIncome": 43300000, "operatingIncomeRatio": 0.1889179756, "totalOtherIncomeExpensesNet": 2300000, "incomeBeforeTax": 45600000, "incomeBeforeTaxRatio": 0.1989528796, "incomeTaxExpense": 20100000, "netIncome": 25500000, "netIncomeRatio": 0.1112565445, "eps": 0.14, "epsdiluted": 0.13, "weightedAverageShsOut": 85552000, "weightedAverageShsOutDil": 85552000, "link": null, "finalLink": null, "calculatedOtherExpenses": 8100000, "calculatedOperatingExpenses": 106700000, "calculatedNetInterest": 2300000, "calculatedOtherIncome": 0, "calculatedIncomeNonControlling": 0, "calculatedEbitda": 51400000}, {"date": "1994-09-30", "symbol": "IT", "reportedCurrency": "USD", "cik": "0000749251", "fillingDate": "1994-09-30", "acceptedDate": "1994-09-30 00:00:00", "calendarYear": "1994", "period": "FY", "revenue": 169000000, "costOfRevenue": 55600000, "grossProfit": 113400000, "grossProfitRatio": 0.6710059172, "researchAndDevelopmentExpenses": 0, "generalAndAdministrativeExpenses": 0, "sellingAndMarketingExpenses": 0, "sellingGeneralAndAdministrativeExpenses": 78800000, "otherExpenses": 7300000, "operatingExpenses": 86100000, "costAndExpenses": 141700000, "interestIncome": 0, "interestExpense": -100000, "depreciationAndAmortization": 7300000, "ebitda": 34400000, "ebitdaratio": 0.2035502959, "operatingIncome": 27300000, "operatingIncomeRatio": 0.1615384615, "totalOtherIncomeExpensesNet": 200000, "incomeBeforeTax": 27400000, "incomeBeforeTaxRatio": 0.1621301775, "incomeTaxExpense": 12400000, "netIncome": 15000000, "netIncomeRatio": 0.0887573964, "eps": 0.0725, "epsdiluted": 0.0625, "weightedAverageShsOut": 84936000, "weightedAverageShsOutDil": 84936000, "link": null, "finalLink": null, "calculatedOtherExpenses": 7300000, "calculatedOperatingExpenses": 86100000, "calculatedNetInterest": 100000, "calculatedOtherIncome": 0, "calculatedIncomeNonControlling": 0, "calculatedEbitda": 34600000}, {"date": "1993-09-30", "symbol": "IT", "reportedCurrency": "USD", "cik": "0000749251", "fillingDate": "1993-09-30", "acceptedDate": "1993-09-30 00:00:00", "calendarYear": "1993", "period": "FY", "revenue": 122500000, "costOfRevenue": 38600000, "grossProfit": 83900000, "grossProfitRatio": 0.6848979592, "researchAndDevelopmentExpenses": 0, "generalAndAdministrativeExpenses": 0, "sellingAndMarketingExpenses": 0, "sellingGeneralAndAdministrativeExpenses": 62800000, "otherExpenses": 6500000, "operatingExpenses": 69300000, "costAndExpenses": 107900000, "interestIncome": 0, "interestExpense": 2600000, "depreciationAndAmortization": 6500000, "ebitda": 20500000, "ebitdaratio": 0.1673469388, "operatingIncome": 14600000, "operatingIncomeRatio": 0.1191836735, "totalOtherIncomeExpensesNet": 600000, "incomeBeforeTax": 12200000, "incomeBeforeTaxRatio": 0.0995918367, "incomeTaxExpense": 5400000, "netIncome": 6000000, "netIncomeRatio": 0.0489795918, "eps": 0.015, "epsdiluted": 0.0125, "weightedAverageShsOut": 64316000, "weightedAverageShsOutDil": 64316000, "link": null, "finalLink": null, "calculatedOtherExpenses": 6500000, "calculatedOperatingExpenses": 69300000, "calculatedNetInterest": -2600000, "calculatedOtherIncome": 200000, "calculatedIncomeNonControlling": 800000, "calculatedEbitda": 21100000}]}