{"originalCurrency": "USD", "convertedCurrency": "USD", "report": [{"date": "2023-12-31", "symbol": "ITGR", "reportedCurrency": "USD", "cik": "0001114483", "fillingDate": "2024-02-20", "acceptedDate": "2024-02-20 16:13:58", "calendarYear": "2023", "period": "FY", "revenue": 1596673000, "costOfRevenue": 1178384000, "grossProfit": 418289000, "grossProfitRatio": 0.26197537, "researchAndDevelopmentExpenses": 63771000, "generalAndAdministrativeExpenses": 0, "sellingAndMarketingExpenses": 0, "sellingGeneralAndAdministrativeExpenses": 175619000, "otherExpenses": -11569000, "operatingExpenses": 250959000, "costAndExpenses": 1429343000, "interestIncome": 0, "interestExpense": 53370000, "depreciationAndAmortization": 98841000, "ebitda": 266171000, "ebitdaratio": 0.1667035141, "operatingIncome": 167330000, "operatingIncomeRatio": 0.1047991668, "totalOtherIncomeExpensesNet": -60036000, "incomeBeforeTax": 107294000, "incomeBeforeTaxRatio": 0.0671984808, "incomeTaxExpense": 16643999, "netIncome": 90650000, "netIncomeRatio": 0.0567743051, "eps": 2.72, "epsdiluted": 2.69, "weightedAverageShsOut": 33320000, "weightedAverageShsOutDil": 33758000, "link": "https://www.sec.gov/Archives/edgar/data/1114483/000111448324000034/0001114483-24-000034-index.htm", "finalLink": "https://www.sec.gov/Archives/edgar/data/1114483/000111448324000034/gb-20231231.htm", "calculatedOtherExpenses": 11569000, "calculatedOperatingExpenses": 250959000, "calculatedNetInterest": -53370000, "calculatedOtherIncome": -6666000, "calculatedIncomeNonControlling": 1, "calculatedEbitda": 266171000}, {"date": "2022-12-31", "symbol": "ITGR", "reportedCurrency": "USD", "cik": "0001114483", "fillingDate": "2023-02-21", "acceptedDate": "2023-02-21 07:54:30", "calendarYear": "2022", "period": "FY", "revenue": 1376096000, "costOfRevenue": 1017090000, "grossProfit": 359006000, "grossProfitRatio": 0.2608873218, "researchAndDevelopmentExpenses": 60918000, "generalAndAdministrativeExpenses": 0, "sellingAndMarketingExpenses": 0, "sellingGeneralAndAdministrativeExpenses": 160578000, "otherExpenses": 899000, "operatingExpenses": 221496000, "costAndExpenses": 1238586000, "interestIncome": 38632000, "interestExpense": 38632000, "depreciationAndAmortization": 101437000, "ebitda": 222764000, "ebitdaratio": 0.1618811478, "operatingIncome": 121327000, "operatingIncomeRatio": 0.0881675406, "totalOtherIncomeExpensesNet": -45369000, "incomeBeforeTax": 75958000, "incomeBeforeTaxRatio": 0.0551981838, "incomeTaxExpense": 10608000, "netIncome": 66377000, "netIncomeRatio": 0.0482357336, "eps": 1.97, "epsdiluted": 1.96, "weightedAverageShsOut": 33127000, "weightedAverageShsOutDil": 33357000, "link": "https://www.sec.gov/Archives/edgar/data/1114483/000111448323000003/0001114483-23-000003-index.htm", "finalLink": "https://www.sec.gov/Archives/edgar/data/1114483/000111448323000003/gb-20221231.htm", "calculatedOtherExpenses": 16183000, "calculatedOperatingExpenses": 237679000, "calculatedNetInterest": 0, "calculatedOtherIncome": -45369000, "calculatedIncomeNonControlling": -1027000, "calculatedEbitda": 222764000}, {"date": "2021-12-31", "symbol": "ITGR", "reportedCurrency": "USD", "cik": "0001114483", "fillingDate": "2022-02-22", "acceptedDate": "2022-02-22 07:33:51", "calendarYear": "2021", "period": "FY", "revenue": 1221079000, "costOfRevenue": 884109000, "grossProfit": 336970000, "grossProfitRatio": 0.275960851, "researchAndDevelopmentExpenses": 51985000, "generalAndAdministrativeExpenses": 0, "sellingAndMarketingExpenses": 0, "sellingGeneralAndAdministrativeExpenses": 141418000, "otherExpenses": 7856000, "operatingExpenses": 201259000, "costAndExpenses": 1085368000, "interestIncome": 31628000, "interestExpense": 31628000, "depreciationAndAmortization": 78349000, "ebitda": 214060000, "ebitdaratio": 0.175303973, "operatingIncome": 135711000, "operatingIncomeRatio": 0.1111402293, "totalOtherIncomeExpensesNet": -34648000, "incomeBeforeTax": 101063000, "incomeBeforeTaxRatio": 0.0827653248, "incomeTaxExpense": 8043000, "netIncome": 96808000, "netIncomeRatio": 0.0792807017, "eps": 2.82, "epsdiluted": 2.8, "weightedAverageShsOut": 32993000, "weightedAverageShsOutDil": 33258000, "link": "https://www.sec.gov/Archives/edgar/data/1114483/000111448322000002/0001114483-22-000002-index.htm", "finalLink": "https://www.sec.gov/Archives/edgar/data/1114483/000111448322000002/gb-20211231.htm", "calculatedOtherExpenses": 7856000, "calculatedOperatingExpenses": 201259000, "calculatedNetInterest": 0, "calculatedOtherIncome": -34648000, "calculatedIncomeNonControlling": -3788000, "calculatedEbitda": 214060000}, {"date": "2020-12-31", "symbol": "ITGR", "reportedCurrency": "USD", "cik": "0001114483", "fillingDate": "2021-02-18", "acceptedDate": "2021-02-18 16:28:59", "calendarYear": "2020", "period": "FY", "revenue": 1073442000, "costOfRevenue": 787735000, "grossProfit": 285707000, "grossProfitRatio": 0.2661596994, "researchAndDevelopmentExpenses": 48468000, "generalAndAdministrativeExpenses": 0, "sellingAndMarketingExpenses": 0, "sellingGeneralAndAdministrativeExpenses": 109006000, "otherExpenses": 7621000, "operatingExpenses": 165095000, "costAndExpenses": 952830000, "interestIncome": 38220000, "interestExpense": 38220000, "depreciationAndAmortization": 83139000, "ebitda": 203751000, "ebitdaratio": 0.1898109073, "operatingIncome": 120612000, "operatingIncomeRatio": 0.112360053, "totalOtherIncomeExpensesNet": -34405000, "incomeBeforeTax": 86207000, "incomeBeforeTaxRatio": 0.0803089501, "incomeTaxExpense": 8949000, "netIncome": 77258000, "netIncomeRatio": 0.0719722165, "eps": 2.35, "epsdiluted": 2.33, "weightedAverageShsOut": 32845000, "weightedAverageShsOutDil": 33113000, "link": "https://www.sec.gov/Archives/edgar/data/1114483/000111448321000006/0001114483-21-000006-index.htm", "finalLink": "https://www.sec.gov/Archives/edgar/data/1114483/000111448321000006/gb-20201231.htm", "calculatedOtherExpenses": 7621000, "calculatedOperatingExpenses": 165095000, "calculatedNetInterest": 0, "calculatedOtherIncome": -34405000, "calculatedIncomeNonControlling": 0, "calculatedEbitda": 203751000}, {"date": "2019-12-31", "symbol": "ITGR", "reportedCurrency": "USD", "cik": "0001114483", "fillingDate": "2020-02-20", "acceptedDate": "2020-02-20 16:27:32", "calendarYear": "2019", "period": "FY", "revenue": 1258094000, "costOfRevenue": 903084000, "grossProfit": 355010000, "grossProfitRatio": 0.2821808227, "researchAndDevelopmentExpenses": 46529000, "generalAndAdministrativeExpenses": 0, "sellingAndMarketingExpenses": 0, "sellingGeneralAndAdministrativeExpenses": 138695000, "otherExpenses": 12151000, "operatingExpenses": 197375000, "costAndExpenses": 1100459000, "interestIncome": 52545000, "interestExpense": 52545000, "depreciationAndAmortization": 78473000, "ebitda": 236108000, "ebitdaratio": 0.1876711915, "operatingIncome": 157635000, "operatingIncomeRatio": 0.1252966789, "totalOtherIncomeExpensesNet": -52442000, "incomeBeforeTax": 105193000, "incomeBeforeTaxRatio": 0.0836129892, "incomeTaxExpense": 13975000, "netIncome": 96336000, "netIncomeRatio": 0.0765729747, "eps": 2.8, "epsdiluted": 2.77, "weightedAverageShsOut": 32627000, "weightedAverageShsOutDil": 33037000, "link": "https://www.sec.gov/Archives/edgar/data/1114483/000111448320000003/0001114483-20-000003-index.htm", "finalLink": "https://www.sec.gov/Archives/edgar/data/1114483/000111448320000003/form10-k20191231.htm", "calculatedOtherExpenses": 12151000, "calculatedOperatingExpenses": 197375000, "calculatedNetInterest": 0, "calculatedOtherIncome": -52442000, "calculatedIncomeNonControlling": -5118000, "calculatedEbitda": 236108000}, {"date": "2018-12-28", "symbol": "ITGR", "reportedCurrency": "USD", "cik": "0001114483", "fillingDate": "2019-02-22", "acceptedDate": "2019-02-22 15:20:12", "calendarYear": "2018", "period": "FY", "revenue": 1215012000, "costOfRevenue": 852347000, "grossProfit": 362665000, "grossProfitRatio": 0.2984867639, "researchAndDevelopmentExpenses": 48604000, "generalAndAdministrativeExpenses": 0, "sellingAndMarketingExpenses": 0, "sellingGeneralAndAdministrativeExpenses": 142441000, "otherExpenses": -752000, "operatingExpenses": 207110000, "costAndExpenses": 1059457000, "interestIncome": 0, "interestExpense": 99310000, "depreciationAndAmortization": 88988000, "ebitda": 243791000, "ebitdaratio": 0.2006490471, "operatingIncome": 155555000, "operatingIncomeRatio": 0.1280275421, "totalOtherIncomeExpensesNet": 4871000, "incomeBeforeTax": 61116000, "incomeBeforeTaxRatio": 0.0503007378, "incomeTaxExpense": 14083000, "netIncome": 167964000, "netIncomeRatio": 0.13824061, "eps": 5.23, "epsdiluted": 5.15, "weightedAverageShsOut": 32136000, "weightedAverageShsOutDil": 32596000, "link": "https://www.sec.gov/Archives/edgar/data/1114483/000111448319000001/0001114483-19-000001-index.htm", "finalLink": "https://www.sec.gov/Archives/edgar/data/1114483/000111448319000001/itgr-2018122810k.htm", "calculatedOtherExpenses": 16065000, "calculatedOperatingExpenses": 207110000, "calculatedNetInterest": -99310000, "calculatedOtherIncome": 4871000, "calculatedIncomeNonControlling": -120931000, "calculatedEbitda": 244543000}, {"date": "2017-12-29", "symbol": "ITGR", "reportedCurrency": "USD", "cik": "0001114483", "fillingDate": "2018-02-22", "acceptedDate": "2018-02-22 16:57:16", "calendarYear": "2017", "period": "FY", "revenue": 1461921000, "costOfRevenue": 1068370000, "grossProfit": 393551000, "grossProfitRatio": 0.2692012769, "researchAndDevelopmentExpenses": 55247000, "generalAndAdministrativeExpenses": 0, "sellingAndMarketingExpenses": 0, "sellingGeneralAndAdministrativeExpenses": 161573000, "otherExpenses": -9587000, "operatingExpenses": 254112000, "costAndExpenses": 1322482000, "interestIncome": 0, "interestExpense": 106460000, "depreciationAndAmortization": 102796000, "ebitda": 232648000, "ebitdaratio": 0.1591385581, "operatingIncome": 139439000, "operatingIncomeRatio": 0.0953806669, "totalOtherIncomeExpensesNet": -11152000, "incomeBeforeTax": 21827000, "incomeBeforeTaxRatio": 0.0149303553, "incomeTaxExpense": -44852000, "netIncome": 66679000, "netIncomeRatio": 0.0456105357, "eps": 2.12, "epsdiluted": 2.08, "weightedAverageShsOut": 31402000, "weightedAverageShsOutDil": 32056000, "link": "https://www.sec.gov/Archives/edgar/data/1114483/000111448318000009/0001114483-18-000009-index.htm", "finalLink": "https://www.sec.gov/Archives/edgar/data/1114483/000111448318000009/itgr-2017122910k.htm", "calculatedOtherExpenses": 37292000, "calculatedOperatingExpenses": 254112000, "calculatedNetInterest": -106460000, "calculatedOtherIncome": -11152000, "calculatedIncomeNonControlling": 0, "calculatedEbitda": 242235000}, {"date": "2016-12-30", "symbol": "ITGR", "reportedCurrency": "USD", "cik": "0001114483", "fillingDate": "2017-02-28", "acceptedDate": "2017-02-28 12:48:10", "calendarYear": "2016", "period": "FY", "revenue": 1386778000, "costOfRevenue": 1008479000, "grossProfit": 378299000, "grossProfitRatio": 0.272789877, "researchAndDevelopmentExpenses": 55001000, "generalAndAdministrativeExpenses": 0, "sellingAndMarketingExpenses": 0, "sellingGeneralAndAdministrativeExpenses": 153291000, "otherExpenses": 5018000, "operatingExpenses": 270029000, "costAndExpenses": 1278508000, "interestIncome": 0, "interestExpense": 111270000, "depreciationAndAmortization": 90524000, "ebitda": 203812000, "ebitdaratio": 0.1469680079, "operatingIncome": 108270000, "operatingIncomeRatio": 0.0780730586, "totalOtherIncomeExpensesNet": 4185000, "incomeBeforeTax": 1185000, "incomeBeforeTaxRatio": 0.0008544987, "incomeTaxExpense": -4776000, "netIncome": 5961000, "netIncomeRatio": 0.004298453, "eps": 0.19, "epsdiluted": 0.19, "weightedAverageShsOut": 30778000, "weightedAverageShsOutDil": 30973000, "link": "https://www.sec.gov/Archives/edgar/data/1114483/000111448317000006/0001114483-17-000006-index.htm", "finalLink": "https://www.sec.gov/Archives/edgar/data/1114483/000111448317000006/itgr-2016123010k.htm", "calculatedOtherExpenses": 61737000, "calculatedOperatingExpenses": 270029000, "calculatedNetInterest": -111270000, "calculatedOtherIncome": 4185000, "calculatedIncomeNonControlling": 0, "calculatedEbitda": 198794000}, {"date": "2015-12-31", "symbol": "ITGR", "reportedCurrency": "USD", "cik": "0001114483", "fillingDate": "2016-03-01", "acceptedDate": "2016-03-01 13:39:04", "calendarYear": "2015", "period": "FY", "revenue": 800414000, "costOfRevenue": 565279000, "grossProfit": 235135000, "grossProfitRatio": 0.2937667257, "researchAndDevelopmentExpenses": 52995000, "generalAndAdministrativeExpenses": 0, "sellingAndMarketingExpenses": 0, "sellingGeneralAndAdministrativeExpenses": 102530000, "otherExpenses": 1317000, "operatingExpenses": 221989000, "costAndExpenses": 787268000, "interestIncome": 0, "interestExpense": 33513000, "depreciationAndAmortization": 44632000, "ebitda": 14463000, "ebitdaratio": 0.0180693991, "operatingIncome": 13146000, "operatingIncomeRatio": 0.0164240006, "totalOtherIncomeExpensesNet": 4667000, "incomeBeforeTax": -15700000, "incomeBeforeTaxRatio": -0.0196148493, "incomeTaxExpense": -8106000, "netIncome": -7594000, "netIncomeRatio": -0.0094875902, "eps": -0.29, "epsdiluted": -0.29, "weightedAverageShsOut": 26186206, "weightedAverageShsOutDil": 26363000, "link": "https://www.sec.gov/Archives/edgar/data/1114483/000111448316000021/0001114483-16-000021-index.htm", "finalLink": "https://www.sec.gov/Archives/edgar/data/1114483/000111448316000021/gb-2016010110k.htm", "calculatedOtherExpenses": 66464000, "calculatedOperatingExpenses": 221989000, "calculatedNetInterest": -33513000, "calculatedOtherIncome": 4667000, "calculatedIncomeNonControlling": 0, "calculatedEbitda": 57778000}, {"date": "2014-12-31", "symbol": "ITGR", "reportedCurrency": "USD", "cik": "0001114483", "fillingDate": "2015-03-03", "acceptedDate": "2015-03-03 13:18:13", "calendarYear": "2014", "period": "FY", "revenue": 687787000, "costOfRevenue": 456389000, "grossProfit": 231398000, "grossProfitRatio": 0.3364384613, "researchAndDevelopmentExpenses": 49845000, "generalAndAdministrativeExpenses": 0, "sellingAndMarketingExpenses": 0, "sellingGeneralAndAdministrativeExpenses": 90602000, "otherExpenses": 807000, "operatingExpenses": 155744000, "costAndExpenses": 612133000, "interestIncome": 0, "interestExpense": 4252000, "depreciationAndAmortization": 37457000, "ebitda": 76461000, "ebitdaratio": 0.1111695917, "operatingIncome": 75654000, "operatingIncomeRatio": 0.1099962634, "totalOtherIncomeExpensesNet": 5177000, "incomeBeforeTax": 76579000, "incomeBeforeTaxRatio": 0.1113411565, "incomeTaxExpense": 21121000, "netIncome": 55458000, "netIncomeRatio": 0.0806325214, "eps": 2.23, "epsdiluted": 2.14, "weightedAverageShsOut": 24825000, "weightedAverageShsOutDil": 25975000, "link": "https://www.sec.gov/Archives/edgar/data/1114483/000111448315000003/0001114483-15-000003-index.htm", "finalLink": "https://www.sec.gov/Archives/edgar/data/1114483/000111448315000003/gb-01022015x10xk.htm", "calculatedOtherExpenses": 15297000, "calculatedOperatingExpenses": 155744000, "calculatedNetInterest": -4252000, "calculatedOtherIncome": 5177000, "calculatedIncomeNonControlling": 0, "calculatedEbitda": 113111000}, {"date": "2013-12-31", "symbol": "ITGR", "reportedCurrency": "USD", "cik": "0001114483", "fillingDate": "2014-03-04", "acceptedDate": "2014-03-04 12:38:46", "calendarYear": "2013", "period": "FY", "revenue": 663945000, "costOfRevenue": 444632000, "grossProfit": 219313000, "grossProfitRatio": 0.3303180233, "researchAndDevelopmentExpenses": 54077000, "generalAndAdministrativeExpenses": 0, "sellingAndMarketingExpenses": 0, "sellingGeneralAndAdministrativeExpenses": 88107000, "otherExpenses": -546000, "operatingExpenses": 157974000, "costAndExpenses": 602606000, "interestIncome": 0, "interestExpense": 11261000, "depreciationAndAmortization": 35966000, "ebitda": 60793000, "ebitdaratio": 0.0915633072, "operatingIncome": 61339000, "operatingIncomeRatio": 0.0923856645, "totalOtherIncomeExpensesNet": -1240000, "incomeBeforeTax": 48838000, "incomeBeforeTaxRatio": 0.0735572977, "incomeTaxExpense": 12571000, "netIncome": 36267000, "netIncomeRatio": 0.0546235004, "eps": 1.51, "epsdiluted": 1.43, "weightedAverageShsOut": 23991000, "weightedAverageShsOutDil": 25323000, "link": "https://www.sec.gov/Archives/edgar/data/1114483/000111448314000006/0001114483-14-000006-index.htm", "finalLink": "https://www.sec.gov/Archives/edgar/data/1114483/000111448314000006/gb-01032014x10xk.htm", "calculatedOtherExpenses": 15790000, "calculatedOperatingExpenses": 157974000, "calculatedNetInterest": -11261000, "calculatedOtherIncome": -1240000, "calculatedIncomeNonControlling": 0, "calculatedEbitda": 97305000}, {"date": "2012-12-28", "symbol": "ITGR", "reportedCurrency": "USD", "cik": "0001114483", "fillingDate": "2013-02-27", "acceptedDate": "2013-02-27 16:46:44", "calendarYear": "2012", "period": "FY", "revenue": 646177000, "costOfRevenue": 444528000, "grossProfit": 201649000, "grossProfitRatio": 0.312064651, "researchAndDevelopmentExpenses": 52490000, "generalAndAdministrativeExpenses": 0, "sellingAndMarketingExpenses": 0, "sellingGeneralAndAdministrativeExpenses": 80992000, "otherExpenses": -931000, "operatingExpenses": 175828000, "costAndExpenses": 620356000, "interestIncome": 1000, "interestExpense": 18055000, "depreciationAndAmortization": 46368000, "ebitda": 24891000, "ebitdaratio": 0.0385204054, "operatingIncome": 25821000, "operatingIncomeRatio": 0.0399596395, "totalOtherIncomeExpensesNet": -1037000, "incomeBeforeTax": 6730000, "incomeBeforeTaxRatio": 0.010415103, "incomeTaxExpense": 11529000, "netIncome": -4799000, "netIncomeRatio": -0.0074267577, "eps": -0.2, "epsdiluted": -0.2, "weightedAverageShsOut": 23584000, "weightedAverageShsOutDil": 23584000, "link": "https://www.sec.gov/Archives/edgar/data/1114483/000119312513080167/0001193125-13-080167-index.htm", "finalLink": "https://www.sec.gov/Archives/edgar/data/1114483/000119312513080167/d491540d10k.htm", "calculatedOtherExpenses": 42346000, "calculatedOperatingExpenses": 175828000, "calculatedNetInterest": -18054000, "calculatedOtherIncome": -1037000, "calculatedIncomeNonControlling": 0, "calculatedEbitda": 72189000}, {"date": "2011-12-30", "symbol": "ITGR", "reportedCurrency": "USD", "cik": "0001114483", "fillingDate": "2012-02-28", "acceptedDate": "2012-02-28 16:36:05", "calendarYear": "2011", "period": "FY", "revenue": 568822000, "costOfRevenue": 388469000, "grossProfit": 180353000, "grossProfitRatio": 0.3170640376, "researchAndDevelopmentExpenses": 45513000, "generalAndAdministrativeExpenses": 0, "sellingAndMarketingExpenses": 0, "sellingGeneralAndAdministrativeExpenses": 72548000, "otherExpenses": 593000, "operatingExpenses": 118654000, "costAndExpenses": 507123000, "interestIncome": 21000, "interestExpense": 16928000, "depreciationAndAmortization": 47695000, "ebitda": 61720000, "ebitdaratio": 0.1085049453, "operatingIncome": 61699000, "operatingIncomeRatio": 0.1084680269, "totalOtherIncomeExpensesNet": 3600000, "incomeBeforeTax": 48392000, "incomeBeforeTaxRatio": 0.0850740653, "incomeTaxExpense": 15270000, "netIncome": 33122000, "netIncomeRatio": 0.0582291121, "eps": 1.42, "epsdiluted": 1.4, "weightedAverageShsOut": 23258000, "weightedAverageShsOutDil": 23636000, "link": "https://www.sec.gov/Archives/edgar/data/1114483/000119312512085410/0001193125-12-085410-index.htm", "finalLink": "https://www.sec.gov/Archives/edgar/data/1114483/000119312512085410/d284928d10k.htm", "calculatedOtherExpenses": 593000, "calculatedOperatingExpenses": 118654000, "calculatedNetInterest": -16907000, "calculatedOtherIncome": 3600000, "calculatedIncomeNonControlling": 0, "calculatedEbitda": 109394000}, {"date": "2010-12-31", "symbol": "ITGR", "reportedCurrency": "USD", "cik": "0001114483", "fillingDate": "2011-03-01", "acceptedDate": "2011-03-01 14:59:01", "calendarYear": "2010", "period": "FY", "revenue": 533425000, "costOfRevenue": 359844000, "grossProfit": 173581000, "grossProfitRatio": 0.3254084454, "researchAndDevelopmentExpenses": 45019000, "generalAndAdministrativeExpenses": 0, "sellingAndMarketingExpenses": 0, "sellingGeneralAndAdministrativeExpenses": 64510000, "otherExpenses": 4558000, "operatingExpenses": 114087000, "costAndExpenses": 473931000, "interestIncome": 10000, "interestExpense": 18519000, "depreciationAndAmortization": 46447000, "ebitda": 59504000, "ebitdaratio": 0.1115508272, "operatingIncome": 68994000, "operatingIncomeRatio": 0.1293415194, "totalOtherIncomeExpensesNet": 8340000, "incomeBeforeTax": 49325000, "incomeBeforeTaxRatio": 0.092468482, "incomeTaxExpense": 16187000, "netIncome": 33138000, "netIncomeRatio": 0.0621230726, "eps": 1.44, "epsdiluted": 1.4, "weightedAverageShsOut": 23070000, "weightedAverageShsOutDil": 23802000, "link": "https://www.sec.gov/Archives/edgar/data/1114483/000095012311020516/0000950123-11-020516-index.htm", "finalLink": "https://www.sec.gov/Archives/edgar/data/1114483/000095012311020516/c13388e10vk.htm", "calculatedOtherExpenses": -4942000, "calculatedOperatingExpenses": 104587000, "calculatedNetInterest": -18509000, "calculatedOtherIncome": -1160000, "calculatedIncomeNonControlling": 0, "calculatedEbitda": 115441000}, {"date": "2009-12-31", "symbol": "ITGR", "reportedCurrency": "USD", "cik": "0001114483", "fillingDate": "2010-03-02", "acceptedDate": "2010-03-02 13:49:50", "calendarYear": "2009", "period": "FY", "revenue": 521821000, "costOfRevenue": 355402000, "grossProfit": 166419000, "grossProfitRatio": 0.3189197062, "researchAndDevelopmentExpenses": 33562000, "generalAndAdministrativeExpenses": 0, "sellingAndMarketingExpenses": 0, "sellingGeneralAndAdministrativeExpenses": 70294000, "otherExpenses": 11094000, "operatingExpenses": 149450000, "costAndExpenses": 504852000, "interestIncome": 324000, "interestExpense": 20071000, "depreciationAndAmortization": 47229000, "ebitda": 17293000, "ebitdaratio": 0.0331397165, "operatingIncome": 1048000, "operatingIncomeRatio": 0.0020083515, "totalOtherIncomeExpensesNet": -15399000, "incomeBeforeTax": -18177000, "incomeBeforeTaxRatio": -0.034833784, "incomeTaxExpense": -9176000, "netIncome": -9001000, "netIncomeRatio": -0.01724921, "eps": -0.39, "epsdiluted": -0.39, "weightedAverageShsOut": 22900000, "weightedAverageShsOutDil": 22900000, "link": "https://www.sec.gov/Archives/edgar/data/1114483/000095012310019894/0000950123-10-019894-index.htm", "finalLink": "https://www.sec.gov/Archives/edgar/data/1114483/000095012310019894/c96914e10vk.htm", "calculatedOtherExpenses": 61515000, "calculatedOperatingExpenses": 165371000, "calculatedNetInterest": -19747000, "calculatedOtherIncome": 522000, "calculatedIncomeNonControlling": 0, "calculatedEbitda": 48277000}, {"date": "2008-12-31", "symbol": "ITGR", "reportedCurrency": "USD", "cik": "0001114483", "fillingDate": "2009-03-03", "acceptedDate": "2009-03-03 16:16:19", "calendarYear": "2008", "period": "FY", "revenue": 546644000, "costOfRevenue": 390855000, "grossProfit": 155789000, "grossProfitRatio": 0.2849916948, "researchAndDevelopmentExpenses": 31444000, "generalAndAdministrativeExpenses": 0, "sellingAndMarketingExpenses": 0, "sellingGeneralAndAdministrativeExpenses": 72633000, "otherExpenses": 14578000, "operatingExpenses": 118655000, "costAndExpenses": 509510000, "interestIncome": 711000, "interestExpense": 13168000, "depreciationAndAmortization": 45382000, "ebitda": 44335000, "ebitdaratio": 0.0811039726, "operatingIncome": 34894000, "operatingIncomeRatio": 0.0638331345, "totalOtherIncomeExpensesNet": -3864000, "incomeBeforeTax": 27303000, "incomeBeforeTaxRatio": 0.0499465832, "incomeTaxExpense": 8744000, "netIncome": 18559000, "netIncomeRatio": 0.033950798, "eps": 0.82, "epsdiluted": 0.81, "weightedAverageShsOut": 22500000, "weightedAverageShsOutDil": 24100000, "link": "https://www.sec.gov/Archives/edgar/data/1114483/000115752309001803/0001157523-09-001803-index.htm", "finalLink": "https://www.sec.gov/Archives/edgar/data/1114483/000115752309001803/a5906549.htm", "calculatedOtherExpenses": 16818000, "calculatedOperatingExpenses": 120895000, "calculatedNetInterest": -12457000, "calculatedOtherIncome": 4866000, "calculatedIncomeNonControlling": 0, "calculatedEbitda": 80276000}, {"date": "2007-12-28", "symbol": "ITGR", "reportedCurrency": "USD", "cik": "0001114483", "fillingDate": "2008-02-26", "acceptedDate": "2008-02-26 15:45:06", "calendarYear": "2007", "period": "FY", "revenue": 318746000, "costOfRevenue": 202721000, "grossProfit": 116025000, "grossProfitRatio": 0.3640045679, "researchAndDevelopmentExpenses": 29914000, "generalAndAdministrativeExpenses": 0, "sellingAndMarketingExpenses": 0, "sellingGeneralAndAdministrativeExpenses": 49998000, "otherExpenses": 0, "operatingExpenses": 79912000, "costAndExpenses": 282633000, "interestIncome": 0, "interestExpense": 0, "depreciationAndAmortization": 25842000, "ebitda": 69127000, "ebitdaratio": 0.2168717411, "operatingIncome": 20020000, "operatingIncomeRatio": 0.0628086313, "totalOtherIncomeExpensesNet": -7172000, "incomeBeforeTax": 28688000, "incomeBeforeTaxRatio": 0.0900026981, "incomeTaxExpense": 13638000, "netIncome": 15050000, "netIncomeRatio": 0.0472162788, "eps": 0.68, "epsdiluted": 0.67, "weightedAverageShsOut": 22152000, "weightedAverageShsOutDil": 22422000, "link": "https://www.sec.gov/Archives/edgar/data/1114483/000115752308001747/0001157523-08-001747-index.htm", "finalLink": "https://www.sec.gov/Archives/edgar/data/1114483/000115752308001747/a5618108.txt", "calculatedOtherExpenses": 16093000, "calculatedOperatingExpenses": 96005000, "calculatedNetInterest": 0, "calculatedOtherIncome": 8668000, "calculatedIncomeNonControlling": 0, "calculatedEbitda": 45862000}, {"date": "2006-12-29", "symbol": "ITGR", "reportedCurrency": "USD", "cik": "0001114483", "fillingDate": "2007-02-27", "acceptedDate": "2007-02-27 17:25:46", "calendarYear": "2006", "period": "FY", "revenue": 271142000, "costOfRevenue": 168698000, "grossProfit": 102444000, "grossProfitRatio": 0.3778241659, "researchAndDevelopmentExpenses": 24225000, "generalAndAdministrativeExpenses": 0, "sellingAndMarketingExpenses": 0, "sellingGeneralAndAdministrativeExpenses": 38785000, "otherExpenses": 6073000, "operatingExpenses": 69083000, "costAndExpenses": 237781000, "interestIncome": 0, "interestExpense": 0, "depreciationAndAmortization": 19309000, "ebitda": 69740000, "ebitdaratio": 0.2572084, "operatingIncome": 22376000, "operatingIncomeRatio": 0.0825250238, "totalOtherIncomeExpensesNet": -17070000, "incomeBeforeTax": 23534000, "incomeBeforeTaxRatio": 0.0867958487, "incomeTaxExpense": 7408000, "netIncome": 16126000, "netIncomeRatio": 0.0594743714, "eps": 0.74, "epsdiluted": 0.73, "weightedAverageShsOut": 21803000, "weightedAverageShsOutDil": 26334000, "link": "https://www.sec.gov/Archives/edgar/data/1114483/000115752307002106/0001157523-07-002106-index.htm", "finalLink": "https://www.sec.gov/Archives/edgar/data/1114483/000115752307002106/a5343173.txt", "calculatedOtherExpenses": 17058000, "calculatedOperatingExpenses": 80068000, "calculatedNetInterest": 0, "calculatedOtherIncome": 1158000, "calculatedIncomeNonControlling": 0, "calculatedEbitda": 41685000}, {"date": "2005-12-30", "symbol": "ITGR", "reportedCurrency": "USD", "cik": "0001114483", "fillingDate": "2006-03-14", "acceptedDate": "2006-03-14 16:38:47", "calendarYear": "2005", "period": "FY", "revenue": 241097000, "costOfRevenue": 151543000, "grossProfit": 89554000, "grossProfitRatio": 0.3714438587, "researchAndDevelopmentExpenses": 18725000, "generalAndAdministrativeExpenses": 0, "sellingAndMarketingExpenses": 0, "sellingGeneralAndAdministrativeExpenses": 50102000, "otherExpenses": 3841000, "operatingExpenses": 72668000, "costAndExpenses": 224211000, "interestIncome": 0, "interestExpense": 0, "depreciationAndAmortization": 19718000, "ebitda": 36526000, "ebitdaratio": 0.1514991891, "operatingIncome": 16886000, "operatingIncomeRatio": 0.0700382004, "totalOtherIncomeExpensesNet": 78000, "incomeBeforeTax": 15464000, "incomeBeforeTaxRatio": 0.0641401594, "incomeTaxExpense": 5357000, "netIncome": 10107000, "netIncomeRatio": 0.0419208866, "eps": 0.47, "epsdiluted": 0.46, "weightedAverageShsOut": 21582000, "weightedAverageShsOutDil": 21810000, "link": "https://www.sec.gov/Archives/edgar/data/1114483/000115752306002650/0001157523-06-002650-index.htm", "finalLink": "https://www.sec.gov/Archives/edgar/data/1114483/000115752306002650/a5100172_10k.txt", "calculatedOtherExpenses": 3841000, "calculatedOperatingExpenses": 72668000, "calculatedNetInterest": 0, "calculatedOtherIncome": -1422000, "calculatedIncomeNonControlling": 0, "calculatedEbitda": 36604000}, {"date": "2004-12-31", "symbol": "ITGR", "reportedCurrency": "USD", "cik": "0001114483", "fillingDate": "2005-03-15", "acceptedDate": "2005-03-15 17:07:17", "calendarYear": "2004", "period": "FY", "revenue": 200119000, "costOfRevenue": 119397000, "grossProfit": 80722000, "grossProfitRatio": 0.4033699949, "researchAndDevelopmentExpenses": 18476000, "generalAndAdministrativeExpenses": 0, "sellingAndMarketingExpenses": 0, "sellingGeneralAndAdministrativeExpenses": 31304000, "otherExpenses": 4002000, "operatingExpenses": 53782000, "costAndExpenses": 173179000, "interestIncome": 0, "interestExpense": 0, "depreciationAndAmortization": 14835000, "ebitda": 41683000, "ebitdaratio": 0.2082910668, "operatingIncome": 26940000, "operatingIncomeRatio": 0.1346199012, "totalOtherIncomeExpensesNet": 92000, "incomeBeforeTax": 23732000, "incomeBeforeTaxRatio": 0.1185894393, "incomeTaxExpense": 7475000, "netIncome": 16257000, "netIncomeRatio": 0.0812366642, "eps": 0.67, "epsdiluted": 0.66, "weightedAverageShsOut": 21358000, "weightedAverageShsOutDil": 21540000, "link": "https://www.sec.gov/Archives/edgar/data/1114483/000115752305002570/0001157523-05-002570-index.htm", "finalLink": "https://www.sec.gov/Archives/edgar/data/1114483/000115752305002570/a4842884.txt", "calculatedOtherExpenses": 4002000, "calculatedOperatingExpenses": 53782000, "calculatedNetInterest": 0, "calculatedOtherIncome": -3208000, "calculatedIncomeNonControlling": 0, "calculatedEbitda": 41775000}, {"date": "2003-12-31", "symbol": "ITGR", "reportedCurrency": "USD", "cik": "0001114483", "fillingDate": "2004-03-12", "acceptedDate": "2004-03-12 10:40:04", "calendarYear": "2003", "period": "FY", "revenue": 216365000, "costOfRevenue": 126537000, "grossProfit": 89828000, "grossProfitRatio": 0.415168812, "researchAndDevelopmentExpenses": 16991000, "generalAndAdministrativeExpenses": 0, "sellingAndMarketingExpenses": 0, "sellingGeneralAndAdministrativeExpenses": 31420000, "otherExpenses": 3217000, "operatingExpenses": 51628000, "costAndExpenses": 178165000, "interestIncome": 0, "interestExpense": 0, "depreciationAndAmortization": 13179000, "ebitda": 52864000, "ebitdaratio": 0.2443278719, "operatingIncome": 38200000, "operatingIncomeRatio": 0.1765535091, "totalOtherIncomeExpensesNet": -1485000, "incomeBeforeTax": 33316000, "incomeBeforeTaxRatio": 0.1539805421, "incomeTaxExpense": 10028000, "netIncome": 23288000, "netIncomeRatio": 0.1076329351, "eps": 1.1, "epsdiluted": 1.05, "weightedAverageShsOut": 21170909, "weightedAverageShsOutDil": 22179048, "link": "https://www.sec.gov/Archives/edgar/data/1114483/000115752304002295/0001157523-04-002295-index.htm", "finalLink": "https://www.sec.gov/Archives/edgar/data/1114483/000115752304002295/a4591467.txt", "calculatedOtherExpenses": 3217000, "calculatedOperatingExpenses": 51628000, "calculatedNetInterest": 0, "calculatedOtherIncome": -4884000, "calculatedIncomeNonControlling": 0, "calculatedEbitda": 51379000}, {"date": "2002-12-31", "symbol": "ITGR", "reportedCurrency": "USD", "cik": "0001114483", "fillingDate": "2003-03-18", "acceptedDate": "2003-03-18 16:21:52", "calendarYear": "2002", "period": "FY", "revenue": 167296000, "costOfRevenue": 96398000, "grossProfit": 70898000, "grossProfitRatio": 0.4237877774, "researchAndDevelopmentExpenses": 14440000, "generalAndAdministrativeExpenses": 0, "sellingAndMarketingExpenses": 0, "sellingGeneralAndAdministrativeExpenses": 24369000, "otherExpenses": 5425000, "operatingExpenses": 44234000, "costAndExpenses": 140632000, "interestIncome": -442000, "interestExpense": 3752000, "depreciationAndAmortization": 12100000, "ebitda": 42876000, "ebitdaratio": 0.2562882555, "operatingIncome": 26664000, "operatingIncomeRatio": 0.1593821729, "totalOtherIncomeExpensesNet": -4112000, "incomeBeforeTax": 20965000, "incomeBeforeTaxRatio": 0.1253168037, "incomeTaxExpense": 6604000, "netIncome": 14361000, "netIncomeRatio": 0.0858418611, "eps": 0.69, "epsdiluted": 0.68, "weightedAverageShsOut": 20813043, "weightedAverageShsOutDil": 21119118, "link": "https://www.sec.gov/Archives/edgar/data/1114483/000089979703000093/0000899797-03-000093-index.htm", "finalLink": "https://www.sec.gov/Archives/edgar/data/1114483/000089979703000093/form10_k2003.htm", "calculatedOtherExpenses": 5425000, "calculatedOperatingExpenses": 44234000, "calculatedNetInterest": -4194000, "calculatedOtherIncome": -1505000, "calculatedIncomeNonControlling": 0, "calculatedEbitda": 38764000}, {"date": "2001-12-28", "symbol": "ITGR", "reportedCurrency": "USD", "cik": "0001114483", "fillingDate": "2002-03-28", "acceptedDate": "2002-03-28 00:00:00", "calendarYear": "2001", "period": "FY", "revenue": 135575000, "costOfRevenue": 74716000, "grossProfit": 60859000, "grossProfitRatio": 0.4488954453, "researchAndDevelopmentExpenses": 12575000, "generalAndAdministrativeExpenses": 0, "sellingAndMarketingExpenses": 0, "sellingGeneralAndAdministrativeExpenses": 18174000, "otherExpenses": 7726000, "operatingExpenses": 38475000, "costAndExpenses": 113191000, "interestIncome": 0, "interestExpense": 3588000, "depreciationAndAmortization": 14241000, "ebitda": 36891000, "ebitdaratio": 0.2721076895, "operatingIncome": 22384000, "operatingIncomeRatio": 0.1651041859, "totalOtherIncomeExpensesNet": -266000, "incomeBeforeTax": 18530000, "incomeBeforeTaxRatio": 0.136677116, "incomeTaxExpense": 6939000, "netIncome": 8597000, "netIncomeRatio": 0.0634113959, "eps": 0.44, "epsdiluted": 0.43, "weightedAverageShsOut": 19563000, "weightedAverageShsOutDil": 19945000, "link": "https://www.sec.gov/Archives/edgar/data/1114483/000089979702000057/0000899797-02-000057-index.htm", "finalLink": "https://www.sec.gov/Archives/edgar/data/1114483/000089979702000057/form10k.htm", "calculatedOtherExpenses": 7726000, "calculatedOperatingExpenses": 38475000, "calculatedNetInterest": -3588000, "calculatedOtherIncome": -266000, "calculatedIncomeNonControlling": 2994000, "calculatedEbitda": 36625000}, {"date": "2000-12-29", "symbol": "ITGR", "reportedCurrency": "USD", "cik": "0001114483", "fillingDate": "2001-03-29", "acceptedDate": "2001-03-29 00:00:00", "calendarYear": "2000", "period": "FY", "revenue": 97790000, "costOfRevenue": 48967000, "grossProfit": 48823000, "grossProfitRatio": 0.4992637284, "researchAndDevelopmentExpenses": 9941000, "generalAndAdministrativeExpenses": 0, "sellingAndMarketingExpenses": 0, "sellingGeneralAndAdministrativeExpenses": 11473000, "otherExpenses": 13009000, "operatingExpenses": 34423000, "costAndExpenses": 83390000, "interestIncome": 0, "interestExpense": 0, "depreciationAndAmortization": 13009000, "ebitda": 27220000, "ebitdaratio": 0.2783515697, "operatingIncome": 14400000, "operatingIncomeRatio": 0.1472543205, "totalOtherIncomeExpensesNet": 189000, "incomeBeforeTax": 1631000, "incomeBeforeTaxRatio": 0.016678597, "incomeTaxExpense": 611000, "netIncome": -548000, "netIncomeRatio": -0.005603845, "eps": -0.0387, "epsdiluted": -0.038, "weightedAverageShsOut": 14167000, "weightedAverageShsOutDil": 14434000, "link": "https://www.sec.gov/Archives/edgar/data/1114483/000089979701000060/0000899797-01-000060-index.htm", "finalLink": "https://www.sec.gov/Archives/edgar/data/1114483/000089979701000060/0000899797-01-000060-0001.htm", "calculatedOtherExpenses": 13009000, "calculatedOperatingExpenses": 34423000, "calculatedNetInterest": 0, "calculatedOtherIncome": -12769000, "calculatedIncomeNonControlling": 1568000, "calculatedEbitda": 27409000}, {"date": "1999-12-31", "symbol": "ITGR", "reportedCurrency": "USD", "cik": "0001114483", "fillingDate": "1999-12-31", "acceptedDate": "1999-12-30 19:00:00", "calendarYear": "1999", "period": "FY", "revenue": 79235000, "costOfRevenue": 41057000, "grossProfit": 38178000, "grossProfitRatio": 0.4818325235, "researchAndDevelopmentExpenses": 9339000, "generalAndAdministrativeExpenses": 0, "sellingAndMarketingExpenses": 0, "sellingGeneralAndAdministrativeExpenses": 9880000, "otherExpenses": 6510000, "operatingExpenses": 25729000, "costAndExpenses": 66786000, "interestIncome": 0, "interestExpense": 0, "depreciationAndAmortization": 11363000, "ebitda": 22469000, "ebitdaratio": 0.2835741781, "operatingIncome": 12449000, "operatingIncomeRatio": 0.1571149113, "totalOtherIncomeExpensesNet": 1343000, "incomeBeforeTax": -2314000, "incomeBeforeTaxRatio": -0.0292042658, "incomeTaxExpense": -605000, "netIncome": -2272000, "netIncomeRatio": -0.028674197, "eps": -0.18, "epsdiluted": -0.18, "weightedAverageShsOut": 12491000, "weightedAverageShsOutDil": 12491000, "link": "", "finalLink": "", "calculatedOtherExpenses": 6510000, "calculatedOperatingExpenses": 25729000, "calculatedNetInterest": 0, "calculatedOtherIncome": -14763000, "calculatedIncomeNonControlling": 563000, "calculatedEbitda": 23812000}]}