{"originalCurrency": "USD", "convertedCurrency": "USD", "report": [{"date": "2023-12-31", "symbol": "ITRI", "reportedCurrency": "USD", "cik": "0000780571", "fillingDate": "2024-02-26", "acceptedDate": "2024-02-26 14:54:12", "calendarYear": "2023", "period": "FY", "revenue": 2173633000, "costOfRevenue": 1478643000, "grossProfit": 694990000, "grossProfitRatio": 0.3197365885, "researchAndDevelopmentExpenses": 208688000, "generalAndAdministrativeExpenses": 0, "sellingAndMarketingExpenses": 0, "sellingGeneralAndAdministrativeExpenses": 312779000, "otherExpenses": -2446000, "operatingExpenses": 521467000, "costAndExpenses": 2000110000, "interestIncome": 9314000, "interestExpense": 8349000, "depreciationAndAmortization": 55763000, "ebitda": 229286000, "ebitdaratio": 0.1054851486, "operatingIncome": 173523000, "operatingIncomeRatio": 0.0798308638, "totalOtherIncomeExpensesNet": -46137000, "incomeBeforeTax": 127386000, "incomeBeforeTaxRatio": 0.0586051095, "incomeTaxExpense": 29068000, "netIncome": 96923000, "netIncomeRatio": 0.0445903241, "eps": 2.13, "epsdiluted": 2.11, "weightedAverageShsOut": 45421000, "weightedAverageShsOutDil": 45836000, "link": "https://www.sec.gov/Archives/edgar/data/780571/000078057124000006/0000780571-24-000006-index.htm", "finalLink": "https://www.sec.gov/Archives/edgar/data/780571/000078057124000006/itri-20231231.htm", "calculatedOtherExpenses": 0, "calculatedOperatingExpenses": 521467000, "calculatedNetInterest": 965000, "calculatedOtherIncome": -47102000, "calculatedIncomeNonControlling": 1395000, "calculatedEbitda": 229286000}, {"date": "2022-12-31", "symbol": "ITRI", "reportedCurrency": "USD", "cik": "0000780571", "fillingDate": "2023-02-27", "acceptedDate": "2023-02-27 17:06:41", "calendarYear": "2022", "period": "FY", "revenue": 1795564000, "costOfRevenue": 1273375000, "grossProfit": 522189000, "grossProfitRatio": 0.290821714, "researchAndDevelopmentExpenses": 185098000, "generalAndAdministrativeExpenses": 0, "sellingAndMarketingExpenses": 0, "sellingGeneralAndAdministrativeExpenses": 290453000, "otherExpenses": 25717000, "operatingExpenses": 501268000, "costAndExpenses": 1774643000, "interestIncome": 2633000, "interestExpense": 6724000, "depreciationAndAmortization": 66763000, "ebitda": 86104000, "ebitdaratio": 0.0479537349, "operatingIncome": 19341000, "operatingIncomeRatio": 0.0107715459, "totalOtherIncomeExpensesNet": -35084000, "incomeBeforeTax": -15743000, "incomeBeforeTaxRatio": -0.0087677187, "incomeTaxExpense": -6196000, "netIncome": -9547000, "netIncomeRatio": -0.0053169923, "eps": -0.21, "epsdiluted": -0.21, "weightedAverageShsOut": 45101000, "weightedAverageShsOutDil": 45101000, "link": "https://www.sec.gov/Archives/edgar/data/780571/000078057123000010/0000780571-23-000010-index.htm", "finalLink": "https://www.sec.gov/Archives/edgar/data/780571/000078057123000010/itri-20221231.htm", "calculatedOtherExpenses": 27297000, "calculatedOperatingExpenses": 502848000, "calculatedNetInterest": -4091000, "calculatedOtherIncome": -30993000, "calculatedIncomeNonControlling": 0, "calculatedEbitda": 86104000}, {"date": "2021-12-31", "symbol": "ITRI", "reportedCurrency": "USD", "cik": "0000780571", "fillingDate": "2022-02-28", "acceptedDate": "2022-02-28 17:00:40", "calendarYear": "2021", "period": "FY", "revenue": 1981572000, "costOfRevenue": 1408403000, "grossProfit": 573169000, "grossProfitRatio": 0.2892496462, "researchAndDevelopmentExpenses": 197235000, "generalAndAdministrativeExpenses": 0, "sellingAndMarketingExpenses": 0, "sellingGeneralAndAdministrativeExpenses": 300520000, "otherExpenses": 35801000, "operatingExpenses": 533556000, "costAndExpenses": 1941959000, "interestIncome": 1557000, "interestExpense": 28638000, "depreciationAndAmortization": 84153000, "ebitda": 107893000, "ebitdaratio": 0.0544481856, "operatingIncome": 23740000, "operatingIncomeRatio": 0.0119803873, "totalOtherIncomeExpensesNet": -147550000, "incomeBeforeTax": -123810000, "incomeBeforeTaxRatio": -0.0624806971, "incomeTaxExpense": -45512000, "netIncome": -78298000, "netIncomeRatio": -0.0395130735, "eps": -1.77, "epsdiluted": -1.77, "weightedAverageShsOut": 44301000, "weightedAverageShsOutDil": 44301000, "link": "https://www.sec.gov/Archives/edgar/data/780571/000078057122000004/0000780571-22-000004-index.htm", "finalLink": "https://www.sec.gov/Archives/edgar/data/780571/000078057122000004/itri-20211231.htm", "calculatedOtherExpenses": 51674000, "calculatedOperatingExpenses": 549429000, "calculatedNetInterest": -27081000, "calculatedOtherIncome": -120469000, "calculatedIncomeNonControlling": 0, "calculatedEbitda": 107893000}, {"date": "2020-12-31", "symbol": "ITRI", "reportedCurrency": "USD", "cik": "0000780571", "fillingDate": "2021-02-24", "acceptedDate": "2021-02-24 16:40:50", "calendarYear": "2020", "period": "FY", "revenue": 2173350000, "costOfRevenue": 1571183000, "grossProfit": 602167000, "grossProfitRatio": 0.2770685808, "researchAndDevelopmentExpenses": 194101000, "generalAndAdministrativeExpenses": 0, "sellingAndMarketingExpenses": 0, "sellingGeneralAndAdministrativeExpenses": 276920000, "otherExpenses": 44711000, "operatingExpenses": 515732000, "costAndExpenses": 2086915000, "interestIncome": 2998000, "interestExpense": 44001000, "depreciationAndAmortization": 97290000, "ebitda": 181482000, "ebitdaratio": 0.0835033474, "operatingIncome": 84192000, "operatingIncomeRatio": 0.0387383532, "totalOtherIncomeExpensesNet": -140831000, "incomeBeforeTax": -56639000, "incomeBeforeTaxRatio": -0.0260606897, "incomeTaxExpense": 238000, "netIncome": -56877000, "netIncomeRatio": -0.0261701981, "eps": -1.41, "epsdiluted": -1.41, "weightedAverageShsOut": 40253000, "weightedAverageShsOutDil": 40253000, "link": "https://www.sec.gov/Archives/edgar/data/780571/000078057121000009/0000780571-21-000009-index.htm", "finalLink": "https://www.sec.gov/Archives/edgar/data/780571/000078057121000009/itri-20201231.htm", "calculatedOtherExpenses": 46954000, "calculatedOperatingExpenses": 517975000, "calculatedNetInterest": -41003000, "calculatedOtherIncome": -99828000, "calculatedIncomeNonControlling": 0, "calculatedEbitda": 181482000}, {"date": "2019-12-31", "symbol": "ITRI", "reportedCurrency": "USD", "cik": "0000780571", "fillingDate": "2020-02-27", "acceptedDate": "2020-02-26 19:10:13", "calendarYear": "2019", "period": "FY", "revenue": 2502470000, "costOfRevenue": 1750151000, "grossProfit": 752319000, "grossProfitRatio": 0.300630577, "researchAndDevelopmentExpenses": 202200000, "generalAndAdministrativeExpenses": 346872000, "sellingAndMarketingExpenses": 0, "sellingGeneralAndAdministrativeExpenses": 346872000, "otherExpenses": 64286000, "operatingExpenses": 613358000, "costAndExpenses": 2363509000, "interestIncome": 1849000, "interestExpense": 52453000, "depreciationAndAmortization": 113480000, "ebitda": 246163000, "ebitdaratio": 0.0983680124, "operatingIncome": 132683000, "operatingIncomeRatio": 0.0530208154, "totalOtherIncomeExpensesNet": -59651000, "incomeBeforeTax": 73032000, "incomeBeforeTaxRatio": 0.0291839662, "incomeTaxExpense": 20617000, "netIncome": 49006000, "netIncomeRatio": 0.0195830519, "eps": 1.24, "epsdiluted": 1.23, "weightedAverageShsOut": 39556000, "weightedAverageShsOutDil": 39980000, "link": "https://www.sec.gov/Archives/edgar/data/780571/000078057120000004/0000780571-20-000004-index.htm", "finalLink": "https://www.sec.gov/Archives/edgar/data/780571/000078057120000004/itri-20191231.htm", "calculatedOtherExpenses": 70564000, "calculatedOperatingExpenses": 619636000, "calculatedNetInterest": -50604000, "calculatedOtherIncome": -9047000, "calculatedIncomeNonControlling": 3409000, "calculatedEbitda": 246163000}, {"date": "2018-12-31", "symbol": "ITRI", "reportedCurrency": "USD", "cik": "0000780571", "fillingDate": "2019-02-28", "acceptedDate": "2019-02-28 17:29:20", "calendarYear": "2018", "period": "FY", "revenue": 2376117000, "costOfRevenue": 1645798000, "grossProfit": 730319000, "grossProfitRatio": 0.3073581814, "researchAndDevelopmentExpenses": 207905000, "generalAndAdministrativeExpenses": 423210000, "sellingAndMarketingExpenses": 0, "sellingGeneralAndAdministrativeExpenses": 423210000, "otherExpenses": -3409000, "operatingExpenses": 702828000, "costAndExpenses": 2348626000, "interestIncome": 2153000, "interestExpense": 58203000, "depreciationAndAmortization": 122497000, "ebitda": 148732000, "ebitdaratio": 0.0625945608, "operatingIncome": -49692000, "operatingIncomeRatio": -0.0209131116, "totalOtherIncomeExpensesNet": -80592000, "incomeBeforeTax": -109151000, "incomeBeforeTaxRatio": -0.045936711, "incomeTaxExpense": -12570000, "netIncome": -99250000, "netIncomeRatio": -0.0417698287, "eps": -2.53, "epsdiluted": -2.53, "weightedAverageShsOut": 39229249, "weightedAverageShsOutDil": 39244000, "link": "https://www.sec.gov/Archives/edgar/data/780571/000078057119000007/0000780571-19-000007-index.htm", "finalLink": "https://www.sec.gov/Archives/edgar/data/780571/000078057119000007/itri10k12312018.htm", "calculatedOtherExpenses": 148896000, "calculatedOperatingExpenses": 780011000, "calculatedNetInterest": -56050000, "calculatedOtherIncome": -3409000, "calculatedIncomeNonControlling": 2669000, "calculatedEbitda": 72805000}, {"date": "2017-12-31", "symbol": "ITRI", "reportedCurrency": "USD", "cik": "0000780571", "fillingDate": "2018-03-01", "acceptedDate": "2018-02-28 18:41:29", "calendarYear": "2017", "period": "FY", "revenue": 2018197000, "costOfRevenue": 1343043000, "grossProfit": 675154000, "grossProfitRatio": 0.3345332492, "researchAndDevelopmentExpenses": 169977000, "generalAndAdministrativeExpenses": 156540000, "sellingAndMarketingExpenses": 170008000, "sellingGeneralAndAdministrativeExpenses": 326548000, "otherExpenses": -7396000, "operatingExpenses": 517310000, "costAndExpenses": 1860353000, "interestIncome": 2126000, "interestExpense": 11581000, "depreciationAndAmortization": 63215000, "ebitda": 215789000, "ebitdaratio": 0.1069216732, "operatingIncome": 151426000, "operatingIncomeRatio": 0.0750303365, "totalOtherIncomeExpensesNet": -13814000, "incomeBeforeTax": 134575000, "incomeBeforeTaxRatio": 0.0666808047, "incomeTaxExpense": 74326000, "netIncome": 57298000, "netIncomeRatio": 0.0283906873, "eps": 1.48, "epsdiluted": 1.45, "weightedAverageShsOut": 38655000, "weightedAverageShsOutDil": 39387000, "link": "https://www.sec.gov/Archives/edgar/data/780571/000078057118000013/0000780571-18-000013-index.htm", "finalLink": "https://www.sec.gov/Archives/edgar/data/780571/000078057118000013/itri10k12312017.htm", "calculatedOtherExpenses": 27203000, "calculatedOperatingExpenses": 523728000, "calculatedNetInterest": -9455000, "calculatedOtherIncome": -7396000, "calculatedIncomeNonControlling": 2951000, "calculatedEbitda": 214641000}, {"date": "2016-12-31", "symbol": "ITRI", "reportedCurrency": "USD", "cik": "0000780571", "fillingDate": "2017-03-01", "acceptedDate": "2017-02-28 18:47:31", "calendarYear": "2016", "period": "FY", "revenue": 2013186000, "costOfRevenue": 1352866000, "grossProfit": 660320000, "grossProfitRatio": 0.3279975124, "researchAndDevelopmentExpenses": 168209000, "generalAndAdministrativeExpenses": 162815000, "sellingAndMarketingExpenses": 158883000, "sellingGeneralAndAdministrativeExpenses": 321698000, "otherExpenses": -1501000, "operatingExpenses": 515019000, "costAndExpenses": 1867885000, "interestIncome": 865000, "interestExpense": 10948000, "depreciationAndAmortization": 68318000, "ebitda": 212983000, "ebitdaratio": 0.1057940002, "operatingIncome": 96211000, "operatingIncomeRatio": 0.0477904178, "totalOtherIncomeExpensesNet": -50591000, "incomeBeforeTax": 84627000, "incomeBeforeTaxRatio": 0.0420363543, "incomeTaxExpense": 49574000, "netIncome": 31770000, "netIncomeRatio": 0.0157809562, "eps": 0.83, "epsdiluted": 0.82, "weightedAverageShsOut": 38207000, "weightedAverageShsOutDil": 38643000, "link": "https://www.sec.gov/Archives/edgar/data/780571/000078057117000003/0000780571-17-000003-index.htm", "finalLink": "https://www.sec.gov/Archives/edgar/data/780571/000078057117000003/itri10k12312016.htm", "calculatedOtherExpenses": 74202000, "calculatedOperatingExpenses": 564109000, "calculatedNetInterest": -10083000, "calculatedOtherIncome": -1501000, "calculatedIncomeNonControlling": 3283000, "calculatedEbitda": 164529000}, {"date": "2015-12-31", "symbol": "ITRI", "reportedCurrency": "USD", "cik": "0000780571", "fillingDate": "2016-06-30", "acceptedDate": "2016-06-29 19:08:06", "calendarYear": "2015", "period": "FY", "revenue": 1877813000, "costOfRevenue": 1318695000, "grossProfit": 559118000, "grossProfitRatio": 0.2977495629, "researchAndDevelopmentExpenses": 162327000, "generalAndAdministrativeExpenses": 140319000, "sellingAndMarketingExpenses": 161380000, "sellingGeneralAndAdministrativeExpenses": 301699000, "otherExpenses": -4216000, "operatingExpenses": 495699000, "costAndExpenses": 1814394000, "interestIncome": 761000, "interestExpense": 12289000, "depreciationAndAmortization": 76933000, "ebitda": 136897000, "ebitdaratio": 0.0729023604, "operatingIncome": 72145000, "operatingIncomeRatio": 0.0384196935, "totalOtherIncomeExpensesNet": 4510000, "incomeBeforeTax": 56401000, "incomeBeforeTaxRatio": 0.0300354721, "incomeTaxExpense": 29310000, "netIncome": 24766000, "netIncomeRatio": 0.0131887467, "eps": 0.33, "epsdiluted": 0.33, "weightedAverageShsOut": 38224000, "weightedAverageShsOutDil": 38506000, "link": "https://www.sec.gov/Archives/edgar/data/780571/000078057116000059/0000780571-16-000059-index.htm", "finalLink": "https://www.sec.gov/Archives/edgar/data/780571/000078057116000059/itri10k12312015.htm", "calculatedOtherExpenses": 22947000, "calculatedOperatingExpenses": 486973000, "calculatedNetInterest": -11528000, "calculatedOtherIncome": -4216000, "calculatedIncomeNonControlling": 2325000, "calculatedEbitda": 149078000}, {"date": "2014-12-31", "symbol": "ITRI", "reportedCurrency": "USD", "cik": "0000780571", "fillingDate": "2015-02-20", "acceptedDate": "2015-02-20 17:30:58", "calendarYear": "2014", "period": "FY", "revenue": 1970697000, "costOfRevenue": 1347572000, "grossProfit": 623125000, "grossProfitRatio": 0.3161952345, "researchAndDevelopmentExpenses": 175500000, "generalAndAdministrativeExpenses": 163101000, "sellingAndMarketingExpenses": 185239000, "sellingGeneralAndAdministrativeExpenses": 348340000, "otherExpenses": -7633000, "operatingExpenses": 567459000, "costAndExpenses": 1915031000, "interestIncome": 494000, "interestExpense": 11602000, "depreciationAndAmortization": 98463000, "ebitda": 146990000, "ebitdaratio": 0.0745878235, "operatingIncome": 3832000, "operatingIncomeRatio": 0.0019444897, "totalOtherIncomeExpensesNet": -59467000, "incomeBeforeTax": -14909000, "incomeBeforeTaxRatio": -0.0075653436, "incomeTaxExpense": 6641000, "netIncome": -22920000, "netIncomeRatio": -0.0116304028, "eps": -0.58, "epsdiluted": -0.58, "weightedAverageShsOut": 39184000, "weightedAverageShsOutDil": 39184000, "link": "https://www.sec.gov/Archives/edgar/data/780571/000078057115000010/0000780571-15-000010-index.htm", "finalLink": "https://www.sec.gov/Archives/edgar/data/780571/000078057115000010/itri10k123114.htm", "calculatedOtherExpenses": 95453000, "calculatedOperatingExpenses": 619293000, "calculatedNetInterest": -11108000, "calculatedOtherIncome": -7633000, "calculatedIncomeNonControlling": 1370000, "calculatedEbitda": 102295000}, {"date": "2013-12-31", "symbol": "ITRI", "reportedCurrency": "USD", "cik": "0000780571", "fillingDate": "2014-02-26", "acceptedDate": "2014-02-25 19:10:46", "calendarYear": "2013", "period": "FY", "revenue": 1948728000, "costOfRevenue": 1334195000, "grossProfit": 614533000, "grossProfitRatio": 0.315350834, "researchAndDevelopmentExpenses": 176019000, "generalAndAdministrativeExpenses": 142559000, "sellingAndMarketingExpenses": 180371000, "sellingGeneralAndAdministrativeExpenses": 322930000, "otherExpenses": -4007000, "operatingExpenses": 540968000, "costAndExpenses": 1875163000, "interestIncome": 1620000, "interestExpense": 10686000, "depreciationAndAmortization": 98845000, "ebitda": 170023000, "ebitdaratio": 0.0872481947, "operatingIncome": -135181000, "operatingIncomeRatio": -0.0693688396, "totalOtherIncomeExpensesNet": -212753000, "incomeBeforeTax": -148254000, "incomeBeforeTaxRatio": -0.0760773181, "incomeTaxExpense": -3664000, "netIncome": -146809000, "netIncomeRatio": -0.0753358088, "eps": -3.74, "epsdiluted": -3.74, "weightedAverageShsOut": 39270000, "weightedAverageShsOutDil": 39281000, "link": "https://www.sec.gov/Archives/edgar/data/780571/000078057114000014/0000780571-14-000014-index.htm", "finalLink": "https://www.sec.gov/Archives/edgar/data/780571/000078057114000014/itri10k123113.htm", "calculatedOtherExpenses": 250765000, "calculatedOperatingExpenses": 749714000, "calculatedNetInterest": -9066000, "calculatedOtherIncome": -4007000, "calculatedIncomeNonControlling": 2219000, "calculatedEbitda": -36336000}, {"date": "2012-12-31", "symbol": "ITRI", "reportedCurrency": "USD", "cik": "0000780571", "fillingDate": "2013-02-22", "acceptedDate": "2013-02-21 21:51:58", "calendarYear": "2012", "period": "FY", "revenue": 2178178000, "costOfRevenue": 1463031000, "grossProfit": 715147000, "grossProfitRatio": 0.3283234887, "researchAndDevelopmentExpenses": 178653000, "generalAndAdministrativeExpenses": 138290000, "sellingAndMarketingExpenses": 197603000, "sellingGeneralAndAdministrativeExpenses": 335893000, "otherExpenses": -5744000, "operatingExpenses": 562356000, "costAndExpenses": 2025387000, "interestIncome": 952000, "interestExpense": 10115000, "depreciationAndAmortization": 109471000, "ebitda": 257470000, "ebitdaratio": 0.1182042974, "operatingIncome": 151126000, "operatingIncomeRatio": 0.0693818412, "totalOtherIncomeExpensesNet": -7409000, "incomeBeforeTax": 136219000, "incomeBeforeTaxRatio": 0.0625380479, "incomeTaxExpense": 25995000, "netIncome": 108275000, "netIncomeRatio": 0.049708977, "eps": 2.73, "epsdiluted": 2.71, "weightedAverageShsOut": 39625000, "weightedAverageShsOutDil": 39934000, "link": "https://www.sec.gov/Archives/edgar/data/780571/000078057113000004/0000780571-13-000004-index.htm", "finalLink": "https://www.sec.gov/Archives/edgar/data/780571/000078057113000004/itri10k123112.htm", "calculatedOtherExpenses": 49475000, "calculatedOperatingExpenses": 564021000, "calculatedNetInterest": -9163000, "calculatedOtherIncome": -5744000, "calculatedIncomeNonControlling": 1949000, "calculatedEbitda": 260597000}, {"date": "2011-12-31", "symbol": "ITRI", "reportedCurrency": "USD", "cik": "0000780571", "fillingDate": "2012-02-17", "acceptedDate": "2012-02-16 19:52:10", "calendarYear": "2011", "period": "FY", "revenue": 2434124000, "costOfRevenue": 1691146000, "grossProfit": 742978000, "grossProfitRatio": 0.3052342444, "researchAndDevelopmentExpenses": 162529000, "generalAndAdministrativeExpenses": 137512000, "sellingAndMarketingExpenses": 185797000, "sellingGeneralAndAdministrativeExpenses": 323309000, "otherExpenses": 63394000, "operatingExpenses": 549232000, "costAndExpenses": 2240378000, "interestIncome": 862000, "interestExpense": 36794000, "depreciationAndAmortization": 129466000, "ebitda": 324074000, "ebitdaratio": 0.1331378352, "operatingIncome": -459183000, "operatingIncomeRatio": -0.1886440461, "totalOtherIncomeExpensesNet": -663541000, "incomeBeforeTax": -505727000, "incomeBeforeTaxRatio": -0.2077655041, "incomeTaxExpense": 4430000, "netIncome": -510157000, "netIncomeRatio": -0.2095854607, "eps": -12.56, "epsdiluted": -12.56, "weightedAverageShsOut": 40612000, "weightedAverageShsOutDil": 40612000, "link": "https://www.sec.gov/Archives/edgar/data/780571/000078057112000006/0000780571-12-000006-index.htm", "finalLink": "https://www.sec.gov/Archives/edgar/data/780571/000078057112000006/itri10k123111.htm", "calculatedOtherExpenses": 716323000, "calculatedOperatingExpenses": 1202161000, "calculatedNetInterest": -35932000, "calculatedOtherIncome": -10612000, "calculatedIncomeNonControlling": 0, "calculatedEbitda": -329717000}, {"date": "2010-12-31", "symbol": "ITRI", "reportedCurrency": "USD", "cik": "0000780571", "fillingDate": "2011-02-25", "acceptedDate": "2011-02-24 21:45:12", "calendarYear": "2010", "period": "FY", "revenue": 2259271000, "costOfRevenue": 1561032000, "grossProfit": 698239000, "grossProfitRatio": 0.3090550005, "researchAndDevelopmentExpenses": 140229000, "generalAndAdministrativeExpenses": 133086000, "sellingAndMarketingExpenses": 171676000, "sellingGeneralAndAdministrativeExpenses": 304762000, "otherExpenses": 69051000, "operatingExpenses": 514042000, "costAndExpenses": 2075074000, "interestIncome": 592000, "interestExpense": 54904000, "depreciationAndAmortization": 131205000, "ebitda": 315994000, "ebitdaratio": 0.1398654699, "operatingIncome": 184197000, "operatingIncomeRatio": 0.081529396, "totalOtherIncomeExpensesNet": -9141000, "incomeBeforeTax": 120744000, "incomeBeforeTaxRatio": 0.0534437878, "incomeTaxExpense": 15974000, "netIncome": 104770000, "netIncomeRatio": 0.0463733656, "eps": 2.6, "epsdiluted": 2.56, "weightedAverageShsOut": 40337000, "weightedAverageShsOutDil": 40947000, "link": "https://www.sec.gov/Archives/edgar/data/780571/000119312511045950/0001193125-11-045950-index.htm", "finalLink": "https://www.sec.gov/Archives/edgar/data/780571/000119312511045950/d10k.htm", "calculatedOtherExpenses": 69051000, "calculatedOperatingExpenses": 514042000, "calculatedNetInterest": -54312000, "calculatedOtherIncome": -9141000, "calculatedIncomeNonControlling": 0, "calculatedEbitda": 315402000}, {"date": "2009-12-31", "symbol": "ITRI", "reportedCurrency": "USD", "cik": "0000780571", "fillingDate": "2010-02-25", "acceptedDate": "2010-02-24 19:35:15", "calendarYear": "2009", "period": "FY", "revenue": 1687447000, "costOfRevenue": 1149991000, "grossProfit": 537456000, "grossProfitRatio": 0.3185024478, "researchAndDevelopmentExpenses": 122314000, "generalAndAdministrativeExpenses": 119137000, "sellingAndMarketingExpenses": 152405000, "sellingGeneralAndAdministrativeExpenses": 271542000, "otherExpenses": 98573000, "operatingExpenses": 492429000, "costAndExpenses": 1642420000, "interestIncome": 1186000, "interestExpense": 70311000, "depreciationAndAmortization": 155737000, "ebitda": 201950000, "ebitdaratio": 0.1196778328, "operatingIncome": 45027000, "operatingIncomeRatio": 0.0266835047, "totalOtherIncomeExpensesNet": -21976000, "incomeBeforeTax": -46074000, "incomeBeforeTaxRatio": -0.0273039687, "incomeTaxExpense": -43825000, "netIncome": -2249000, "netIncomeRatio": -0.0013327826, "eps": -0.0584, "epsdiluted": -0.0584, "weightedAverageShsOut": 38539000, "weightedAverageShsOutDil": 38539000, "link": "https://www.sec.gov/Archives/edgar/data/780571/000078057110000007/0000780571-10-000007-index.htm", "finalLink": "https://www.sec.gov/Archives/edgar/data/780571/000078057110000007/form10k.htm", "calculatedOtherExpenses": 98573000, "calculatedOperatingExpenses": 492429000, "calculatedNetInterest": -69125000, "calculatedOtherIncome": -21976000, "calculatedIncomeNonControlling": 0, "calculatedEbitda": 200764000}, {"date": "2008-12-31", "symbol": "ITRI", "reportedCurrency": "USD", "cik": "0000780571", "fillingDate": "2009-02-26", "acceptedDate": "2009-02-26 00:00:00", "calendarYear": "2008", "period": "FY", "revenue": 1909613000, "costOfRevenue": 1262756000, "grossProfit": 646857000, "grossProfitRatio": 0.3387372206, "researchAndDevelopmentExpenses": 120699000, "generalAndAdministrativeExpenses": 128515000, "sellingAndMarketingExpenses": 167457000, "sellingGeneralAndAdministrativeExpenses": 295972000, "otherExpenses": 120364000, "operatingExpenses": 537035000, "costAndExpenses": 1799791000, "interestIncome": 5970000, "interestExpense": 80735000, "depreciationAndAmortization": 182590000, "ebitda": 298382000, "ebitdaratio": 0.156252602, "operatingIncome": 109822000, "operatingIncomeRatio": 0.0575100819, "totalOtherIncomeExpensesNet": -2984000, "incomeBeforeTax": 32073000, "incomeBeforeTaxRatio": 0.0167955497, "incomeTaxExpense": 4014000, "netIncome": 28059000, "netIncomeRatio": 0.0146935531, "eps": 0.6, "epsdiluted": 0.57, "weightedAverageShsOut": 33096000, "weightedAverageShsOutDil": 34951000, "link": "https://www.sec.gov/Archives/edgar/data/780571/000078057109000015/0000780571-09-000015-index.htm", "finalLink": "https://www.sec.gov/Archives/edgar/data/780571/000078057109000015/form10k.htm", "calculatedOtherExpenses": 120364000, "calculatedOperatingExpenses": 537035000, "calculatedNetInterest": -74765000, "calculatedOtherIncome": -2984000, "calculatedIncomeNonControlling": 0, "calculatedEbitda": 292412000}, {"date": "2007-12-31", "symbol": "ITRI", "reportedCurrency": "USD", "cik": "0000780571", "fillingDate": "2007-12-31", "acceptedDate": "2007-12-30 19:00:00", "calendarYear": "2007", "period": "FY", "revenue": 1464048000, "costOfRevenue": 976761000, "grossProfit": 487287000, "grossProfitRatio": 0.3328353988, "researchAndDevelopmentExpenses": 94926000, "generalAndAdministrativeExpenses": 0, "sellingAndMarketingExpenses": 0, "sellingGeneralAndAdministrativeExpenses": 225913000, "otherExpenses": 84000000, "operatingExpenses": 404839000, "costAndExpenses": 1381600000, "interestIncome": 0, "interestExpense": 0, "depreciationAndAmortization": 139966000, "ebitda": 257954000, "ebitdaratio": 0.1761923106, "operatingIncome": 46473000, "operatingIncomeRatio": 0.0317428117, "totalOtherIncomeExpensesNet": -35540000, "incomeBeforeTax": -32580000, "incomeBeforeTaxRatio": -0.0222533687, "incomeTaxExpense": -16436000, "netIncome": -16144000, "netIncomeRatio": -0.0110269609, "eps": -0.55, "epsdiluted": -0.55, "weightedAverageShsOut": 29584000, "weightedAverageShsOutDil": 29584000, "link": "", "finalLink": "", "calculatedOtherExpenses": 119975000, "calculatedOperatingExpenses": 440814000, "calculatedNetInterest": 0, "calculatedOtherIncome": -79053000, "calculatedIncomeNonControlling": 0, "calculatedEbitda": 186439000}, {"date": "2006-12-31", "symbol": "ITRI", "reportedCurrency": "USD", "cik": "0000780571", "fillingDate": "2007-02-23", "acceptedDate": "2007-02-22 21:25:08", "calendarYear": "2006", "period": "FY", "revenue": 644042000, "costOfRevenue": 376600000, "grossProfit": 267442000, "grossProfitRatio": 0.4152555268, "researchAndDevelopmentExpenses": 58774000, "generalAndAdministrativeExpenses": 52213000, "sellingAndMarketingExpenses": 63587000, "sellingGeneralAndAdministrativeExpenses": 115800000, "otherExpenses": 31125000, "operatingExpenses": 205699000, "costAndExpenses": 582299000, "interestIncome": 9497000, "interestExpense": -17785000, "depreciationAndAmortization": 50760000, "ebitda": 113723000, "ebitdaratio": 0.1765769934, "operatingIncome": 61743000, "operatingIncomeRatio": 0.0958679713, "totalOtherIncomeExpensesNet": -1220000, "incomeBeforeTax": 52235000, "incomeBeforeTaxRatio": 0.081104959, "incomeTaxExpense": 18476000, "netIncome": 33759000, "netIncomeRatio": 0.0524173889, "eps": 1.33, "epsdiluted": 1.28, "weightedAverageShsOut": 25414000, "weightedAverageShsOutDil": 26283000, "link": "https://www.sec.gov/Archives/edgar/data/780571/000119312507037418/0001193125-07-037418-index.htm", "finalLink": "https://www.sec.gov/Archives/edgar/data/780571/000119312507037418/d10k.htm", "calculatedOtherExpenses": 31125000, "calculatedOperatingExpenses": 205699000, "calculatedNetInterest": 27282000, "calculatedOtherIncome": -36790000, "calculatedIncomeNonControlling": 0, "calculatedEbitda": 112503000}, {"date": "2005-12-31", "symbol": "ITRI", "reportedCurrency": "USD", "cik": "0000780571", "fillingDate": "2006-02-24", "acceptedDate": "2006-02-24 06:30:52", "calendarYear": "2005", "period": "FY", "revenue": 552690000, "costOfRevenue": 319069000, "grossProfit": 233621000, "grossProfitRatio": 0.4226980767, "researchAndDevelopmentExpenses": 47077000, "generalAndAdministrativeExpenses": 44428000, "sellingAndMarketingExpenses": 56642000, "sellingGeneralAndAdministrativeExpenses": 101070000, "otherExpenses": 38846000, "operatingExpenses": 186993000, "costAndExpenses": 506062000, "interestIncome": 302000, "interestExpense": -18944000, "depreciationAndAmortization": 56603000, "ebitda": 103689000, "ebitdaratio": 0.1876078815, "operatingIncome": 46238000, "operatingIncomeRatio": 0.0836599179, "totalOtherIncomeExpensesNet": -458000, "incomeBeforeTax": 27528000, "incomeBeforeTaxRatio": 0.0498073061, "incomeTaxExpense": -5533000, "netIncome": 33061000, "netIncomeRatio": 0.059818343, "eps": 1.41, "epsdiluted": 1.33, "weightedAverageShsOut": 23394000, "weightedAverageShsOutDil": 24777000, "link": "https://www.sec.gov/Archives/edgar/data/780571/000119312506038135/0001193125-06-038135-index.htm", "finalLink": "https://www.sec.gov/Archives/edgar/data/780571/000119312506038135/d10k.htm", "calculatedOtherExpenses": 39236000, "calculatedOperatingExpenses": 187383000, "calculatedNetInterest": 19246000, "calculatedOtherIncome": -37956000, "calculatedIncomeNonControlling": 0, "calculatedEbitda": 102841000}, {"date": "2004-12-31", "symbol": "ITRI", "reportedCurrency": "USD", "cik": "0000780571", "fillingDate": "2005-03-11", "acceptedDate": "2005-03-11 06:20:10", "calendarYear": "2004", "period": "FY", "revenue": 399194000, "costOfRevenue": 228525000, "grossProfit": 170669000, "grossProfitRatio": 0.427533981, "researchAndDevelopmentExpenses": 44379000, "generalAndAdministrativeExpenses": 35490000, "sellingAndMarketingExpenses": 45279000, "sellingGeneralAndAdministrativeExpenses": 80769000, "otherExpenses": 27901000, "operatingExpenses": 153049000, "costAndExpenses": 381574000, "interestIncome": 166000, "interestExpense": -13145000, "depreciationAndAmortization": 40617000, "ebitda": 72284000, "ebitdaratio": 0.1810748659, "operatingIncome": 3962000, "operatingIncomeRatio": 0.0099249989, "totalOtherIncomeExpensesNet": -14047000, "incomeBeforeTax": -9406000, "incomeBeforeTaxRatio": -0.0235624784, "incomeTaxExpense": -4149000, "netIncome": -5257000, "netIncomeRatio": -0.0131690356, "eps": -0.25, "epsdiluted": -0.25, "weightedAverageShsOut": 20922000, "weightedAverageShsOutDil": 20922000, "link": "https://www.sec.gov/Archives/edgar/data/780571/000119312505047028/0001193125-05-047028-index.htm", "finalLink": "https://www.sec.gov/Archives/edgar/data/780571/000119312505047028/d10k.htm", "calculatedOtherExpenses": 41559000, "calculatedOperatingExpenses": 166707000, "calculatedNetInterest": 13311000, "calculatedOtherIncome": -26679000, "calculatedIncomeNonControlling": 0, "calculatedEbitda": 44579000}, {"date": "2003-12-31", "symbol": "ITRI", "reportedCurrency": "USD", "cik": "0000780571", "fillingDate": "2004-03-12", "acceptedDate": "2004-03-12 17:02:56", "calendarYear": "2003", "period": "FY", "revenue": 316965000, "costOfRevenue": 173411000, "grossProfit": 143554000, "grossProfitRatio": 0.4529017399, "researchAndDevelopmentExpenses": 43017000, "generalAndAdministrativeExpenses": 28944000, "sellingAndMarketingExpenses": 36673000, "sellingGeneralAndAdministrativeExpenses": 65617000, "otherExpenses": 10118000, "operatingExpenses": 118752000, "costAndExpenses": 292163000, "interestIncome": 159000, "interestExpense": -2638000, "depreciationAndAmortization": 19040000, "ebitda": 48845000, "ebitdaratio": 0.1541021879, "operatingIncome": 21694000, "operatingIncomeRatio": 0.068442888, "totalOtherIncomeExpensesNet": -4924000, "incomeBeforeTax": 17899000, "incomeBeforeTaxRatio": 0.0564699573, "incomeTaxExpense": 7421000, "netIncome": 10478000, "netIncomeRatio": 0.0330572776, "eps": 0.51, "epsdiluted": 0.48, "weightedAverageShsOut": 20413000, "weightedAverageShsOutDil": 21740000, "link": "https://www.sec.gov/Archives/edgar/data/780571/000119312504040650/0001193125-04-040650-index.htm", "finalLink": "https://www.sec.gov/Archives/edgar/data/780571/000119312504040650/d10k.htm", "calculatedOtherExpenses": 13226000, "calculatedOperatingExpenses": 121860000, "calculatedNetInterest": 2797000, "calculatedOtherIncome": -6592000, "calculatedIncomeNonControlling": 0, "calculatedEbitda": 40734000}, {"date": "2002-12-31", "symbol": "ITRI", "reportedCurrency": "USD", "cik": "0000780571", "fillingDate": "2003-03-27", "acceptedDate": "2003-03-27 16:38:00", "calendarYear": "2002", "period": "FY", "revenue": 284842000, "costOfRevenue": 152573000, "grossProfit": 132269000, "grossProfitRatio": 0.4643591886, "researchAndDevelopmentExpenses": 36780000, "generalAndAdministrativeExpenses": 26653000, "sellingAndMarketingExpenses": 30603000, "sellingGeneralAndAdministrativeExpenses": 57256000, "otherExpenses": 9756000, "operatingExpenses": 103792000, "costAndExpenses": 256365000, "interestIncome": 1187000, "interestExpense": -2061000, "depreciationAndAmortization": 10184000, "ebitda": 54931000, "ebitdaratio": 0.1928472627, "operatingIncome": 18142000, "operatingIncomeRatio": 0.06369145, "totalOtherIncomeExpensesNet": -16144000, "incomeBeforeTax": 18859000, "incomeBeforeTaxRatio": 0.066208635, "incomeTaxExpense": 10176000, "netIncome": 8683000, "netIncomeRatio": 0.0304835663, "eps": 0.45, "epsdiluted": 0.41, "weightedAverageShsOut": 19262000, "weightedAverageShsOutDil": 21380000, "link": "https://www.sec.gov/Archives/edgar/data/780571/000103221003000460/0001032210-03-000460-index.htm", "finalLink": "https://www.sec.gov/Archives/edgar/data/780571/000103221003000460/d10k.htm", "calculatedOtherExpenses": 20091000, "calculatedOperatingExpenses": 114127000, "calculatedNetInterest": 3248000, "calculatedOtherIncome": -2531000, "calculatedIncomeNonControlling": 0, "calculatedEbitda": 28326000}, {"date": "2001-12-31", "symbol": "ITRI", "reportedCurrency": "USD", "cik": "0000780571", "fillingDate": "2002-03-28", "acceptedDate": "2002-03-28 00:00:00", "calendarYear": "2001", "period": "FY", "revenue": 225555000, "costOfRevenue": 127696000, "grossProfit": 97859000, "grossProfitRatio": 0.4338587041, "researchAndDevelopmentExpenses": 30000000, "generalAndAdministrativeExpenses": 41732000, "sellingAndMarketingExpenses": 0, "sellingGeneralAndAdministrativeExpenses": 41732000, "otherExpenses": 1486000, "operatingExpenses": 73218000, "costAndExpenses": 200914000, "interestIncome": 0, "interestExpense": 0, "depreciationAndAmortization": 9900000, "ebitda": 33322000, "ebitdaratio": 0.1477333688, "operatingIncome": 25860000, "operatingIncomeRatio": 0.1146505287, "totalOtherIncomeExpensesNet": 603000, "incomeBeforeTax": 21366000, "incomeBeforeTaxRatio": 0.0947263417, "incomeTaxExpense": 7916000, "netIncome": 13450000, "netIncomeRatio": 0.0596306887, "eps": 0.86, "epsdiluted": 0.75, "weightedAverageShsOut": 15639000, "weightedAverageShsOutDil": 18834000, "link": "https://www.sec.gov/Archives/edgar/data/780571/000103221002000503/0001032210-02-000503-index.htm", "finalLink": "https://www.sec.gov/Archives/edgar/data/780571/000103221002000503/d10k405.txt", "calculatedOtherExpenses": 267000, "calculatedOperatingExpenses": 71999000, "calculatedNetInterest": 0, "calculatedOtherIncome": -4494000, "calculatedIncomeNonControlling": 0, "calculatedEbitda": 35760000}, {"date": "2000-12-31", "symbol": "ITRI", "reportedCurrency": "USD", "cik": "0000780571", "fillingDate": "2001-03-22", "acceptedDate": "2001-03-22 00:00:00", "calendarYear": "2000", "period": "FY", "revenue": 183972000, "costOfRevenue": 100206000, "grossProfit": 83766000, "grossProfitRatio": 0.4553192877, "researchAndDevelopmentExpenses": 21331000, "generalAndAdministrativeExpenses": 38291000, "sellingAndMarketingExpenses": 0, "sellingGeneralAndAdministrativeExpenses": 38291000, "otherExpenses": 13010000, "operatingExpenses": 72632000, "costAndExpenses": 172838000, "interestIncome": 0, "interestExpense": 0, "depreciationAndAmortization": 13010000, "ebitda": 22890000, "ebitdaratio": 0.1244211076, "operatingIncome": 11134000, "operatingIncomeRatio": 0.0605200791, "totalOtherIncomeExpensesNet": 1254000, "incomeBeforeTax": 8593000, "incomeBeforeTaxRatio": 0.0467081947, "incomeTaxExpense": 3334000, "netIncome": 4657000, "netIncomeRatio": 0.0253136347, "eps": 0.18, "epsdiluted": 0.18, "weightedAverageShsOut": 15180000, "weightedAverageShsOutDil": 15385000, "link": "https://www.sec.gov/Archives/edgar/data/780571/000103221001500085/0001032210-01-500085-index.htm", "finalLink": "https://www.sec.gov/Archives/edgar/data/780571/000103221001500085/d10k405.txt", "calculatedOtherExpenses": 13010000, "calculatedOperatingExpenses": 72632000, "calculatedNetInterest": 0, "calculatedOtherIncome": -2541000, "calculatedIncomeNonControlling": 602000, "calculatedEbitda": 24144000}, {"date": "1999-12-31", "symbol": "ITRI", "reportedCurrency": "USD", "cik": "0000780571", "fillingDate": "2000-03-30", "acceptedDate": "2000-03-30 00:00:00", "calendarYear": "1999", "period": "FY", "revenue": 193400000, "costOfRevenue": 183600000, "grossProfit": 9800000, "grossProfitRatio": 0.050672182, "researchAndDevelopmentExpenses": 26800000, "generalAndAdministrativeExpenses": 41300000, "sellingAndMarketingExpenses": 0, "sellingGeneralAndAdministrativeExpenses": 41300000, "otherExpenses": 18500000, "operatingExpenses": 86600000, "costAndExpenses": 270200000, "interestIncome": 0, "interestExpense": 0, "depreciationAndAmortization": 18500000, "ebitda": -41000000, "ebitdaratio": -0.2119958635, "operatingIncome": -76800000, "operatingIncomeRatio": -0.3971044467, "totalOtherIncomeExpensesNet": -17300000, "incomeBeforeTax": -100300000, "incomeBeforeTaxRatio": -0.5186142709, "incomeTaxExpense": -28000000, "netIncome": -68600000, "netIncomeRatio": -0.354705274, "eps": -4.62, "epsdiluted": -4.62, "weightedAverageShsOut": 14851000, "weightedAverageShsOutDil": 14851000, "link": "https://www.sec.gov/Archives/edgar/data/780571/000078057100000013/0000780571-00-000013-index.html", "finalLink": "https://www.sec.gov/Archives/edgar/data/780571/000078057100000013/", "calculatedOtherExpenses": 18500000, "calculatedOperatingExpenses": 86600000, "calculatedNetInterest": 0, "calculatedOtherIncome": -23500000, "calculatedIncomeNonControlling": -3700000, "calculatedEbitda": -58300000}, {"date": "1998-12-31", "symbol": "ITRI", "reportedCurrency": "USD", "cik": "0000780571", "fillingDate": "1999-03-30", "acceptedDate": "1999-03-30 00:00:00", "calendarYear": "1998", "period": "FY", "revenue": 241400000, "costOfRevenue": 147000000, "grossProfit": 94400000, "grossProfitRatio": 0.3910521955, "researchAndDevelopmentExpenses": 33500000, "generalAndAdministrativeExpenses": 39500000, "sellingAndMarketingExpenses": 0, "sellingGeneralAndAdministrativeExpenses": 39500000, "otherExpenses": 19900000, "operatingExpenses": 92900000, "costAndExpenses": 239900000, "interestIncome": 0, "interestExpense": 0, "depreciationAndAmortization": 19900000, "ebitda": 26500000, "ebitdaratio": 0.1097763049, "operatingIncome": 1500000, "operatingIncomeRatio": 0.0062137531, "totalOtherIncomeExpensesNet": -5100000, "incomeBeforeTax": -10000000, "incomeBeforeTaxRatio": -0.0414250207, "incomeTaxExpense": -3800000, "netIncome": -6200000, "netIncomeRatio": -0.0256835128, "eps": -0.42, "epsdiluted": -0.42, "weightedAverageShsOut": 14668000, "weightedAverageShsOutDil": 14668000, "link": "https://www.sec.gov/Archives/edgar/data/780571/000104746999012178/0001047469-99-012178-index.html", "finalLink": "https://www.sec.gov/Archives/edgar/data/780571/", "calculatedOtherExpenses": 19900000, "calculatedOperatingExpenses": 92900000, "calculatedNetInterest": 0, "calculatedOtherIncome": -11500000, "calculatedIncomeNonControlling": 0, "calculatedEbitda": 21400000}, {"date": "1997-12-31", "symbol": "ITRI", "reportedCurrency": "USD", "cik": "0000780571", "fillingDate": "1998-03-31", "acceptedDate": "1998-03-31 00:00:00", "calendarYear": "1997", "period": "FY", "revenue": 216100000, "costOfRevenue": 120800000, "grossProfit": 95300000, "grossProfitRatio": 0.4409995373, "researchAndDevelopmentExpenses": 32200000, "generalAndAdministrativeExpenses": 41700000, "sellingAndMarketingExpenses": 0, "sellingGeneralAndAdministrativeExpenses": 41700000, "otherExpenses": 16800000, "operatingExpenses": 90700000, "costAndExpenses": 211500000, "interestIncome": 0, "interestExpense": 0, "depreciationAndAmortization": 16800000, "ebitda": 20500000, "ebitdaratio": 0.0948634891, "operatingIncome": 4600000, "operatingIncomeRatio": 0.0212864415, "totalOtherIncomeExpensesNet": 900000, "incomeBeforeTax": 1600000, "incomeBeforeTaxRatio": 0.0074039796, "incomeTaxExpense": 600000, "netIncome": 1000000, "netIncomeRatio": 0.0046274873, "eps": 0.07, "epsdiluted": 0.07, "weightedAverageShsOut": 14118000, "weightedAverageShsOutDil": 14562000, "link": "https://www.sec.gov/Archives/edgar/data/780571/000078057198000002/0000780571-98-000002-index.html", "finalLink": "https://www.sec.gov/Archives/edgar/data/780571/", "calculatedOtherExpenses": 16800000, "calculatedOperatingExpenses": 90700000, "calculatedNetInterest": 0, "calculatedOtherIncome": -3000000, "calculatedIncomeNonControlling": 0, "calculatedEbitda": 21400000}, {"date": "1996-12-31", "symbol": "ITRI", "reportedCurrency": "USD", "cik": "0000780571", "fillingDate": "1997-03-05", "acceptedDate": "1997-03-05 00:00:00", "calendarYear": "1996", "period": "FY", "revenue": 177600000, "costOfRevenue": 95700000, "grossProfit": 81900000, "grossProfitRatio": 0.4611486486, "researchAndDevelopmentExpenses": 33300000, "generalAndAdministrativeExpenses": 39800000, "sellingAndMarketingExpenses": 0, "sellingGeneralAndAdministrativeExpenses": 39800000, "otherExpenses": 10500000, "operatingExpenses": 83600000, "costAndExpenses": 179300000, "interestIncome": 0, "interestExpense": 0, "depreciationAndAmortization": 10500000, "ebitda": 8800000, "ebitdaratio": 0.0495495495, "operatingIncome": -1700000, "operatingIncomeRatio": -0.0095720721, "totalOtherIncomeExpensesNet": -500000, "incomeBeforeTax": -2200000, "incomeBeforeTaxRatio": -0.0123873874, "incomeTaxExpense": -700000, "netIncome": -1500000, "netIncomeRatio": -0.0084459459, "eps": -0.11, "epsdiluted": -0.11, "weightedAverageShsOut": 13297000, "weightedAverageShsOutDil": 14210526, "link": "https://www.sec.gov/Archives/edgar/data/780571/000089102097000296/0000891020-97-000296-index.html", "finalLink": "https://www.sec.gov/Archives/edgar/data/780571/", "calculatedOtherExpenses": 10500000, "calculatedOperatingExpenses": 83600000, "calculatedNetInterest": 0, "calculatedOtherIncome": -500000, "calculatedIncomeNonControlling": 0, "calculatedEbitda": 8800000}, {"date": "1995-12-31", "symbol": "ITRI", "reportedCurrency": "USD", "cik": "0000780571", "fillingDate": "1995-12-31", "acceptedDate": "1995-12-30 19:00:00", "calendarYear": "1995", "period": "FY", "revenue": 155400000, "costOfRevenue": 87900000, "grossProfit": 67500000, "grossProfitRatio": 0.4343629344, "researchAndDevelopmentExpenses": 27100000, "generalAndAdministrativeExpenses": 0, "sellingAndMarketingExpenses": 0, "sellingGeneralAndAdministrativeExpenses": 18800000, "otherExpenses": 8000000, "operatingExpenses": 53900000, "costAndExpenses": 141800000, "interestIncome": 0, "interestExpense": 0, "depreciationAndAmortization": 8000000, "ebitda": 19900000, "ebitdaratio": 0.1280566281, "operatingIncome": 13600000, "operatingIncomeRatio": 0.0875160875, "totalOtherIncomeExpensesNet": 1700000, "incomeBeforeTax": 15400000, "incomeBeforeTaxRatio": 0.0990990991, "incomeTaxExpense": 5300000, "netIncome": 10100000, "netIncomeRatio": 0.064993565, "eps": 0.85, "epsdiluted": 0.81, "weightedAverageShsOut": 11882353, "weightedAverageShsOutDil": 12469136, "link": "", "finalLink": "", "calculatedOtherExpenses": 8000000, "calculatedOperatingExpenses": 53900000, "calculatedNetInterest": 0, "calculatedOtherIncome": 1800000, "calculatedIncomeNonControlling": 0, "calculatedEbitda": 21600000}, {"date": "1994-12-31", "symbol": "ITRI", "reportedCurrency": "USD", "cik": "0000780571", "fillingDate": "1994-12-31", "acceptedDate": "1994-12-30 19:00:00", "calendarYear": "1994", "period": "FY", "revenue": 120700000, "costOfRevenue": 63100000, "grossProfit": 57600000, "grossProfitRatio": 0.4772162386, "researchAndDevelopmentExpenses": 0, "generalAndAdministrativeExpenses": 0, "sellingAndMarketingExpenses": 0, "sellingGeneralAndAdministrativeExpenses": 40100000, "otherExpenses": 6600000, "operatingExpenses": 46700000, "costAndExpenses": 109800000, "interestIncome": 0, "interestExpense": 0, "depreciationAndAmortization": 6600000, "ebitda": 16500000, "ebitdaratio": 0.1367025684, "operatingIncome": 10900000, "operatingIncomeRatio": 0.0903065452, "totalOtherIncomeExpensesNet": 1000000, "incomeBeforeTax": 11900000, "incomeBeforeTaxRatio": 0.0985915493, "incomeTaxExpense": 3900000, "netIncome": 8000000, "netIncomeRatio": 0.0662800331, "eps": 0.86, "epsdiluted": 0.8, "weightedAverageShsOut": 9302326, "weightedAverageShsOutDil": 10000000, "link": "", "finalLink": "", "calculatedOtherExpenses": 6600000, "calculatedOperatingExpenses": 46700000, "calculatedNetInterest": 0, "calculatedOtherIncome": 1000000, "calculatedIncomeNonControlling": 0, "calculatedEbitda": 17500000}, {"date": "1993-12-31", "symbol": "ITRI", "reportedCurrency": "USD", "cik": "0000780571", "fillingDate": "1993-12-31", "acceptedDate": "1993-12-30 19:00:00", "calendarYear": "1993", "period": "FY", "revenue": 88600000, "costOfRevenue": 41900000, "grossProfit": 46700000, "grossProfitRatio": 0.5270880361, "researchAndDevelopmentExpenses": 0, "generalAndAdministrativeExpenses": 0, "sellingAndMarketingExpenses": 0, "sellingGeneralAndAdministrativeExpenses": 30500000, "otherExpenses": 6100000, "operatingExpenses": 36600000, "costAndExpenses": 78500000, "interestIncome": 0, "interestExpense": 0, "depreciationAndAmortization": 6100000, "ebitda": 16200000, "ebitdaratio": 0.1828442438, "operatingIncome": 10100000, "operatingIncomeRatio": 0.1139954853, "totalOtherIncomeExpensesNet": -2700000, "incomeBeforeTax": 7400000, "incomeBeforeTaxRatio": 0.0835214447, "incomeTaxExpense": 3100000, "netIncome": 4300000, "netIncomeRatio": 0.0485327314, "eps": 0.64, "epsdiluted": 0.59, "weightedAverageShsOut": 8888889, "weightedAverageShsOutDil": 8888889, "link": "", "finalLink": "", "calculatedOtherExpenses": 6100000, "calculatedOperatingExpenses": 36600000, "calculatedNetInterest": 0, "calculatedOtherIncome": -2700000, "calculatedIncomeNonControlling": 0, "calculatedEbitda": 16200000}]}