{"originalCurrency": "USD", "convertedCurrency": "USD", "report": [{"date": "2023-12-31", "symbol": "ITT", "reportedCurrency": "USD", "cik": "0000216228", "fillingDate": "2024-02-12", "acceptedDate": "2024-02-12 15:54:42", "calendarYear": "2023", "period": "FY", "revenue": 3283000000, "costOfRevenue": 2175700000, "grossProfit": 1107300000, "grossProfitRatio": 0.3372829729, "researchAndDevelopmentExpenses": 102600000, "generalAndAdministrativeExpenses": 302600000, "sellingAndMarketingExpenses": 174000000, "sellingGeneralAndAdministrativeExpenses": 476600000, "otherExpenses": 1700000, "operatingExpenses": 579200000, "costAndExpenses": 2754900000, "interestIncome": 8800000, "interestExpense": 10400000, "depreciationAndAmortization": 109200000, "ebitda": 639000000, "ebitdaratio": 0.1946390496, "operatingIncome": 528200000, "operatingIncomeRatio": 0.1608894304, "totalOtherIncomeExpensesNet": 1800000, "incomeBeforeTax": 519500000, "incomeBeforeTaxRatio": 0.1582394152, "incomeTaxExpense": 104800000, "netIncome": 410500000, "netIncomeRatio": 0.1250380749, "eps": 4.99, "epsdiluted": 4.96, "weightedAverageShsOut": 82300000, "weightedAverageShsOutDil": 82700000, "link": "https://www.sec.gov/Archives/edgar/data/216228/000021622824000020/0000216228-24-000020-index.htm", "finalLink": "https://www.sec.gov/Archives/edgar/data/216228/000021622824000020/itt-20231231.htm", "calculatedOtherExpenses": -100000, "calculatedOperatingExpenses": 579100000, "calculatedNetInterest": -1600000, "calculatedOtherIncome": -7100000, "calculatedIncomeNonControlling": 4200000, "calculatedEbitda": 637400000}, {"date": "2022-12-31", "symbol": "ITT", "reportedCurrency": "USD", "cik": "0000216228", "fillingDate": "2023-02-15", "acceptedDate": "2023-02-15 13:49:02", "calendarYear": "2022", "period": "FY", "revenue": 2987700000, "costOfRevenue": 2065400000, "grossProfit": 922300000, "grossProfitRatio": 0.3086989992, "researchAndDevelopmentExpenses": 96500000, "generalAndAdministrativeExpenses": 211600000, "sellingAndMarketingExpenses": 156900000, "sellingGeneralAndAdministrativeExpenses": 368500000, "otherExpenses": 200000, "operatingExpenses": 465000000, "costAndExpenses": 2530400000, "interestIncome": 6400000, "interestExpense": 6400000, "depreciationAndAmortization": 96900000, "ebitda": 564900000, "ebitdaratio": 0.1890752084, "operatingIncome": 468000000, "operatingIncomeRatio": 0.1566422332, "totalOtherIncomeExpensesNet": -6200000, "incomeBeforeTax": 461800000, "incomeBeforeTaxRatio": 0.1545670583, "incomeTaxExpense": 91100000, "netIncome": 367000000, "netIncomeRatio": 0.1228369649, "eps": 4.4, "epsdiluted": 4.38, "weightedAverageShsOut": 83400000, "weightedAverageShsOutDil": 83700000, "link": "https://www.sec.gov/Archives/edgar/data/216228/000021622823000004/0000216228-23-000004-index.htm", "finalLink": "https://www.sec.gov/Archives/edgar/data/216228/000021622823000004/itt-20221231.htm", "calculatedOtherExpenses": -10700000, "calculatedOperatingExpenses": 454300000, "calculatedNetInterest": 0, "calculatedOtherIncome": -6200000, "calculatedIncomeNonControlling": 3700000, "calculatedEbitda": 564900000}, {"date": "2021-12-31", "symbol": "ITT", "reportedCurrency": "USD", "cik": "0000216228", "fillingDate": "2022-02-16", "acceptedDate": "2022-02-16 16:03:31", "calendarYear": "2021", "period": "FY", "revenue": 2765000000, "costOfRevenue": 1865500000, "grossProfit": 899500000, "grossProfitRatio": 0.3253164557, "researchAndDevelopmentExpenses": 94900000, "generalAndAdministrativeExpenses": 214300000, "sellingAndMarketingExpenses": 150800000, "sellingGeneralAndAdministrativeExpenses": 365100000, "otherExpenses": -74400000, "operatingExpenses": 385600000, "costAndExpenses": 2251100000, "interestIncome": 1100000, "interestExpense": -1100000, "depreciationAndAmortization": 126400000, "ebitda": 630700000, "ebitdaratio": 0.2281012658, "operatingIncome": 504300000, "operatingIncomeRatio": 0.1823869801, "totalOtherIncomeExpensesNet": 4800000, "incomeBeforeTax": 509100000, "incomeBeforeTaxRatio": 0.1841229656, "incomeTaxExpense": 189600000, "netIncome": 316300000, "netIncomeRatio": 0.1143942134, "eps": 3.68, "epsdiluted": 3.66, "weightedAverageShsOut": 86000000, "weightedAverageShsOutDil": 86500000, "link": "https://www.sec.gov/Archives/edgar/data/216228/000021622822000006/0000216228-22-000006-index.htm", "finalLink": "https://www.sec.gov/Archives/edgar/data/216228/000021622822000006/itt-20211231.htm", "calculatedOtherExpenses": -64800000, "calculatedOperatingExpenses": 395200000, "calculatedNetInterest": 2200000, "calculatedOtherIncome": 2600000, "calculatedIncomeNonControlling": 3200000, "calculatedEbitda": 630700000}, {"date": "2020-12-31", "symbol": "ITT", "reportedCurrency": "USD", "cik": "0000216228", "fillingDate": "2021-02-19", "acceptedDate": "2021-02-19 15:05:38", "calendarYear": "2020", "period": "FY", "revenue": 2477800000, "costOfRevenue": 1695600000, "grossProfit": 782200000, "grossProfitRatio": 0.3156832674, "researchAndDevelopmentExpenses": 84900000, "generalAndAdministrativeExpenses": 200700000, "sellingAndMarketingExpenses": 146500000, "sellingGeneralAndAdministrativeExpenses": 347200000, "otherExpenses": 210500000, "operatingExpenses": 642600000, "costAndExpenses": 2338200000, "interestIncome": 700000, "interestExpense": 0, "depreciationAndAmortization": 82600000, "ebitda": 309100000, "ebitdaratio": 0.1247477601, "operatingIncome": 226500000, "operatingIncomeRatio": 0.0914117362, "totalOtherIncomeExpensesNet": -141300000, "incomeBeforeTax": 85200000, "incomeBeforeTaxRatio": 0.0343853418, "incomeTaxExpense": 15300000, "netIncome": 72500000, "netIncomeRatio": 0.0292598273, "eps": 0.84, "epsdiluted": 0.83, "weightedAverageShsOut": 86700000, "weightedAverageShsOutDil": 87300000, "link": "https://www.sec.gov/Archives/edgar/data/216228/000021622821000005/0000216228-21-000005-index.htm", "finalLink": "https://www.sec.gov/Archives/edgar/data/216228/000021622821000005/itt-20201231.htm", "calculatedOtherExpenses": 123600000, "calculatedOperatingExpenses": 555700000, "calculatedNetInterest": 700000, "calculatedOtherIncome": -142000000, "calculatedIncomeNonControlling": -2600000, "calculatedEbitda": 309100000}, {"date": "2019-12-31", "symbol": "ITT", "reportedCurrency": "USD", "cik": "0000216228", "fillingDate": "2020-02-21", "acceptedDate": "2020-02-21 13:55:36", "calendarYear": "2019", "period": "FY", "revenue": 2846400000, "costOfRevenue": 1936300000, "grossProfit": 910100000, "grossProfitRatio": 0.3197372119, "researchAndDevelopmentExpenses": 97900000, "generalAndAdministrativeExpenses": 254100000, "sellingAndMarketingExpenses": 165900000, "sellingGeneralAndAdministrativeExpenses": 420000000, "otherExpenses": -20200000, "operatingExpenses": 497700000, "costAndExpenses": 2434000000, "interestIncome": 4099999, "interestExpense": 3000000, "depreciationAndAmortization": 115400000, "ebitda": 526800000, "ebitdaratio": 0.1850758853, "operatingIncome": 411400000, "operatingIncomeRatio": 0.1445334458, "totalOtherIncomeExpensesNet": 3000000, "incomeBeforeTax": 414400000, "incomeBeforeTaxRatio": 0.1455874087, "incomeTaxExpense": 89900000, "netIncome": 325100000, "netIncomeRatio": 0.1142144463, "eps": 3.71, "epsdiluted": 3.67, "weightedAverageShsOut": 87700000, "weightedAverageShsOutDil": 88600000, "link": "https://www.sec.gov/Archives/edgar/data/216228/000021622820000005/0000216228-20-000005-index.htm", "finalLink": "https://www.sec.gov/Archives/edgar/data/216228/000021622820000005/itt10-kx12312019.htm", "calculatedOtherExpenses": -19200000, "calculatedOperatingExpenses": 498700000, "calculatedNetInterest": 1099999, "calculatedOtherIncome": 1900001, "calculatedIncomeNonControlling": -600000, "calculatedEbitda": 526800000}, {"date": "2018-12-31", "symbol": "ITT", "reportedCurrency": "USD", "cik": "0000216228", "fillingDate": "2019-02-22", "acceptedDate": "2019-02-22 16:28:16", "calendarYear": "2018", "period": "FY", "revenue": 2745100000, "costOfRevenue": 1857900000, "grossProfit": 887200000, "grossProfitRatio": 0.3231940549, "researchAndDevelopmentExpenses": 98400000, "generalAndAdministrativeExpenses": 259100000, "sellingAndMarketingExpenses": 168200000, "sellingGeneralAndAdministrativeExpenses": 427300000, "otherExpenses": -5900000, "operatingExpenses": 530600000, "costAndExpenses": 2388500000, "interestIncome": 0, "interestExpense": 6300000, "depreciationAndAmortization": 109400000, "ebitda": 425300000, "ebitdaratio": 0.1549306036, "operatingIncome": 397300000, "operatingIncomeRatio": 0.1447306109, "totalOtherIncomeExpensesNet": 40700000, "incomeBeforeTax": 391000000, "incomeBeforeTaxRatio": 0.1424356125, "incomeTaxExpense": 57700000, "netIncome": 333700000, "netIncomeRatio": 0.121562056, "eps": 3.81, "epsdiluted": 3.76, "weightedAverageShsOut": 87700000, "weightedAverageShsOutDil": 88700000, "link": "https://www.sec.gov/Archives/edgar/data/216228/000021622819000006/0000216228-19-000006-index.htm", "finalLink": "https://www.sec.gov/Archives/edgar/data/216228/000021622819000006/itt10-kx12312018.htm", "calculatedOtherExpenses": -35800000, "calculatedOperatingExpenses": 489900000, "calculatedNetInterest": -6300000, "calculatedOtherIncome": 0, "calculatedIncomeNonControlling": -400000, "calculatedEbitda": 506700000}, {"date": "2017-12-31", "symbol": "ITT", "reportedCurrency": "USD", "cik": "0000216228", "fillingDate": "2018-02-16", "acceptedDate": "2018-02-16 17:28:21", "calendarYear": "2017", "period": "FY", "revenue": 2585300000, "costOfRevenue": 1768100000, "grossProfit": 817200000, "grossProfitRatio": 0.3160948439, "researchAndDevelopmentExpenses": 93700000, "generalAndAdministrativeExpenses": 264000000, "sellingAndMarketingExpenses": 169700000, "sellingGeneralAndAdministrativeExpenses": 433700000, "otherExpenses": -19900000, "operatingExpenses": 507500000, "costAndExpenses": 2275600000, "interestIncome": 0, "interestExpense": 300000, "depreciationAndAmortization": 105300000, "ebitda": 415000000, "ebitdaratio": 0.1605229567, "operatingIncome": 309700000, "operatingIncomeRatio": 0.119792674, "totalOtherIncomeExpensesNet": -300000, "incomeBeforeTax": 309400000, "incomeBeforeTaxRatio": 0.1196766333, "incomeTaxExpense": 194600000, "netIncome": 113500000, "netIncomeRatio": 0.0439020617, "eps": 1.29, "epsdiluted": 1.28, "weightedAverageShsOut": 88300000, "weightedAverageShsOutDil": 89000000, "link": "https://www.sec.gov/Archives/edgar/data/216228/000021622818000007/0000216228-18-000007-index.htm", "finalLink": "https://www.sec.gov/Archives/edgar/data/216228/000021622818000007/itt10-kx12312017.htm", "calculatedOtherExpenses": -19900000, "calculatedOperatingExpenses": 507500000, "calculatedNetInterest": -300000, "calculatedOtherIncome": 0, "calculatedIncomeNonControlling": 1300000, "calculatedEbitda": 415000000}, {"date": "2016-12-31", "symbol": "ITT", "reportedCurrency": "USD", "cik": "0000216228", "fillingDate": "2017-02-17", "acceptedDate": "2017-02-17 14:14:25", "calendarYear": "2016", "period": "FY", "revenue": 2405400000, "costOfRevenue": 1647200000, "grossProfit": 758200000, "grossProfitRatio": 0.3152074499, "researchAndDevelopmentExpenses": 80800000, "generalAndAdministrativeExpenses": 274100000, "sellingAndMarketingExpenses": 170000000, "sellingGeneralAndAdministrativeExpenses": 444100000, "otherExpenses": -1300000, "operatingExpenses": 499300000, "costAndExpenses": 2146500000, "interestIncome": 0, "interestExpense": 500000, "depreciationAndAmortization": 102000000, "ebitda": 360900000, "ebitdaratio": 0.1500374158, "operatingIncome": 258900000, "operatingIncomeRatio": 0.1076328261, "totalOtherIncomeExpensesNet": -1300000, "incomeBeforeTax": 258400000, "incomeBeforeTaxRatio": 0.1074249605, "incomeTaxExpense": 76000000, "netIncome": 186100000, "netIncomeRatio": 0.0773675896, "eps": 2.09, "epsdiluted": 2.07, "weightedAverageShsOut": 89200000, "weightedAverageShsOutDil": 89900000, "link": "https://www.sec.gov/Archives/edgar/data/216228/000021622817000006/0000216228-17-000006-index.htm", "finalLink": "https://www.sec.gov/Archives/edgar/data/216228/000021622817000006/itt10-kx12312016.htm", "calculatedOtherExpenses": -25600000, "calculatedOperatingExpenses": 499300000, "calculatedNetInterest": -500000, "calculatedOtherIncome": 0, "calculatedIncomeNonControlling": -3700000, "calculatedEbitda": 360900000}, {"date": "2015-12-31", "symbol": "ITT", "reportedCurrency": "USD", "cik": "0000216228", "fillingDate": "2016-02-22", "acceptedDate": "2016-02-19 20:09:31", "calendarYear": "2015", "period": "FY", "revenue": 2485600000, "costOfRevenue": 1676500000, "grossProfit": 809100000, "grossProfitRatio": 0.3255149662, "researchAndDevelopmentExpenses": 78900000, "generalAndAdministrativeExpenses": 258300000, "sellingAndMarketingExpenses": 183200000, "sellingGeneralAndAdministrativeExpenses": 441500000, "otherExpenses": -82500000, "operatingExpenses": 429000000, "costAndExpenses": 2105500000, "interestIncome": 0, "interestExpense": 2200000, "depreciationAndAmortization": 90000000, "ebitda": 470100000, "ebitdaratio": 0.1891293853, "operatingIncome": 380100000, "operatingIncomeRatio": 0.1529208239, "totalOtherIncomeExpensesNet": 8900000, "incomeBeforeTax": 382300000, "incomeBeforeTaxRatio": 0.1538059221, "incomeTaxExpense": 70100000, "netIncome": 351800000, "netIncomeRatio": 0.141535243, "eps": 3.92, "epsdiluted": 3.88, "weightedAverageShsOut": 89800000, "weightedAverageShsOutDil": 90700000, "link": "https://www.sec.gov/Archives/edgar/data/216228/000021622816000077/0000216228-16-000077-index.htm", "finalLink": "https://www.sec.gov/Archives/edgar/data/216228/000021622816000077/itt10-kx12312015.htm", "calculatedOtherExpenses": -91400000, "calculatedOperatingExpenses": 429000000, "calculatedNetInterest": -2200000, "calculatedOtherIncome": 4400000, "calculatedIncomeNonControlling": -39600000, "calculatedEbitda": 470100000}, {"date": "2014-12-31", "symbol": "ITT", "reportedCurrency": "USD", "cik": "0000216228", "fillingDate": "2015-02-20", "acceptedDate": "2015-02-20 15:04:34", "calendarYear": "2014", "period": "FY", "revenue": 2654600000, "costOfRevenue": 1788200000, "grossProfit": 866400000, "grossProfitRatio": 0.3263768553, "researchAndDevelopmentExpenses": 76600000, "generalAndAdministrativeExpenses": 300100000, "sellingAndMarketingExpenses": 519500000, "sellingGeneralAndAdministrativeExpenses": 519500000, "otherExpenses": -2900000, "operatingExpenses": 600000000, "costAndExpenses": 2388200000, "interestIncome": 2500000, "interestExpense": 4400000, "depreciationAndAmortization": 88300000, "ebitda": 354700000, "ebitdaratio": 0.1336171175, "operatingIncome": 266400000, "operatingIncomeRatio": 0.1003541023, "totalOtherIncomeExpensesNet": -2900000, "incomeBeforeTax": 262000000, "incomeBeforeTaxRatio": 0.0986966021, "incomeTaxExpense": 71300000, "netIncome": 184500000, "netIncomeRatio": 0.0695019965, "eps": 2.02, "epsdiluted": 1.99, "weightedAverageShsOut": 91500000, "weightedAverageShsOutDil": 92800000, "link": "https://www.sec.gov/Archives/edgar/data/216228/000021622815000007/0000216228-15-000007-index.htm", "finalLink": "https://www.sec.gov/Archives/edgar/data/216228/000021622815000007/itt10-kx12312014.htm", "calculatedOtherExpenses": 3900000, "calculatedOperatingExpenses": 600000000, "calculatedNetInterest": -1900000, "calculatedOtherIncome": -2500000, "calculatedIncomeNonControlling": 6200000, "calculatedEbitda": 354700000}, {"date": "2013-12-31", "symbol": "ITT", "reportedCurrency": "USD", "cik": "0000216228", "fillingDate": "2014-02-21", "acceptedDate": "2014-02-21 13:12:23", "calendarYear": "2013", "period": "FY", "revenue": 2496900000, "costOfRevenue": 1697100000, "grossProfit": 799800000, "grossProfitRatio": 0.3203171933, "researchAndDevelopmentExpenses": 67300000, "generalAndAdministrativeExpenses": 297700000, "sellingAndMarketingExpenses": 516100000, "sellingGeneralAndAdministrativeExpenses": 516100000, "otherExpenses": -1800000, "operatingExpenses": 616200000, "costAndExpenses": 2313300000, "interestIncome": 5000000, "interestExpense": 3100000, "depreciationAndAmortization": 86900000, "ebitda": 270500000, "ebitdaratio": 0.1083343346, "operatingIncome": 183600000, "operatingIncomeRatio": 0.0735311787, "totalOtherIncomeExpensesNet": -4000000, "incomeBeforeTax": 180500000, "incomeBeforeTaxRatio": 0.0722896392, "incomeTaxExpense": -309600000, "netIncome": 488500000, "netIncomeRatio": 0.1956425968, "eps": 5.37, "epsdiluted": 5.29, "weightedAverageShsOut": 91000000, "weightedAverageShsOutDil": 92300000, "link": "https://www.sec.gov/Archives/edgar/data/216228/000021622814000008/0000216228-14-000008-index.htm", "finalLink": "https://www.sec.gov/Archives/edgar/data/216228/000021622814000008/itt10-kx12312013.htm", "calculatedOtherExpenses": 32800000, "calculatedOperatingExpenses": 616200000, "calculatedNetInterest": 1900000, "calculatedOtherIncome": -5000000, "calculatedIncomeNonControlling": 1600000, "calculatedEbitda": 270500000}, {"date": "2012-12-31", "symbol": "ITT", "reportedCurrency": "USD", "cik": "0000216228", "fillingDate": "2013-02-27", "acceptedDate": "2013-02-27 16:58:21", "calendarYear": "2012", "period": "FY", "revenue": 2227800000, "costOfRevenue": 1547600000, "grossProfit": 680200000, "grossProfitRatio": 0.3053236377, "researchAndDevelopmentExpenses": 62700000, "generalAndAdministrativeExpenses": 221700000, "sellingAndMarketingExpenses": 180400000, "sellingGeneralAndAdministrativeExpenses": 402100000, "otherExpenses": -5100000, "operatingExpenses": 515700000, "costAndExpenses": 2063300000, "interestIncome": 2800000, "interestExpense": 100000, "depreciationAndAmortization": 71100000, "ebitda": 233300000, "ebitdaratio": 0.1047221474, "operatingIncome": 151500000, "operatingIncomeRatio": 0.0680043092, "totalOtherIncomeExpensesNet": -18100000, "incomeBeforeTax": 149100000, "incomeBeforeTaxRatio": 0.0669270132, "incomeTaxExpense": 39600000, "netIncome": 125400000, "netIncomeRatio": 0.0562887153, "eps": 1.35, "epsdiluted": 1.33, "weightedAverageShsOut": 93000000, "weightedAverageShsOutDil": 94100000, "link": "https://www.sec.gov/Archives/edgar/data/216228/000119312513080241/0001193125-13-080241-index.htm", "finalLink": "https://www.sec.gov/Archives/edgar/data/216228/000119312513080241/d445968d10k.htm", "calculatedOtherExpenses": 63900000, "calculatedOperatingExpenses": 528700000, "calculatedNetInterest": 2700000, "calculatedOtherIncome": -5100000, "calculatedIncomeNonControlling": -15900000, "calculatedEbitda": 222600000}, {"date": "2011-12-31", "symbol": "ITT", "reportedCurrency": "USD", "cik": "0000216228", "fillingDate": "2012-02-29", "acceptedDate": "2012-02-29 17:16:53", "calendarYear": "2011", "period": "FY", "revenue": 2119000000, "costOfRevenue": 1464000000, "grossProfit": 655000000, "grossProfitRatio": 0.3091080698, "researchAndDevelopmentExpenses": 66000000, "generalAndAdministrativeExpenses": 664000000, "sellingAndMarketingExpenses": 167000000, "sellingGeneralAndAdministrativeExpenses": 831000000, "otherExpenses": 0, "operatingExpenses": 897000000, "costAndExpenses": 2361000000, "interestIncome": 4000000, "interestExpense": 71000000, "depreciationAndAmortization": 74000000, "ebitda": -168000000, "ebitdaratio": -0.0792826805, "operatingIncome": -247000000, "operatingIncomeRatio": -0.1165644172, "totalOtherIncomeExpensesNet": -5000000, "incomeBeforeTax": -318000000, "incomeBeforeTaxRatio": -0.1500707881, "incomeTaxExpense": 260000000, "netIncome": -130000000, "netIncomeRatio": -0.0613496933, "eps": -1.4, "epsdiluted": -1.4, "weightedAverageShsOut": 92800000, "weightedAverageShsOutDil": 92800000, "link": "https://www.sec.gov/Archives/edgar/data/216228/000119312512089618/0001193125-12-089618-index.htm", "finalLink": "https://www.sec.gov/Archives/edgar/data/216228/000119312512089618/d261204d10k.htm", "calculatedOtherExpenses": 5000000, "calculatedOperatingExpenses": 902000000, "calculatedNetInterest": -67000000, "calculatedOtherIncome": -4000000, "calculatedIncomeNonControlling": -448000000, "calculatedEbitda": -173000000}, {"date": "2010-12-31", "symbol": "ITT", "reportedCurrency": "USD", "cik": "0000216228", "fillingDate": "2011-02-24", "acceptedDate": "2011-02-24 16:48:05", "calendarYear": "2010", "period": "FY", "revenue": 10995000000, "costOfRevenue": 7820000000, "grossProfit": 3175000000, "grossProfitRatio": 0.2887676216, "researchAndDevelopmentExpenses": 253000000, "generalAndAdministrativeExpenses": 0, "sellingAndMarketingExpenses": 0, "sellingGeneralAndAdministrativeExpenses": 1969000000, "otherExpenses": 0, "operatingExpenses": 2222000000, "costAndExpenses": 10042000000, "interestIncome": 16000000, "interestExpense": 100000000, "depreciationAndAmortization": 297000000, "ebitda": 1266000000, "ebitdaratio": 0.1151432469, "operatingIncome": 900000000, "operatingIncomeRatio": 0.0818553888, "totalOtherIncomeExpensesNet": -51000000, "incomeBeforeTax": 818000000, "incomeBeforeTaxRatio": 0.0743974534, "incomeTaxExpense": 164000000, "netIncome": 798000000, "netIncomeRatio": 0.0725784447, "eps": 8.68, "epsdiluted": 8.6, "weightedAverageShsOut": 91950000, "weightedAverageShsOutDil": 92650000, "link": "https://www.sec.gov/Archives/edgar/data/216228/000095012311017908/0000950123-11-017908-index.htm", "finalLink": "https://www.sec.gov/Archives/edgar/data/216228/000095012311017908/y87861e10vk.htm", "calculatedOtherExpenses": 53000000, "calculatedOperatingExpenses": 2275000000, "calculatedNetInterest": -84000000, "calculatedOtherIncome": 2000000, "calculatedIncomeNonControlling": -144000000, "calculatedEbitda": 1197000000}, {"date": "2009-12-31", "symbol": "ITT", "reportedCurrency": "USD", "cik": "0000216228", "fillingDate": "2010-03-01", "acceptedDate": "2010-02-26 20:22:58", "calendarYear": "2009", "period": "FY", "revenue": 10904500000, "costOfRevenue": 8071100000, "grossProfit": 2833400000, "grossProfitRatio": 0.2598376817, "researchAndDevelopmentExpenses": 268300000, "generalAndAdministrativeExpenses": 0, "sellingAndMarketingExpenses": 0, "sellingGeneralAndAdministrativeExpenses": 1576400000, "otherExpenses": 0, "operatingExpenses": 1844700000, "costAndExpenses": 9915800000, "interestIncome": 24300000, "interestExpense": 99500000, "depreciationAndAmortization": 292600000, "ebitda": 1287600000, "ebitdaratio": 0.1180796919, "operatingIncome": 909400000, "operatingIncomeRatio": 0.0833967628, "totalOtherIncomeExpensesNet": -70300000, "incomeBeforeTax": 825200000, "incomeBeforeTaxRatio": 0.07567518, "incomeTaxExpense": 174500000, "netIncome": 643700000, "netIncomeRatio": 0.0590306754, "eps": 7.06, "epsdiluted": 7, "weightedAverageShsOut": 91250000, "weightedAverageShsOutDil": 91950000, "link": "https://www.sec.gov/Archives/edgar/data/216228/000095012310018519/0000950123-10-018519-index.htm", "finalLink": "https://www.sec.gov/Archives/edgar/data/216228/000095012310018519/y81031e10vk.htm", "calculatedOtherExpenses": 79300000, "calculatedOperatingExpenses": 1924000000, "calculatedNetInterest": -75200000, "calculatedOtherIncome": -9000000, "calculatedIncomeNonControlling": 7000000, "calculatedEbitda": 1202000000}, {"date": "2008-12-31", "symbol": "ITT", "reportedCurrency": "USD", "cik": "0000216228", "fillingDate": "2009-02-25", "acceptedDate": "2009-02-25 14:03:23", "calendarYear": "2008", "period": "FY", "revenue": 11694800000, "costOfRevenue": 8439400000, "grossProfit": 3255400000, "grossProfitRatio": 0.2783630331, "researchAndDevelopmentExpenses": 244300000, "generalAndAdministrativeExpenses": 0, "sellingAndMarketingExpenses": 0, "sellingGeneralAndAdministrativeExpenses": 1723500000, "otherExpenses": 0, "operatingExpenses": 1967800000, "costAndExpenses": 10407200000, "interestIncome": 31300000, "interestExpense": 140800000, "depreciationAndAmortization": 278300000, "ebitda": 1584100000, "ebitdaratio": 0.1354533639, "operatingIncome": 1210100000, "operatingIncomeRatio": 0.1034733386, "totalOtherIncomeExpensesNet": -77500000, "incomeBeforeTax": 1087500000, "incomeBeforeTaxRatio": 0.0929900469, "incomeTaxExpense": 312300000, "netIncome": 794700000, "netIncomeRatio": 0.0679532784, "eps": 8.8, "epsdiluted": 8.66, "weightedAverageShsOut": 90350000, "weightedAverageShsOutDil": 91700000, "link": "https://www.sec.gov/Archives/edgar/data/216228/000095012309003408/0000950123-09-003408-index.htm", "finalLink": "https://www.sec.gov/Archives/edgar/data/216228/000095012309003408/y74061e10vk.htm", "calculatedOtherExpenses": 77500000, "calculatedOperatingExpenses": 2045300000, "calculatedNetInterest": -109500000, "calculatedOtherIncome": -13100000, "calculatedIncomeNonControlling": -19500000, "calculatedEbitda": 1488400000}, {"date": "2007-12-31", "symbol": "ITT", "reportedCurrency": "USD", "cik": "0000216228", "fillingDate": "2008-02-28", "acceptedDate": "2008-02-28 17:01:13", "calendarYear": "2007", "period": "FY", "revenue": 9003300000, "costOfRevenue": 6435000000, "grossProfit": 2568300000, "grossProfitRatio": 0.2852620706, "researchAndDevelopmentExpenses": 182300000, "generalAndAdministrativeExpenses": 0, "sellingAndMarketingExpenses": 0, "sellingGeneralAndAdministrativeExpenses": 1342700000, "otherExpenses": 66100000, "operatingExpenses": 1525000000, "costAndExpenses": 7960000000, "interestIncome": 49600000, "interestExpense": 114900000, "depreciationAndAmortization": 185400000, "ebitda": 1308200000, "ebitdaratio": 0.1453022781, "operatingIncome": 977200000, "operatingIncomeRatio": 0.1085379805, "totalOtherIncomeExpensesNet": -79500000, "incomeBeforeTax": 898500000, "incomeBeforeTaxRatio": 0.0997967412, "incomeTaxExpense": 265500000, "netIncome": 742100000, "netIncomeRatio": 0.0824253329, "eps": 8.22, "epsdiluted": 8.06, "weightedAverageShsOut": 90300000, "weightedAverageShsOutDil": 92000000, "link": "https://www.sec.gov/Archives/edgar/data/216228/000095012308002275/0000950123-08-002275-index.htm", "finalLink": "https://www.sec.gov/Archives/edgar/data/216228/000095012308002275/y48545e10vk.htm", "calculatedOtherExpenses": 66100000, "calculatedOperatingExpenses": 1591100000, "calculatedNetInterest": -65300000, "calculatedOtherIncome": -13400000, "calculatedIncomeNonControlling": -109100000, "calculatedEbitda": 1162600000}, {"date": "2006-12-31", "symbol": "ITT", "reportedCurrency": "USD", "cik": "0000216228", "fillingDate": "2007-02-28", "acceptedDate": "2007-02-28 16:09:08", "calendarYear": "2006", "period": "FY", "revenue": 7807900000, "costOfRevenue": 5618400000, "grossProfit": 2189500000, "grossProfitRatio": 0.280421112, "researchAndDevelopmentExpenses": 160900000, "generalAndAdministrativeExpenses": 0, "sellingAndMarketingExpenses": 0, "sellingGeneralAndAdministrativeExpenses": 1175900000, "otherExpenses": 51700000, "operatingExpenses": 1336800000, "costAndExpenses": 6955200000, "interestIncome": 25400000, "interestExpense": 86200000, "depreciationAndAmortization": 194500000, "ebitda": 1111800000, "ebitdaratio": 0.1423942417, "operatingIncome": 801000000, "operatingIncomeRatio": 0.1025884041, "totalOtherIncomeExpensesNet": -64600000, "incomeBeforeTax": 727300000, "incomeBeforeTaxRatio": 0.0931492463, "incomeTaxExpense": 227600000, "netIncome": 581100000, "netIncomeRatio": 0.0744246212, "eps": 6.3, "epsdiluted": 6.2, "weightedAverageShsOut": 92150000, "weightedAverageShsOutDil": 93700000, "link": "https://www.sec.gov/Archives/edgar/data/216228/000095012307002916/0000950123-07-002916-index.htm", "finalLink": "https://www.sec.gov/Archives/edgar/data/216228/000095012307002916/y29844e10vk.htm", "calculatedOtherExpenses": 51700000, "calculatedOperatingExpenses": 1388500000, "calculatedNetInterest": -60800000, "calculatedOtherIncome": -12900000, "calculatedIncomeNonControlling": -81400000, "calculatedEbitda": 995500000}, {"date": "2005-12-31", "symbol": "ITT", "reportedCurrency": "USD", "cik": "0000216228", "fillingDate": "2006-03-10", "acceptedDate": "2006-03-10 17:06:05", "calendarYear": "2005", "period": "FY", "revenue": 7427300000, "costOfRevenue": 5389900000, "grossProfit": 2037400000, "grossProfitRatio": 0.2743123342, "researchAndDevelopmentExpenses": 177600000, "generalAndAdministrativeExpenses": 0, "sellingAndMarketingExpenses": 0, "sellingGeneralAndAdministrativeExpenses": 1071200000, "otherExpenses": 214400000, "operatingExpenses": 1463200000, "costAndExpenses": 6853100000, "interestIncome": 0, "interestExpense": 0, "depreciationAndAmortization": 196600000, "ebitda": 1079000000, "ebitdaratio": 0.1452748644, "operatingIncome": 500100000, "operatingIncomeRatio": 0.0673326781, "totalOtherIncomeExpensesNet": -308200000, "incomeBeforeTax": 448100000, "incomeBeforeTaxRatio": 0.0603314798, "incomeTaxExpense": 133700000, "netIncome": 359500000, "netIncomeRatio": 0.048402515, "eps": 3.9, "epsdiluted": 3.82, "weightedAverageShsOut": 92300000, "weightedAverageShsOutDil": 94250000, "link": "https://www.sec.gov/Archives/edgar/data/216228/000095012306002955/0000950123-06-002955-index.htm", "finalLink": "https://www.sec.gov/Archives/edgar/data/216228/000095012306002955/y17130e10vk.txt", "calculatedOtherExpenses": 288500000, "calculatedOperatingExpenses": 1537300000, "calculatedNetInterest": 0, "calculatedOtherIncome": -52000000, "calculatedIncomeNonControlling": -45100000, "calculatedEbitda": 696700000}, {"date": "2004-12-31", "symbol": "ITT", "reportedCurrency": "USD", "cik": "0000216228", "fillingDate": "2005-03-11", "acceptedDate": "2005-03-11 17:30:12", "calendarYear": "2004", "period": "FY", "revenue": 6764100000, "costOfRevenue": 4466400000, "grossProfit": 2297700000, "grossProfitRatio": 0.3396904244, "researchAndDevelopmentExpenses": 634000000, "generalAndAdministrativeExpenses": 0, "sellingAndMarketingExpenses": 0, "sellingGeneralAndAdministrativeExpenses": 991100000, "otherExpenses": 0, "operatingExpenses": 1625100000, "costAndExpenses": 6091500000, "interestIncome": 0, "interestExpense": 0, "depreciationAndAmortization": 198600000, "ebitda": 905900000, "ebitdaratio": 0.1339276474, "operatingIncome": 634900000, "operatingIncomeRatio": 0.0938631895, "totalOtherIncomeExpensesNet": -34700000, "incomeBeforeTax": 610000000, "incomeBeforeTaxRatio": 0.0901819902, "incomeTaxExpense": 172500000, "netIncome": 432300000, "netIncomeRatio": 0.0639109416, "eps": 4.68, "epsdiluted": 4.58, "weightedAverageShsOut": 92300000, "weightedAverageShsOutDil": 94400000, "link": "https://www.sec.gov/Archives/edgar/data/216228/000095012305003018/0000950123-05-003018-index.htm", "finalLink": "https://www.sec.gov/Archives/edgar/data/216228/000095012305003018/y05013e10vk.txt", "calculatedOtherExpenses": 37700000, "calculatedOperatingExpenses": 1662800000, "calculatedNetInterest": 0, "calculatedOtherIncome": -24900000, "calculatedIncomeNonControlling": 5200000, "calculatedEbitda": 833500000}, {"date": "2003-12-31", "symbol": "ITT", "reportedCurrency": "USD", "cik": "0000216228", "fillingDate": "2004-03-11", "acceptedDate": "2004-03-11 17:27:51", "calendarYear": "2003", "period": "FY", "revenue": 5626600000, "costOfRevenue": 3683500000, "grossProfit": 1943100000, "grossProfitRatio": 0.3453417695, "researchAndDevelopmentExpenses": 559400000, "generalAndAdministrativeExpenses": 0, "sellingAndMarketingExpenses": 0, "sellingGeneralAndAdministrativeExpenses": 824700000, "otherExpenses": 0, "operatingExpenses": 1384100000, "costAndExpenses": 5067600000, "interestIncome": 0, "interestExpense": 0, "depreciationAndAmortization": 188000000, "ebitda": 785400000, "ebitdaratio": 0.1395869619, "operatingIncome": 528500000, "operatingIncomeRatio": 0.093928838, "totalOtherIncomeExpensesNet": -38400000, "incomeBeforeTax": 530700000, "incomeBeforeTaxRatio": 0.0943198379, "incomeTaxExpense": 139800000, "netIncome": 403900000, "netIncomeRatio": 0.0717840259, "eps": 4.38, "epsdiluted": 4.3, "weightedAverageShsOut": 92214612, "weightedAverageShsOutDil": 93930233, "link": "https://www.sec.gov/Archives/edgar/data/216228/000095012304003198/0000950123-04-003198-index.htm", "finalLink": "https://www.sec.gov/Archives/edgar/data/216228/000095012304003198/y94494e10vk.txt", "calculatedOtherExpenses": 30500000, "calculatedOperatingExpenses": 1414600000, "calculatedNetInterest": 0, "calculatedOtherIncome": 2200000, "calculatedIncomeNonControlling": -13000000, "calculatedEbitda": 716500000}, {"date": "2002-12-31", "symbol": "ITT", "reportedCurrency": "USD", "cik": "0000216228", "fillingDate": "2003-03-27", "acceptedDate": "2003-03-27 15:24:42", "calendarYear": "2002", "period": "FY", "revenue": 4985300000, "costOfRevenue": 3211900000, "grossProfit": 1773400000, "grossProfitRatio": 0.355725834, "researchAndDevelopmentExpenses": 519100000, "generalAndAdministrativeExpenses": 0, "sellingAndMarketingExpenses": 0, "sellingGeneralAndAdministrativeExpenses": 720200000, "otherExpenses": 0, "operatingExpenses": 1239300000, "costAndExpenses": 4451200000, "interestIncome": 0, "interestExpense": 0, "depreciationAndAmortization": 171400000, "ebitda": 698400000, "ebitdaratio": 0.1400918701, "operatingIncome": 537600000, "operatingIncomeRatio": 0.1078370409, "totalOtherIncomeExpensesNet": 7100000, "incomeBeforeTax": 508800000, "incomeBeforeTaxRatio": 0.1020600566, "incomeTaxExpense": 128900000, "netIncome": 379900000, "netIncomeRatio": 0.0762040399, "eps": 4.17, "epsdiluted": 4.06, "weightedAverageShsOut": 91000000, "weightedAverageShsOutDil": 93600000, "link": "https://www.sec.gov/Archives/edgar/data/216228/000095012303003365/0000950123-03-003365-index.htm", "finalLink": "https://www.sec.gov/Archives/edgar/data/216228/000095012303003365/y82463e10vk.txt", "calculatedOtherExpenses": -3500000, "calculatedOperatingExpenses": 1235800000, "calculatedNetInterest": 0, "calculatedOtherIncome": -28800000, "calculatedIncomeNonControlling": 0, "calculatedEbitda": 709000000}, {"date": "2001-12-31", "symbol": "ITT", "reportedCurrency": "USD", "cik": "0000216228", "fillingDate": "2002-03-26", "acceptedDate": "2002-03-26 00:00:00", "calendarYear": "2001", "period": "FY", "revenue": 4675700000, "costOfRevenue": 3044500000, "grossProfit": 1631200000, "grossProfitRatio": 0.3488675492, "researchAndDevelopmentExpenses": 424700000, "generalAndAdministrativeExpenses": 0, "sellingAndMarketingExpenses": 0, "sellingGeneralAndAdministrativeExpenses": 671300000, "otherExpenses": 40700000, "operatingExpenses": 1136700000, "costAndExpenses": 4181200000, "interestIncome": 0, "interestExpense": 0, "depreciationAndAmortization": 212900000, "ebitda": 806500000, "ebitdaratio": 0.172487542, "operatingIncome": 396800000, "operatingIncomeRatio": 0.0848642984, "totalOtherIncomeExpensesNet": -99100000, "incomeBeforeTax": 333400000, "incomeBeforeTaxRatio": 0.0713048314, "incomeTaxExpense": 116700000, "netIncome": 276700000, "netIncomeRatio": 0.0591783049, "eps": 3.14, "epsdiluted": 3.05, "weightedAverageShsOut": 88100000, "weightedAverageShsOutDil": 90600000, "link": "https://www.sec.gov/Archives/edgar/data/216228/000095012302002927/0000950123-02-002927-index.htm", "finalLink": "https://www.sec.gov/Archives/edgar/data/216228/000095012302002927/y55533e10-k405.txt", "calculatedOtherExpenses": 138400000, "calculatedOperatingExpenses": 1234400000, "calculatedNetInterest": 0, "calculatedOtherIncome": -63400000, "calculatedIncomeNonControlling": -60000000, "calculatedEbitda": 609700000}, {"date": "2000-12-31", "symbol": "ITT", "reportedCurrency": "USD", "cik": "0000216228", "fillingDate": "2001-03-26", "acceptedDate": "2001-03-26 00:00:00", "calendarYear": "2000", "period": "FY", "revenue": 4829400000, "costOfRevenue": 2993500000, "grossProfit": 1835900000, "grossProfitRatio": 0.3801507434, "researchAndDevelopmentExpenses": 391200000, "generalAndAdministrativeExpenses": 0, "sellingAndMarketingExpenses": 0, "sellingGeneralAndAdministrativeExpenses": 749800000, "otherExpenses": 201800000, "operatingExpenses": 1342800000, "costAndExpenses": 4336300000, "interestIncome": 0, "interestExpense": 0, "depreciationAndAmortization": 201800000, "ebitda": 692900000, "ebitdaratio": 0.14347538, "operatingIncome": 493100000, "operatingIncomeRatio": 0.102103781, "totalOtherIncomeExpensesNet": 2000000, "incomeBeforeTax": 419900000, "incomeBeforeTaxRatio": 0.0869466186, "incomeTaxExpense": 155400000, "netIncome": 264500000, "netIncomeRatio": 0.0547687083, "eps": 3.01, "epsdiluted": 2.94, "weightedAverageShsOut": 87873754, "weightedAverageShsOutDil": 89965986, "link": "https://www.sec.gov/Archives/edgar/data/216228/000095012301002627/0000950123-01-002627-index.htm", "finalLink": "https://www.sec.gov/Archives/edgar/data/216228/000095012301002627/y42903e10-k405.txt", "calculatedOtherExpenses": 201800000, "calculatedOperatingExpenses": 1342800000, "calculatedNetInterest": 0, "calculatedOtherIncome": -73200000, "calculatedIncomeNonControlling": 0, "calculatedEbitda": 694900000}, {"date": "1999-12-31", "symbol": "ITT", "reportedCurrency": "USD", "cik": "0000216228", "fillingDate": "2000-03-28", "acceptedDate": "2000-03-28 00:00:00", "calendarYear": "1999", "period": "FY", "revenue": 4632200000, "costOfRevenue": 3084700000, "grossProfit": 1547500000, "grossProfitRatio": 0.3340745218, "researchAndDevelopmentExpenses": 264400000, "generalAndAdministrativeExpenses": 0, "sellingAndMarketingExpenses": 0, "sellingGeneralAndAdministrativeExpenses": 691400000, "otherExpenses": 181100000, "operatingExpenses": 1136900000, "costAndExpenses": 4221600000, "interestIncome": 0, "interestExpense": 0, "depreciationAndAmortization": 181100000, "ebitda": 585800000, "ebitdaratio": 0.126462588, "operatingIncome": 410600000, "operatingIncomeRatio": 0.0886403869, "totalOtherIncomeExpensesNet": 5900000, "incomeBeforeTax": 369700000, "incomeBeforeTaxRatio": 0.079810889, "incomeTaxExpense": 136800000, "netIncome": 232900000, "netIncomeRatio": 0.0502784854, "eps": 2.61, "epsdiluted": 2.53, "weightedAverageShsOut": 89200000, "weightedAverageShsOutDil": 92000000, "link": "https://www.sec.gov/Archives/edgar/data/216228/000095012300002801/0000950123-00-002801-index.html", "finalLink": "https://www.sec.gov/Archives/edgar/data/216228/000095012300002801/", "calculatedOtherExpenses": 181100000, "calculatedOperatingExpenses": 1136900000, "calculatedNetInterest": 0, "calculatedOtherIncome": -40900000, "calculatedIncomeNonControlling": 0, "calculatedEbitda": 591700000}, {"date": "1998-12-31", "symbol": "ITT", "reportedCurrency": "USD", "cik": "0000216228", "fillingDate": "1999-03-29", "acceptedDate": "1999-03-29 00:00:00", "calendarYear": "1998", "period": "FY", "revenue": 4492700000, "costOfRevenue": 2970300000, "grossProfit": 1522400000, "grossProfitRatio": 0.3388608187, "researchAndDevelopmentExpenses": 267600000, "generalAndAdministrativeExpenses": 0, "sellingAndMarketingExpenses": 0, "sellingGeneralAndAdministrativeExpenses": 730000000, "otherExpenses": 195600000, "operatingExpenses": 1193200000, "costAndExpenses": 4163500000, "interestIncome": 0, "interestExpense": 0, "depreciationAndAmortization": 195600000, "ebitda": 888200000, "ebitdaratio": 0.1976984887, "operatingIncome": 329200000, "operatingIncomeRatio": 0.073274423, "totalOtherIncomeExpensesNet": -363400000, "incomeBeforeTax": -160000000, "incomeBeforeTaxRatio": -0.0356133283, "incomeTaxExpense": -62400000, "netIncome": 1532500000, "netIncomeRatio": 0.34110891, "eps": 13.55, "epsdiluted": 13.55, "weightedAverageShsOut": 113099631, "weightedAverageShsOutDil": 113099631, "link": "https://www.sec.gov/Archives/edgar/data/216228/000095012399002646/0000950123-99-002646-index.html", "finalLink": "https://www.sec.gov/Archives/edgar/data/216228/", "calculatedOtherExpenses": 195600000, "calculatedOperatingExpenses": 1193200000, "calculatedNetInterest": 0, "calculatedOtherIncome": -489200000, "calculatedIncomeNonControlling": -1630100000, "calculatedEbitda": 524800000}, {"date": "1997-12-31", "symbol": "ITT", "reportedCurrency": "USD", "cik": "0000216228", "fillingDate": "1998-03-27", "acceptedDate": "1998-03-27 00:00:00", "calendarYear": "1997", "period": "FY", "revenue": 8777100000, "costOfRevenue": 6512900000, "grossProfit": 2264200000, "grossProfitRatio": 0.2579667544, "researchAndDevelopmentExpenses": 496900000, "generalAndAdministrativeExpenses": 0, "sellingAndMarketingExpenses": 0, "sellingGeneralAndAdministrativeExpenses": 805300000, "otherExpenses": 436400000, "operatingExpenses": 1738600000, "costAndExpenses": 8251500000, "interestIncome": 0, "interestExpense": 0, "depreciationAndAmortization": 436400000, "ebitda": 1168000000, "ebitdaratio": 0.1330735664, "operatingIncome": 525600000, "operatingIncomeRatio": 0.0598831049, "totalOtherIncomeExpensesNet": -206000000, "incomeBeforeTax": 186400000, "incomeBeforeTaxRatio": 0.0212370829, "incomeTaxExpense": 72700000, "netIncome": 108100000, "netIncomeRatio": 0.0123161409, "eps": 0.91, "epsdiluted": 0.89, "weightedAverageShsOut": 118791209, "weightedAverageShsOutDil": 121460674, "link": "https://www.sec.gov/Archives/edgar/data/216228/000095012398002979/0000950123-98-002979-index.html", "finalLink": "https://www.sec.gov/Archives/edgar/data/216228/", "calculatedOtherExpenses": 436400000, "calculatedOperatingExpenses": 1738600000, "calculatedNetInterest": 0, "calculatedOtherIncome": -339200000, "calculatedIncomeNonControlling": 5600000, "calculatedEbitda": 962000000}, {"date": "1996-12-31", "symbol": "ITT", "reportedCurrency": "USD", "cik": "0000216228", "fillingDate": "1997-03-26", "acceptedDate": "1997-03-26 00:00:00", "calendarYear": "1996", "period": "FY", "revenue": 8718100000, "costOfRevenue": 7050600000, "grossProfit": 1667500000, "grossProfitRatio": 0.1912687397, "researchAndDevelopmentExpenses": 0, "generalAndAdministrativeExpenses": 0, "sellingAndMarketingExpenses": 0, "sellingGeneralAndAdministrativeExpenses": 739400000, "otherExpenses": 433000000, "operatingExpenses": 1172400000, "costAndExpenses": 8223000000, "interestIncome": 0, "interestExpense": 0, "depreciationAndAmortization": 433000000, "ebitda": 883200000, "ebitdaratio": 0.1013064773, "operatingIncome": 495100000, "operatingIncomeRatio": 0.0567898969, "totalOtherIncomeExpensesNet": 44900000, "incomeBeforeTax": 371000000, "incomeBeforeTaxRatio": 0.0425551439, "incomeTaxExpense": 148400000, "netIncome": 222600000, "netIncomeRatio": 0.0255330863, "eps": 1.89, "epsdiluted": 1.85, "weightedAverageShsOut": 117777778, "weightedAverageShsOutDil": 120324324, "link": "https://www.sec.gov/Archives/edgar/data/216228/000095012397002482/0000950123-97-002482-index.html", "finalLink": "https://www.sec.gov/Archives/edgar/data/216228/", "calculatedOtherExpenses": 433000000, "calculatedOperatingExpenses": 1172400000, "calculatedNetInterest": 0, "calculatedOtherIncome": -124100000, "calculatedIncomeNonControlling": 0, "calculatedEbitda": 928100000}, {"date": "1995-12-31", "symbol": "ITT", "reportedCurrency": "USD", "cik": "0000216228", "fillingDate": "1996-03-25", "acceptedDate": "1996-03-25 00:00:00", "calendarYear": "1995", "period": "FY", "revenue": 8884000000, "costOfRevenue": 7246000000, "grossProfit": 1638000000, "grossProfitRatio": 0.184376407, "researchAndDevelopmentExpenses": 0, "generalAndAdministrativeExpenses": 0, "sellingAndMarketingExpenses": 0, "sellingGeneralAndAdministrativeExpenses": 689000000, "otherExpenses": 423000000, "operatingExpenses": 1112000000, "costAndExpenses": 8358000000, "interestIncome": 0, "interestExpense": 0, "depreciationAndAmortization": 423000000, "ebitda": 1229000000, "ebitdaratio": 0.1383385862, "operatingIncome": 526000000, "operatingIncomeRatio": 0.0592075642, "totalOtherIncomeExpensesNet": -280000000, "incomeBeforeTax": 71000000, "incomeBeforeTaxRatio": 0.0079918955, "incomeTaxExpense": 50000000, "netIncome": 658000000, "netIncomeRatio": 0.0740657362, "eps": 6.24, "epsdiluted": 6.18, "weightedAverageShsOut": 113445513, "weightedAverageShsOutDil": 114546926, "link": "https://www.sec.gov/Archives/edgar/data/216228/000095012396001278/0000950123-96-001278-index.html", "finalLink": "https://www.sec.gov/Archives/edgar/data/216228/", "calculatedOtherExpenses": 423000000, "calculatedOperatingExpenses": 1112000000, "calculatedNetInterest": 0, "calculatedOtherIncome": -455000000, "calculatedIncomeNonControlling": -637000000, "calculatedEbitda": 949000000}, {"date": "1994-12-31", "symbol": "ITT", "reportedCurrency": "USD", "cik": "0000216228", "fillingDate": "1995-03-15", "acceptedDate": "1995-03-15 00:00:00", "calendarYear": "1994", "period": "FY", "revenue": 23620000000, "costOfRevenue": 22115000000, "grossProfit": 1505000000, "grossProfitRatio": 0.0637171888, "researchAndDevelopmentExpenses": 0, "generalAndAdministrativeExpenses": 0, "sellingAndMarketingExpenses": 0, "sellingGeneralAndAdministrativeExpenses": 0, "otherExpenses": 0, "operatingExpenses": 0, "costAndExpenses": 22115000000, "interestIncome": 0, "interestExpense": 0, "depreciationAndAmortization": 597000000, "ebitda": 2140000000, "ebitdaratio": 0.0906011854, "operatingIncome": 1505000000, "operatingIncomeRatio": 0.0637171888, "totalOtherIncomeExpensesNet": -38000000, "incomeBeforeTax": 1241000000, "incomeBeforeTaxRatio": 0.0525402202, "incomeTaxExpense": 389000000, "netIncome": 1022000000, "netIncomeRatio": 0.0432684166, "eps": 8.57, "epsdiluted": 8.02, "weightedAverageShsOut": 115000000, "weightedAverageShsOutDil": 125000000, "link": "https://www.sec.gov/Archives/edgar/data/216228/000095012395000558/0000950123-95-000558-index.html", "finalLink": "https://www.sec.gov/Archives/edgar/data/216228/", "calculatedOtherExpenses": 0, "calculatedOperatingExpenses": 0, "calculatedNetInterest": 0, "calculatedOtherIncome": -264000000, "calculatedIncomeNonControlling": -170000000, "calculatedEbitda": 2102000000}]}