{"originalCurrency": "USD", "convertedCurrency": "USD", "report": [{"date": "2023-12-31", "symbol": "JBHT", "reportedCurrency": "USD", "cik": "0000728535", "fillingDate": "2024-02-23", "acceptedDate": "2024-02-23 16:01:25", "calendarYear": "2023", "period": "FY", "revenue": 12829665000, "costOfRevenue": 11444558000, "grossProfit": 1385107000, "grossProfitRatio": 0.1079612757, "researchAndDevelopmentExpenses": 0, "generalAndAdministrativeExpenses": 632593000, "sellingAndMarketingExpenses": -343484000, "sellingGeneralAndAdministrativeExpenses": 289109000, "otherExpenses": -74996000, "operatingExpenses": 364105000, "costAndExpenses": 11808663000, "interestIncome": 7624000, "interestExpense": 65933000, "depreciationAndAmortization": 737954000, "ebitda": 1758956000, "ebitdaratio": 0.1371006959, "operatingIncome": 1021002000, "operatingIncomeRatio": 0.0795813453, "totalOtherIncomeExpensesNet": -86115000, "incomeBeforeTax": 934887000, "incomeBeforeTaxRatio": 0.0728691669, "incomeTaxExpense": 206600000, "netIncome": 728287000, "netIncomeRatio": 0.0567658626, "eps": 7.04, "epsdiluted": 6.97, "weightedAverageShsOut": 103440000, "weightedAverageShsOutDil": 104451000, "link": "https://www.sec.gov/Archives/edgar/data/728535/000143774924005368/0001437749-24-005368-index.htm", "finalLink": "https://www.sec.gov/Archives/edgar/data/728535/000143774924005368/jbht20231231_10k.htm", "calculatedOtherExpenses": 74996000, "calculatedOperatingExpenses": 364105000, "calculatedNetInterest": -58309000, "calculatedOtherIncome": -27806000, "calculatedIncomeNonControlling": 0, "calculatedEbitda": 1758956000}, {"date": "2022-12-31", "symbol": "JBHT", "reportedCurrency": "USD", "cik": "0000728535", "fillingDate": "2023-02-24", "acceptedDate": "2023-02-24 15:52:49", "calendarYear": "2022", "period": "FY", "revenue": 14813999000, "costOfRevenue": 12341472000, "grossProfit": 2472527000, "grossProfitRatio": 0.1669047635, "researchAndDevelopmentExpenses": 0, "generalAndAdministrativeExpenses": 570191000, "sellingAndMarketingExpenses": 0, "sellingGeneralAndAdministrativeExpenses": 570191000, "otherExpenses": 570783000, "operatingExpenses": 1140974000, "costAndExpenses": 13482446000, "interestIncome": 1069000, "interestExpense": 50180000, "depreciationAndAmortization": 644520000, "ebitda": 1331553000, "ebitdaratio": 0.0898847772, "operatingIncome": 687033000, "operatingIncomeRatio": 0.0463772814, "totalOtherIncomeExpensesNet": 594340000, "incomeBeforeTax": 1281373000, "incomeBeforeTaxRatio": 0.0864974407, "incomeTaxExpense": 312022000, "netIncome": 969351000, "netIncomeRatio": 0.0654347958, "eps": 9.31, "epsdiluted": 9.21, "weightedAverageShsOut": 104141000, "weightedAverageShsOutDil": 105276000, "link": "https://www.sec.gov/Archives/edgar/data/728535/000143774923004530/0001437749-23-004530-index.htm", "finalLink": "https://www.sec.gov/Archives/edgar/data/728535/000143774923004530/jbht20221231_10k.htm", "calculatedOtherExpenses": 1215303000, "calculatedOperatingExpenses": 1785494000, "calculatedNetInterest": -49111000, "calculatedOtherIncome": 643451000, "calculatedIncomeNonControlling": 0, "calculatedEbitda": 1331553000}, {"date": "2021-12-31", "symbol": "JBHT", "reportedCurrency": "USD", "cik": "0000728535", "fillingDate": "2022-02-25", "acceptedDate": "2022-02-25 15:53:19", "calendarYear": "2021", "period": "FY", "revenue": 12168302000, "costOfRevenue": 10298483000, "grossProfit": 1869819000, "grossProfitRatio": 0.1536630994, "researchAndDevelopmentExpenses": 0, "generalAndAdministrativeExpenses": 395533000, "sellingAndMarketingExpenses": 0, "sellingGeneralAndAdministrativeExpenses": 395533000, "otherExpenses": 428756000, "operatingExpenses": 824289000, "costAndExpenses": 11122772000, "interestIncome": 493000, "interestExpense": 45758000, "depreciationAndAmortization": 557093000, "ebitda": 1045530000, "ebitdaratio": 0.0859224237, "operatingIncome": 488437000, "operatingIncomeRatio": 0.0401401116, "totalOtherIncomeExpensesNet": 511335000, "incomeBeforeTax": 999772000, "incomeBeforeTaxRatio": 0.0821619976, "incomeTaxExpense": 238966000, "netIncome": 760806000, "netIncomeRatio": 0.0625235961, "eps": 7.22, "epsdiluted": 7.14, "weightedAverageShsOut": 105359000, "weightedAverageShsOutDil": 106593000, "link": "https://www.sec.gov/Archives/edgar/data/728535/000143774922004457/0001437749-22-004457-index.htm", "finalLink": "https://www.sec.gov/Archives/edgar/data/728535/000143774922004457/jbht20211231_10k.htm", "calculatedOtherExpenses": 985849000, "calculatedOperatingExpenses": 1381382000, "calculatedNetInterest": -45265000, "calculatedOtherIncome": 556600000, "calculatedIncomeNonControlling": 0, "calculatedEbitda": 1045530000}, {"date": "2020-12-31", "symbol": "JBHT", "reportedCurrency": "USD", "cik": "0000728535", "fillingDate": "2021-02-23", "acceptedDate": "2021-02-22 18:09:24", "calendarYear": "2020", "period": "FY", "revenue": 9636573000, "costOfRevenue": 8186697000, "grossProfit": 1449876000, "grossProfitRatio": 0.1504555613, "researchAndDevelopmentExpenses": 0, "generalAndAdministrativeExpenses": 348076000, "sellingAndMarketingExpenses": 0, "sellingGeneralAndAdministrativeExpenses": 348076000, "otherExpenses": 388681000, "operatingExpenses": 736757000, "costAndExpenses": 8923454000, "interestIncome": 486000, "interestExpense": 47094000, "depreciationAndAmortization": 527375000, "ebitda": 713119000, "ebitdaratio": 0.0740013073, "operatingIncome": 185744000, "operatingIncomeRatio": 0.019274902, "totalOtherIncomeExpensesNet": 480281000, "incomeBeforeTax": 666025000, "incomeBeforeTaxRatio": 0.0691143003, "incomeTaxExpense": 159990000, "netIncome": 506035000, "netIncomeRatio": 0.0525119251, "eps": 4.79, "epsdiluted": 4.74, "weightedAverageShsOut": 105700000, "weightedAverageShsOutDil": 106766000, "link": "https://www.sec.gov/Archives/edgar/data/728535/000143774921003667/0001437749-21-003667-index.htm", "finalLink": "https://www.sec.gov/Archives/edgar/data/728535/000143774921003667/jbht20201231_10k.htm", "calculatedOtherExpenses": 916056000, "calculatedOperatingExpenses": 1264132000, "calculatedNetInterest": -46608000, "calculatedOtherIncome": 526889000, "calculatedIncomeNonControlling": 0, "calculatedEbitda": 713119000}, {"date": "2019-12-31", "symbol": "JBHT", "reportedCurrency": "USD", "cik": "0000728535", "fillingDate": "2020-03-02", "acceptedDate": "2020-03-02 15:06:58", "calendarYear": "2019", "period": "FY", "revenue": 9165258000, "costOfRevenue": 7659003000, "grossProfit": 1506255000, "grossProfitRatio": 0.1643439825, "researchAndDevelopmentExpenses": 0, "generalAndAdministrativeExpenses": 383981000, "sellingAndMarketingExpenses": 0, "sellingGeneralAndAdministrativeExpenses": 383981000, "otherExpenses": 388449000, "operatingExpenses": 772430000, "costAndExpenses": 8431433000, "interestIncome": 1754000, "interestExpense": 52930000, "depreciationAndAmortization": 499145000, "ebitda": 733825000, "ebitdaratio": 0.0800659403, "operatingIncome": 234680000, "operatingIncomeRatio": 0.0256053894, "totalOtherIncomeExpensesNet": 446215000, "incomeBeforeTax": 680895000, "incomeBeforeTaxRatio": 0.074290871, "incomeTaxExpense": 164575000, "netIncome": 516320000, "netIncomeRatio": 0.0563344753, "eps": 4.81, "epsdiluted": 4.77, "weightedAverageShsOut": 107329000, "weightedAverageShsOutDil": 108307000, "link": "https://www.sec.gov/Archives/edgar/data/728535/000143774920004119/0001437749-20-004119-index.htm", "finalLink": "https://www.sec.gov/Archives/edgar/data/728535/000143774920004119/jbht20191231_10k.htm", "calculatedOtherExpenses": 887594000, "calculatedOperatingExpenses": 1271575000, "calculatedNetInterest": -51176000, "calculatedOtherIncome": 497391000, "calculatedIncomeNonControlling": 0, "calculatedEbitda": 733825000}, {"date": "2018-12-31", "symbol": "JBHT", "reportedCurrency": "USD", "cik": "0000728535", "fillingDate": "2019-02-22", "acceptedDate": "2019-02-22 12:09:34", "calendarYear": "2018", "period": "FY", "revenue": 8614874000, "costOfRevenue": 7255657000, "grossProfit": 1359217000, "grossProfitRatio": 0.15777561, "researchAndDevelopmentExpenses": 0, "generalAndAdministrativeExpenses": 323587000, "sellingAndMarketingExpenses": 0, "sellingGeneralAndAdministrativeExpenses": 323587000, "otherExpenses": 354609000, "operatingExpenses": 678196000, "costAndExpenses": 7933853000, "interestIncome": 224000, "interestExpense": 40203000, "depreciationAndAmortization": 435893000, "ebitda": 681021000, "ebitdaratio": 0.0790517656, "operatingIncome": 641042000, "operatingIncomeRatio": 0.0744110709, "totalOtherIncomeExpensesNet": 395690000, "incomeBeforeTax": 640818000, "incomeBeforeTaxRatio": 0.0743850694, "incomeTaxExpense": 151233000, "netIncome": 489585000, "netIncomeRatio": 0.0568301986, "eps": 4.5, "epsdiluted": 4.43, "weightedAverageShsOut": 108710825, "weightedAverageShsOutDil": 110428000, "link": "https://www.sec.gov/Archives/edgar/data/728535/000143774919003134/0001437749-19-003134-index.htm", "finalLink": "https://www.sec.gov/Archives/edgar/data/728535/000143774919003134/jbht20181231_10k.htm", "calculatedOtherExpenses": 394588000, "calculatedOperatingExpenses": 718175000, "calculatedNetInterest": -39979000, "calculatedOtherIncome": 39755000, "calculatedIncomeNonControlling": 0, "calculatedEbitda": 1076935000}, {"date": "2017-12-31", "symbol": "JBHT", "reportedCurrency": "USD", "cik": "0000728535", "fillingDate": "2018-02-23", "acceptedDate": "2018-02-23 16:42:32", "calendarYear": "2017", "period": "FY", "revenue": 7189568000, "costOfRevenue": 5990275000, "grossProfit": 1199293000, "grossProfitRatio": 0.1668101616, "researchAndDevelopmentExpenses": 0, "generalAndAdministrativeExpenses": 273440000, "sellingAndMarketingExpenses": 0, "sellingGeneralAndAdministrativeExpenses": 273440000, "otherExpenses": 302064000, "operatingExpenses": 575504000, "costAndExpenses": 6565779000, "interestIncome": 235000, "interestExpense": 28550000, "depreciationAndAmortization": 383518000, "ebitda": 623789000, "ebitdaratio": 0.0867630712, "operatingIncome": 623789000, "operatingIncomeRatio": 0.0867630712, "totalOtherIncomeExpensesNet": -28550000, "incomeBeforeTax": 595239000, "incomeBeforeTaxRatio": 0.0827920398, "incomeTaxExpense": -91024000, "netIncome": 686263000, "netIncomeRatio": 0.0954526058, "eps": 6.25, "epsdiluted": 6.18, "weightedAverageShsOut": 109753008, "weightedAverageShsOutDil": 111049000, "link": "https://www.sec.gov/Archives/edgar/data/728535/000143774918003239/0001437749-18-003239-index.htm", "finalLink": "https://www.sec.gov/Archives/edgar/data/728535/000143774918003239/jbht20171231_10k.htm", "calculatedOtherExpenses": 302064000, "calculatedOperatingExpenses": 575504000, "calculatedNetInterest": -28315000, "calculatedOtherIncome": -235000, "calculatedIncomeNonControlling": 0, "calculatedEbitda": 1007307000}, {"date": "2016-12-31", "symbol": "JBHT", "reportedCurrency": "USD", "cik": "0000728535", "fillingDate": "2017-02-23", "acceptedDate": "2017-02-23 16:10:12", "calendarYear": "2016", "period": "FY", "revenue": 6555459000, "costOfRevenue": 5369826000, "grossProfit": 1185633000, "grossProfitRatio": 0.1808619351, "researchAndDevelopmentExpenses": 0, "generalAndAdministrativeExpenses": 185436000, "sellingAndMarketingExpenses": 0, "sellingGeneralAndAdministrativeExpenses": 185436000, "otherExpenses": 279177000, "operatingExpenses": 464613000, "costAndExpenses": 5834439000, "interestIncome": 71000, "interestExpense": 25223000, "depreciationAndAmortization": 361510000, "ebitda": 721020000, "ebitdaratio": 0.1099877217, "operatingIncome": 721020000, "operatingIncomeRatio": 0.1099877217, "totalOtherIncomeExpensesNet": -25223000, "incomeBeforeTax": 695797000, "incomeBeforeTaxRatio": 0.1061400887, "incomeTaxExpense": 263707000, "netIncome": 432090000, "netIncomeRatio": 0.0659130047, "eps": 3.88, "epsdiluted": 3.81, "weightedAverageShsOut": 111305021, "weightedAverageShsOutDil": 113361000, "link": "https://www.sec.gov/Archives/edgar/data/728535/000143774917003083/0001437749-17-003083-index.htm", "finalLink": "https://www.sec.gov/Archives/edgar/data/728535/000143774917003083/jbht20161231_10k.htm", "calculatedOtherExpenses": 279177000, "calculatedOperatingExpenses": 464613000, "calculatedNetInterest": -25152000, "calculatedOtherIncome": -71000, "calculatedIncomeNonControlling": 0, "calculatedEbitda": 1082530000}, {"date": "2015-12-31", "symbol": "JBHT", "reportedCurrency": "USD", "cik": "0000728535", "fillingDate": "2016-02-23", "acceptedDate": "2016-02-23 16:38:30", "calendarYear": "2015", "period": "FY", "revenue": 6187646000, "costOfRevenue": 5041472000, "grossProfit": 1146174000, "grossProfitRatio": 0.1852358716, "researchAndDevelopmentExpenses": 0, "generalAndAdministrativeExpenses": 166799000, "sellingAndMarketingExpenses": 0, "sellingGeneralAndAdministrativeExpenses": 166799000, "otherExpenses": 263681000, "operatingExpenses": 430480000, "costAndExpenses": 5471952000, "interestIncome": 86000, "interestExpense": 25491000, "depreciationAndAmortization": 339613000, "ebitda": 715694000, "ebitdaratio": 0.1156649879, "operatingIncome": 715694000, "operatingIncomeRatio": 0.1156649879, "totalOtherIncomeExpensesNet": -25491000, "incomeBeforeTax": 690203000, "incomeBeforeTaxRatio": 0.1115453276, "incomeTaxExpense": 262968000, "netIncome": 427235000, "netIncomeRatio": 0.0690464516, "eps": 3.75, "epsdiluted": 3.66, "weightedAverageShsOut": 113947780, "weightedAverageShsOutDil": 116728000, "link": "https://www.sec.gov/Archives/edgar/data/728535/000143774916025879/0001437749-16-025879-index.htm", "finalLink": "https://www.sec.gov/Archives/edgar/data/728535/000143774916025879/jbht20151231_10k.htm", "calculatedOtherExpenses": 263681000, "calculatedOperatingExpenses": 430480000, "calculatedNetInterest": -25405000, "calculatedOtherIncome": -86000, "calculatedIncomeNonControlling": 0, "calculatedEbitda": 1055307000}, {"date": "2014-12-31", "symbol": "JBHT", "reportedCurrency": "USD", "cik": "0000728535", "fillingDate": "2015-02-24", "acceptedDate": "2015-02-24 15:17:28", "calendarYear": "2014", "period": "FY", "revenue": 6165441000, "costOfRevenue": 5124095000, "grossProfit": 1041346000, "grossProfitRatio": 0.168900489, "researchAndDevelopmentExpenses": 0, "generalAndAdministrativeExpenses": 152469000, "sellingAndMarketingExpenses": 0, "sellingGeneralAndAdministrativeExpenses": 152469000, "otherExpenses": 257335000, "operatingExpenses": 409804000, "costAndExpenses": 5533899000, "interestIncome": 87000, "interestExpense": 26941000, "depreciationAndAmortization": 294496000, "ebitda": 631542000, "ebitdaratio": 0.1024325754, "operatingIncome": 631542000, "operatingIncomeRatio": 0.1024325754, "totalOtherIncomeExpensesNet": -26941000, "incomeBeforeTax": 604601000, "incomeBeforeTaxRatio": 0.0980628961, "incomeTaxExpense": 229809000, "netIncome": 374792000, "netIncomeRatio": 0.0607891633, "eps": 3.22, "epsdiluted": 3.16, "weightedAverageShsOut": 116575163, "weightedAverageShsOutDil": 118445000, "link": "https://www.sec.gov/Archives/edgar/data/728535/000143774915003305/0001437749-15-003305-index.htm", "finalLink": "https://www.sec.gov/Archives/edgar/data/728535/000143774915003305/jbht20141231_10k.htm", "calculatedOtherExpenses": 257335000, "calculatedOperatingExpenses": 409804000, "calculatedNetInterest": -26854000, "calculatedOtherIncome": -87000, "calculatedIncomeNonControlling": 0, "calculatedEbitda": 926038000}, {"date": "2013-12-31", "symbol": "JBHT", "reportedCurrency": "USD", "cik": "0000728535", "fillingDate": "2014-02-21", "acceptedDate": "2014-02-21 17:11:04", "calendarYear": "2013", "period": "FY", "revenue": 5584571000, "costOfRevenue": 4653087000, "grossProfit": 931484000, "grossProfitRatio": 0.1667959813, "researchAndDevelopmentExpenses": 0, "generalAndAdministrativeExpenses": 119769000, "sellingAndMarketingExpenses": 0, "sellingGeneralAndAdministrativeExpenses": 119769000, "otherExpenses": 235007000, "operatingExpenses": 354776000, "costAndExpenses": 5007863000, "interestIncome": 69000, "interestExpense": 23140000, "depreciationAndAmortization": 253380000, "ebitda": 576708000, "ebitdaratio": 0.1032680935, "operatingIncome": 576708000, "operatingIncomeRatio": 0.1032680935, "totalOtherIncomeExpensesNet": -23140000, "incomeBeforeTax": 553568000, "incomeBeforeTaxRatio": 0.0991245344, "incomeTaxExpense": 211186000, "netIncome": 342382000, "netIncomeRatio": 0.0613085589, "eps": 2.92, "epsdiluted": 2.87, "weightedAverageShsOut": 117241438, "weightedAverageShsOutDil": 119404000, "link": "https://www.sec.gov/Archives/edgar/data/728535/000143774914002605/0001437749-14-002605-index.htm", "finalLink": "https://www.sec.gov/Archives/edgar/data/728535/000143774914002605/jbht20131231_10k.htm", "calculatedOtherExpenses": 235007000, "calculatedOperatingExpenses": 354776000, "calculatedNetInterest": -23071000, "calculatedOtherIncome": -69000, "calculatedIncomeNonControlling": 0, "calculatedEbitda": 830088000}, {"date": "2012-12-31", "symbol": "JBHT", "reportedCurrency": "USD", "cik": "0000728535", "fillingDate": "2013-02-22", "acceptedDate": "2013-02-22 16:52:50", "calendarYear": "2012", "period": "FY", "revenue": 5054980000, "costOfRevenue": 4218201000, "grossProfit": 836779000, "grossProfitRatio": 0.1655355709, "researchAndDevelopmentExpenses": 0, "generalAndAdministrativeExpenses": 98508000, "sellingAndMarketingExpenses": 0, "sellingGeneralAndAdministrativeExpenses": 98508000, "otherExpenses": 208071000, "operatingExpenses": 306579000, "costAndExpenses": 4524780000, "interestIncome": 1000, "interestExpense": 25559000, "depreciationAndAmortization": 229166000, "ebitda": 530200000, "ebitdaratio": 0.1048866662, "operatingIncome": 530200000, "operatingIncomeRatio": 0.1048866662, "totalOtherIncomeExpensesNet": -25559000, "incomeBeforeTax": 504641000, "incomeBeforeTaxRatio": 0.0998304642, "incomeTaxExpense": 194287000, "netIncome": 310354000, "netIncomeRatio": 0.061395693, "eps": 2.64, "epsdiluted": 2.59, "weightedAverageShsOut": 117529307, "weightedAverageShsOutDil": 120022000, "link": "https://www.sec.gov/Archives/edgar/data/728535/000143774913001883/0001437749-13-001883-index.htm", "finalLink": "https://www.sec.gov/Archives/edgar/data/728535/000143774913001883/jbht_10k-123112.htm", "calculatedOtherExpenses": 208071000, "calculatedOperatingExpenses": 306579000, "calculatedNetInterest": -25558000, "calculatedOtherIncome": -1000, "calculatedIncomeNonControlling": 0, "calculatedEbitda": 759366000}, {"date": "2011-12-31", "symbol": "JBHT", "reportedCurrency": "USD", "cik": "0000728535", "fillingDate": "2012-02-24", "acceptedDate": "2012-02-24 17:05:26", "calendarYear": "2011", "period": "FY", "revenue": 4526842000, "costOfRevenue": 2837813000, "grossProfit": 1689029000, "grossProfitRatio": 0.3731141931, "researchAndDevelopmentExpenses": 0, "generalAndAdministrativeExpenses": 1030853000, "sellingAndMarketingExpenses": 0, "sellingGeneralAndAdministrativeExpenses": 1030853000, "otherExpenses": 213943000, "operatingExpenses": 1244796000, "costAndExpenses": 4082609000, "interestIncome": 8000, "interestExpense": 28500000, "depreciationAndAmortization": 213943000, "ebitda": 658176000, "ebitdaratio": 0.1453940738, "operatingIncome": 444233000, "operatingIncomeRatio": 0.0981330915, "totalOtherIncomeExpensesNet": -28500000, "incomeBeforeTax": 415733000, "incomeBeforeTaxRatio": 0.0918373118, "incomeTaxExpense": 158727000, "netIncome": 257006000, "netIncomeRatio": 0.0567737951, "eps": 2.2, "epsdiluted": 2.11, "weightedAverageShsOut": 116932448, "weightedAverageShsOutDil": 121922000, "link": "https://www.sec.gov/Archives/edgar/data/728535/000143774912001745/0001437749-12-001745-index.htm", "finalLink": "https://www.sec.gov/Archives/edgar/data/728535/000143774912001745/jbht_10k-123111.htm", "calculatedOtherExpenses": 213943000, "calculatedOperatingExpenses": 1244796000, "calculatedNetInterest": -28492000, "calculatedOtherIncome": -8000, "calculatedIncomeNonControlling": 0, "calculatedEbitda": 658176000}, {"date": "2010-12-31", "symbol": "JBHT", "reportedCurrency": "USD", "cik": "0000728535", "fillingDate": "2011-02-25", "acceptedDate": "2011-02-25 16:28:28", "calendarYear": "2010", "period": "FY", "revenue": 3793485000, "costOfRevenue": 2159124000, "grossProfit": 1634361000, "grossProfitRatio": 0.430833653, "researchAndDevelopmentExpenses": 0, "generalAndAdministrativeExpenses": 966219000, "sellingAndMarketingExpenses": 0, "sellingGeneralAndAdministrativeExpenses": 966219000, "otherExpenses": 223957000, "operatingExpenses": 1190176000, "costAndExpenses": 3349300000, "interestIncome": 75000, "interestExpense": 28006000, "depreciationAndAmortization": 197062000, "ebitda": 641247000, "ebitdaratio": 0.1690390235, "operatingIncome": 347625000, "operatingIncomeRatio": 0.091637373, "totalOtherIncomeExpensesNet": -27931000, "incomeBeforeTax": 319694000, "incomeBeforeTaxRatio": 0.0842744864, "incomeTaxExpense": 120077000, "netIncome": 199617000, "netIncomeRatio": 0.0526210068, "eps": 1.64, "epsdiluted": 1.56, "weightedAverageShsOut": 121490168, "weightedAverageShsOutDil": 127767000, "link": "https://www.sec.gov/Archives/edgar/data/728535/000143774911001088/0001437749-11-001088-index.htm", "finalLink": "https://www.sec.gov/Archives/edgar/data/728535/000143774911001088/jbh_10k-123110.htm", "calculatedOtherExpenses": 320517000, "calculatedOperatingExpenses": 1286736000, "calculatedNetInterest": -27931000, "calculatedOtherIncome": 0, "calculatedIncomeNonControlling": 0, "calculatedEbitda": 544687000}, {"date": "2009-12-31", "symbol": "JBHT", "reportedCurrency": "USD", "cik": "0000728535", "fillingDate": "2010-02-26", "acceptedDate": "2010-02-26 16:55:31", "calendarYear": "2009", "period": "FY", "revenue": 3203321000, "costOfRevenue": 1772720000, "grossProfit": 1430601000, "grossProfitRatio": 0.4465993261, "researchAndDevelopmentExpenses": 0, "generalAndAdministrativeExpenses": 863977000, "sellingAndMarketingExpenses": 0, "sellingGeneralAndAdministrativeExpenses": 863977000, "otherExpenses": 217059000, "operatingExpenses": 1081036000, "costAndExpenses": 2853756000, "interestIncome": 70000, "interestExpense": 27359000, "depreciationAndAmortization": 189045000, "ebitda": 437016000, "ebitdaratio": 0.1364259155, "operatingIncome": 247971000, "operatingIncomeRatio": 0.0774105998, "totalOtherIncomeExpensesNet": 3456000, "incomeBeforeTax": 224068000, "incomeBeforeTaxRatio": 0.0699486564, "incomeTaxExpense": 87633000, "netIncome": 136435000, "netIncomeRatio": 0.0425917353, "eps": 1.07, "epsdiluted": 1.05, "weightedAverageShsOut": 126503000, "weightedAverageShsOutDil": 129462000, "link": "https://www.sec.gov/Archives/edgar/data/728535/000143774910000493/0001437749-10-000493-index.htm", "finalLink": "https://www.sec.gov/Archives/edgar/data/728535/000143774910000493/jbhunt_10k-123109.htm", "calculatedOtherExpenses": 318653000, "calculatedOperatingExpenses": 1182630000, "calculatedNetInterest": -27289000, "calculatedOtherIncome": 3386000, "calculatedIncomeNonControlling": 0, "calculatedEbitda": 437016000}, {"date": "2008-12-31", "symbol": "JBHT", "reportedCurrency": "USD", "cik": "0000728535", "fillingDate": "2009-02-27", "acceptedDate": "2009-02-27 15:41:42", "calendarYear": "2008", "period": "FY", "revenue": 3731943000, "costOfRevenue": 1418462000, "grossProfit": 2313481000, "grossProfitRatio": 0.6199132731, "researchAndDevelopmentExpenses": 0, "generalAndAdministrativeExpenses": -19409000, "sellingAndMarketingExpenses": 0, "sellingGeneralAndAdministrativeExpenses": -19409000, "otherExpenses": 234450000, "operatingExpenses": 1833519000, "costAndExpenses": 3251981000, "interestIncome": 890000, "interestExpense": 35337000, "depreciationAndAmortization": 202288000, "ebitda": 680515000, "ebitdaratio": 0.1823487122, "operatingIncome": 358418000, "operatingIncomeRatio": 0.096040588, "totalOtherIncomeExpensesNet": 1735000, "incomeBeforeTax": 322236000, "incomeBeforeTaxRatio": 0.0863453702, "incomeTaxExpense": 121643000, "netIncome": 200593000, "netIncomeRatio": 0.053750285, "eps": 1.59, "epsdiluted": 1.56, "weightedAverageShsOut": 125206000, "weightedAverageShsOutDil": 128533000, "link": "https://www.sec.gov/Archives/edgar/data/728535/000110465909013065/0001104659-09-013065-index.htm", "finalLink": "https://www.sec.gov/Archives/edgar/data/728535/000110465909013065/a09-1357_110k.htm", "calculatedOtherExpenses": 1974472000, "calculatedOperatingExpenses": 1955063000, "calculatedNetInterest": -34447000, "calculatedOtherIncome": -1735000, "calculatedIncomeNonControlling": 0, "calculatedEbitda": 560706000}, {"date": "2007-12-31", "symbol": "JBHT", "reportedCurrency": "USD", "cik": "0000728535", "fillingDate": "2008-02-29", "acceptedDate": "2008-02-29 11:26:31", "calendarYear": "2007", "period": "FY", "revenue": 3489899000, "costOfRevenue": 1945632000, "grossProfit": 1544267000, "grossProfitRatio": 0.4424961869, "researchAndDevelopmentExpenses": 0, "generalAndAdministrativeExpenses": 117866000, "sellingAndMarketingExpenses": 0, "sellingGeneralAndAdministrativeExpenses": 117866000, "otherExpenses": 3072899000, "operatingExpenses": 3190765000, "costAndExpenses": 5136397000, "interestIncome": 0, "interestExpense": 0, "depreciationAndAmortization": 205133000, "ebitda": -1440135000, "ebitdaratio": -0.4126580741, "operatingIncome": 368789000, "operatingIncomeRatio": 0.1056732587, "totalOtherIncomeExpensesNet": -1230000, "incomeBeforeTax": 325047000, "incomeBeforeTaxRatio": 0.0931393717, "incomeTaxExpense": 111913000, "netIncome": 213134000, "netIncomeRatio": 0.0610716814, "eps": 1.59, "epsdiluted": 1.55, "weightedAverageShsOut": 134334000, "weightedAverageShsOutDil": 137639000, "link": "https://www.sec.gov/Archives/edgar/data/728535/000110465908014088/0001104659-08-014088-index.htm", "finalLink": "https://www.sec.gov/Archives/edgar/data/728535/000110465908014088/a08-2564_110k.htm", "calculatedOtherExpenses": 1057612000, "calculatedOperatingExpenses": 1175478000, "calculatedNetInterest": 0, "calculatedOtherIncome": -43742000, "calculatedIncomeNonControlling": 0, "calculatedEbitda": 573922000}, {"date": "2006-12-31", "symbol": "JBHT", "reportedCurrency": "USD", "cik": "0000728535", "fillingDate": "2007-02-28", "acceptedDate": "2007-02-28 16:11:07", "calendarYear": "2006", "period": "FY", "revenue": 3327987000, "costOfRevenue": 1811985000, "grossProfit": 1516002000, "grossProfitRatio": 0.4555312265, "researchAndDevelopmentExpenses": 0, "generalAndAdministrativeExpenses": 104814000, "sellingAndMarketingExpenses": 0, "sellingGeneralAndAdministrativeExpenses": 104814000, "otherExpenses": 2922102000, "operatingExpenses": 3026916000, "costAndExpenses": 4838901000, "interestIncome": 0, "interestExpense": 0, "depreciationAndAmortization": 183604000, "ebitda": -1324129000, "ebitdaratio": -0.3978768547, "operatingIncome": 372653000, "operatingIncomeRatio": 0.1119754975, "totalOtherIncomeExpensesNet": -3181000, "incomeBeforeTax": 354313000, "incomeBeforeTaxRatio": 0.1064646587, "incomeTaxExpense": 134361000, "netIncome": 219952000, "netIncomeRatio": 0.0660916043, "eps": 1.48, "epsdiluted": 1.44, "weightedAverageShsOut": 148581000, "weightedAverageShsOutDil": 152317000, "link": "https://www.sec.gov/Archives/edgar/data/728535/000110465907014908/0001104659-07-014908-index.htm", "finalLink": "https://www.sec.gov/Archives/edgar/data/728535/000110465907014908/a07-5539_110k.htm", "calculatedOtherExpenses": 1038535000, "calculatedOperatingExpenses": 1143349000, "calculatedNetInterest": 0, "calculatedOtherIncome": -18340000, "calculatedIncomeNonControlling": 0, "calculatedEbitda": 556257000}, {"date": "2005-12-31", "symbol": "JBHT", "reportedCurrency": "USD", "cik": "0000728535", "fillingDate": "2006-03-10", "acceptedDate": "2006-03-10 15:41:27", "calendarYear": "2005", "period": "FY", "revenue": 3127899000, "costOfRevenue": 1658126000, "grossProfit": 1469773000, "grossProfitRatio": 0.4698914511, "researchAndDevelopmentExpenses": 0, "generalAndAdministrativeExpenses": 101205000, "sellingAndMarketingExpenses": 0, "sellingGeneralAndAdministrativeExpenses": 101205000, "otherExpenses": 2712259000, "operatingExpenses": 2813464000, "costAndExpenses": 4471590000, "interestIncome": 0, "interestExpense": 0, "depreciationAndAmortization": 163034000, "ebitda": -1150147000, "ebitdaratio": -0.3677059266, "operatingIncome": 343900000, "operatingIncomeRatio": 0.1099460053, "totalOtherIncomeExpensesNet": -30510000, "incomeBeforeTax": 333626000, "incomeBeforeTaxRatio": 0.1066613724, "incomeTaxExpense": 126315000, "netIncome": 207311000, "netIncomeRatio": 0.0662780352, "eps": 1.32, "epsdiluted": 1.28, "weightedAverageShsOut": 157583000, "weightedAverageShsOutDil": 162559000, "link": "https://www.sec.gov/Archives/edgar/data/728535/000110465906015770/0001104659-06-015770-index.htm", "finalLink": "https://www.sec.gov/Archives/edgar/data/728535/000110465906015770/a06-1990_110k.htm", "calculatedOtherExpenses": 1024668000, "calculatedOperatingExpenses": 1125873000, "calculatedNetInterest": 0, "calculatedOtherIncome": -10274000, "calculatedIncomeNonControlling": 0, "calculatedEbitda": 506934000}, {"date": "2004-12-31", "symbol": "JBHT", "reportedCurrency": "USD", "cik": "0000728535", "fillingDate": "2005-03-11", "acceptedDate": "2005-03-11 15:54:42", "calendarYear": "2004", "period": "FY", "revenue": 2786154000, "costOfRevenue": 1399624000, "grossProfit": 1386530000, "grossProfitRatio": 0.4976501658, "researchAndDevelopmentExpenses": 0, "generalAndAdministrativeExpenses": 93217000, "sellingAndMarketingExpenses": 0, "sellingGeneralAndAdministrativeExpenses": 93217000, "otherExpenses": 2437471000, "operatingExpenses": 2530688000, "costAndExpenses": 3930312000, "interestIncome": 0, "interestExpense": 0, "depreciationAndAmortization": 149776000, "ebitda": -991912000, "ebitdaratio": -0.3560147788, "operatingIncome": 310223000, "operatingIncomeRatio": 0.1113445273, "totalOtherIncomeExpensesNet": -2470000, "incomeBeforeTax": 302279000, "incomeBeforeTaxRatio": 0.108493285, "incomeTaxExpense": 156023000, "netIncome": 146256000, "netIncomeRatio": 0.0524938679, "eps": 0.91, "epsdiluted": 0.88, "weightedAverageShsOut": 160439560, "weightedAverageShsOutDil": 165909091, "link": "https://www.sec.gov/Archives/edgar/data/728535/000110465905010620/0001104659-05-010620-index.htm", "finalLink": "https://www.sec.gov/Archives/edgar/data/728535/000110465905010620/a05-1778_110k.htm", "calculatedOtherExpenses": 983090000, "calculatedOperatingExpenses": 1076307000, "calculatedNetInterest": 0, "calculatedOtherIncome": -7944000, "calculatedIncomeNonControlling": 0, "calculatedEbitda": 459999000}, {"date": "2003-12-31", "symbol": "JBHT", "reportedCurrency": "USD", "cik": "0000728535", "fillingDate": "2004-03-04", "acceptedDate": "2004-03-04 17:05:11", "calendarYear": "2003", "period": "FY", "revenue": 2433469000, "costOfRevenue": 1214393000, "grossProfit": 1219076000, "grossProfitRatio": 0.5009622066, "researchAndDevelopmentExpenses": 0, "generalAndAdministrativeExpenses": 98246000, "sellingAndMarketingExpenses": 0, "sellingGeneralAndAdministrativeExpenses": 98246000, "otherExpenses": 2213088000, "operatingExpenses": 2311334000, "costAndExpenses": 3525727000, "interestIncome": 0, "interestExpense": 0, "depreciationAndAmortization": 150221000, "ebitda": -941343000, "ebitdaratio": -0.3868317205, "operatingIncome": 185635000, "operatingIncomeRatio": 0.0762841031, "totalOtherIncomeExpensesNet": -694000, "incomeBeforeTax": 167729000, "incomeBeforeTaxRatio": 0.0689258832, "incomeTaxExpense": 72270000, "netIncome": 95459000, "netIncomeRatio": 0.039227539, "eps": 0.6, "epsdiluted": 0.58, "weightedAverageShsOut": 160000000, "weightedAverageShsOutDil": 165517241, "link": "https://www.sec.gov/Archives/edgar/data/728535/000110465904006498/0001104659-04-006498-index.htm", "finalLink": "https://www.sec.gov/Archives/edgar/data/728535/000110465904006498/a04-3086_110k.htm", "calculatedOtherExpenses": 935195000, "calculatedOperatingExpenses": 1033441000, "calculatedNetInterest": 0, "calculatedOtherIncome": -17906000, "calculatedIncomeNonControlling": 0, "calculatedEbitda": 335856000}, {"date": "2002-12-31", "symbol": "JBHT", "reportedCurrency": "USD", "cik": "0000728535", "fillingDate": "2003-03-11", "acceptedDate": "2003-03-10 20:52:19", "calendarYear": "2002", "period": "FY", "revenue": 2247886000, "costOfRevenue": 1096072000, "grossProfit": 1151814000, "grossProfitRatio": 0.5123987604, "researchAndDevelopmentExpenses": 0, "generalAndAdministrativeExpenses": 86161000, "sellingAndMarketingExpenses": 0, "sellingGeneralAndAdministrativeExpenses": 86161000, "otherExpenses": 2116894000, "operatingExpenses": 2203055000, "costAndExpenses": 3299127000, "interestIncome": 0, "interestExpense": 0, "depreciationAndAmortization": 145848000, "ebitda": -904040000, "ebitdaratio": -0.4021734198, "operatingIncome": 100963000, "operatingIncomeRatio": 0.0449146442, "totalOtherIncomeExpensesNet": -1353000, "incomeBeforeTax": 74847000, "incomeBeforeTaxRatio": 0.0332966174, "incomeTaxExpense": 23031000, "netIncome": 51816000, "netIncomeRatio": 0.023050991, "eps": 0.34, "epsdiluted": 0.33, "weightedAverageShsOut": 152400000, "weightedAverageShsOutDil": 157018182, "link": "https://www.sec.gov/Archives/edgar/data/728535/000110465903003945/0001104659-03-003945-index.htm", "finalLink": "https://www.sec.gov/Archives/edgar/data/728535/000110465903003945/j8280_10k.htm", "calculatedOtherExpenses": 964690000, "calculatedOperatingExpenses": 1050851000, "calculatedNetInterest": 0, "calculatedOtherIncome": -26116000, "calculatedIncomeNonControlling": 0, "calculatedEbitda": 246811000}, {"date": "2001-12-31", "symbol": "JBHT", "reportedCurrency": "USD", "cik": "0000728535", "fillingDate": "2002-03-08", "acceptedDate": "2002-03-08 00:00:00", "calendarYear": "2001", "period": "FY", "revenue": 2100305000, "costOfRevenue": 1018875000, "grossProfit": 1081430000, "grossProfitRatio": 0.5148918848, "researchAndDevelopmentExpenses": 0, "generalAndAdministrativeExpenses": 61663000, "sellingAndMarketingExpenses": 0, "sellingGeneralAndAdministrativeExpenses": 61663000, "otherExpenses": 2008814000, "operatingExpenses": 2070477000, "costAndExpenses": 3089352000, "interestIncome": 0, "interestExpense": 0, "depreciationAndAmortization": 142755000, "ebitda": -844209000, "ebitdaratio": -0.4019459079, "operatingIncome": 72209000, "operatingIncomeRatio": 0.0343802448, "totalOtherIncomeExpensesNet": -2083000, "incomeBeforeTax": 43082000, "incomeBeforeTaxRatio": 0.0205122589, "incomeTaxExpense": 10137000, "netIncome": 32945000, "netIncomeRatio": 0.0156858171, "eps": 0.23, "epsdiluted": 0.23, "weightedAverageShsOut": 143043478, "weightedAverageShsOutDil": 143043478, "link": "https://www.sec.gov/Archives/edgar/data/728535/000110465902000654/0001104659-02-000654-index.htm", "finalLink": "https://www.sec.gov/Archives/edgar/data/728535/000110465902000654/j3125_10k405.htm", "calculatedOtherExpenses": 947558000, "calculatedOperatingExpenses": 1009221000, "calculatedNetInterest": 0, "calculatedOtherIncome": -29127000, "calculatedIncomeNonControlling": 0, "calculatedEbitda": 214964000}, {"date": "2000-12-31", "symbol": "JBHT", "reportedCurrency": "USD", "cik": "0000728535", "fillingDate": "2001-03-12", "acceptedDate": "2001-03-12 00:00:00", "calendarYear": "2000", "period": "FY", "revenue": 2160447000, "costOfRevenue": 1107520000, "grossProfit": 1052927000, "grossProfitRatio": 0.4873653462, "researchAndDevelopmentExpenses": 0, "generalAndAdministrativeExpenses": 67545000, "sellingAndMarketingExpenses": 0, "sellingGeneralAndAdministrativeExpenses": 67545000, "otherExpenses": 2068473000, "operatingExpenses": 2136018000, "costAndExpenses": 3243538000, "interestIncome": 0, "interestExpense": 0, "depreciationAndAmortization": 134391000, "ebitda": -953477000, "ebitdaratio": -0.4413332056, "operatingIncome": 63411000, "operatingIncomeRatio": 0.0293508704, "totalOtherIncomeExpensesNet": 4777000, "incomeBeforeTax": 42441000, "incomeBeforeTaxRatio": 0.0196445458, "incomeTaxExpense": 6366000, "netIncome": 36075000, "netIncomeRatio": 0.0166979333, "eps": 0.26, "epsdiluted": 0.26, "weightedAverageShsOut": 141568627, "weightedAverageShsOutDil": 141568627, "link": "https://www.sec.gov/Archives/edgar/data/728535/000091205701007504/0000912057-01-007504-index.htm", "finalLink": "https://www.sec.gov/Archives/edgar/data/728535/000091205701007504/a2041002z10-k.txt", "calculatedOtherExpenses": 921971000, "calculatedOperatingExpenses": 989516000, "calculatedNetInterest": 0, "calculatedOtherIncome": -20970000, "calculatedIncomeNonControlling": 0, "calculatedEbitda": 197802000}, {"date": "1999-12-31", "symbol": "JBHT", "reportedCurrency": "USD", "cik": "0000728535", "fillingDate": "2000-03-02", "acceptedDate": "2000-03-02 00:00:00", "calendarYear": "1999", "period": "FY", "revenue": 2045073000, "costOfRevenue": 1025271000, "grossProfit": 1019802000, "grossProfitRatio": 0.4986628839, "researchAndDevelopmentExpenses": 0, "generalAndAdministrativeExpenses": 71305000, "sellingAndMarketingExpenses": 0, "sellingGeneralAndAdministrativeExpenses": 71305000, "otherExpenses": 1936893000, "operatingExpenses": 2008198000, "costAndExpenses": 3033469000, "interestIncome": 0, "interestExpense": 0, "depreciationAndAmortization": 149817000, "ebitda": -838579000, "ebitdaratio": -0.4100484433, "operatingIncome": 77430000, "operatingIncomeRatio": 0.0378617291, "totalOtherIncomeExpensesNet": -28346000, "incomeBeforeTax": 49084000, "incomeBeforeTaxRatio": 0.0240010992, "incomeTaxExpense": 17175000, "netIncome": 31909000, "netIncomeRatio": 0.015602866, "eps": 0.23, "epsdiluted": 0.23, "weightedAverageShsOut": 141777778, "weightedAverageShsOutDil": 141777778, "link": "https://www.sec.gov/Archives/edgar/data/728535/000091205700009394/0000912057-00-009394-index.html", "finalLink": "https://www.sec.gov/Archives/edgar/data/728535/000091205700009394/", "calculatedOtherExpenses": 871067000, "calculatedOperatingExpenses": 942372000, "calculatedNetInterest": 0, "calculatedOtherIncome": -28346000, "calculatedIncomeNonControlling": 0, "calculatedEbitda": 227247000}, {"date": "1998-12-31", "symbol": "JBHT", "reportedCurrency": "USD", "cik": "0000728535", "fillingDate": "1999-03-03", "acceptedDate": "1999-03-03 00:00:00", "calendarYear": "1998", "period": "FY", "revenue": 1841628000, "costOfRevenue": 887432000, "grossProfit": 954196000, "grossProfitRatio": 0.5181263534, "researchAndDevelopmentExpenses": 0, "generalAndAdministrativeExpenses": 61310000, "sellingAndMarketingExpenses": 0, "sellingGeneralAndAdministrativeExpenses": 61310000, "otherExpenses": 1709948000, "operatingExpenses": 1771258000, "costAndExpenses": 2658690000, "interestIncome": 0, "interestExpense": 0, "depreciationAndAmortization": 136304000, "ebitda": -680758000, "ebitdaratio": -0.3696501139, "operatingIncome": 103044000, "operatingIncomeRatio": 0.055952668, "totalOtherIncomeExpensesNet": -28700000, "incomeBeforeTax": 74344000, "incomeBeforeTaxRatio": 0.0403686304, "incomeTaxExpense": 27507000, "netIncome": 46837000, "netIncomeRatio": 0.0254323892, "eps": 0.33, "epsdiluted": 0.32, "weightedAverageShsOut": 142296000, "weightedAverageShsOutDil": 146250000, "link": "https://www.sec.gov/Archives/edgar/data/728535/000104746999008309/0001047469-99-008309-index.html", "finalLink": "https://www.sec.gov/Archives/edgar/data/728535/", "calculatedOtherExpenses": 789842000, "calculatedOperatingExpenses": 851152000, "calculatedNetInterest": 0, "calculatedOtherIncome": -28700000, "calculatedIncomeNonControlling": 0, "calculatedEbitda": 239348000}, {"date": "1997-12-31", "symbol": "JBHT", "reportedCurrency": "USD", "cik": "0000728535", "fillingDate": "1998-03-10", "acceptedDate": "1998-03-10 00:00:00", "calendarYear": "1997", "period": "FY", "revenue": 1554292000, "costOfRevenue": 785507000, "grossProfit": 768785000, "grossProfitRatio": 0.4946207019, "researchAndDevelopmentExpenses": 0, "generalAndAdministrativeExpenses": 57129000, "sellingAndMarketingExpenses": 0, "sellingGeneralAndAdministrativeExpenses": 57129000, "otherExpenses": 1492157000, "operatingExpenses": 1549286000, "costAndExpenses": 2334793000, "interestIncome": 0, "interestExpense": 0, "depreciationAndAmortization": 130661000, "ebitda": -649840000, "ebitdaratio": -0.4180938974, "operatingIncome": 42910000, "operatingIncomeRatio": 0.0276074251, "totalOtherIncomeExpensesNet": -24578000, "incomeBeforeTax": 18332000, "incomeBeforeTaxRatio": 0.0117944376, "incomeTaxExpense": 6966000, "netIncome": 11366000, "netIncomeRatio": 0.0073126543, "eps": 0.0775, "epsdiluted": 0.0775, "weightedAverageShsOut": 147096774, "weightedAverageShsOutDil": 147096774, "link": "https://www.sec.gov/Archives/edgar/data/728535/000104746998009249/0001047469-98-009249-index.html", "finalLink": "https://www.sec.gov/Archives/edgar/data/728535/", "calculatedOtherExpenses": 668746000, "calculatedOperatingExpenses": 725875000, "calculatedNetInterest": 0, "calculatedOtherIncome": -24578000, "calculatedIncomeNonControlling": 0, "calculatedEbitda": 173571000}, {"date": "1996-12-31", "symbol": "JBHT", "reportedCurrency": "USD", "cik": "0000728535", "fillingDate": "1997-02-26", "acceptedDate": "1997-02-26 00:00:00", "calendarYear": "1996", "period": "FY", "revenue": 1486748000, "costOfRevenue": 742373000, "grossProfit": 744375000, "grossProfitRatio": 0.5006732816, "researchAndDevelopmentExpenses": 0, "generalAndAdministrativeExpenses": 86888000, "sellingAndMarketingExpenses": 0, "sellingGeneralAndAdministrativeExpenses": 86888000, "otherExpenses": 1397884000, "operatingExpenses": 1484772000, "costAndExpenses": 2227145000, "interestIncome": 0, "interestExpense": 0, "depreciationAndAmortization": 124931000, "ebitda": -615466000, "ebitdaratio": -0.4139679354, "operatingIncome": 60363000, "operatingIncomeRatio": 0.0406006936, "totalOtherIncomeExpensesNet": -24694000, "incomeBeforeTax": 35669000, "incomeBeforeTaxRatio": 0.0239912884, "incomeTaxExpense": 13554000, "netIncome": 22115000, "netIncomeRatio": 0.0148747468, "eps": 0.14, "epsdiluted": 0.14, "weightedAverageShsOut": 151653324, "weightedAverageShsOutDil": 151653324, "link": "https://www.sec.gov/Archives/edgar/data/728535/000091205797006927/0000912057-97-006927-index.html", "finalLink": "https://www.sec.gov/Archives/edgar/data/728535/", "calculatedOtherExpenses": 597124000, "calculatedOperatingExpenses": 684012000, "calculatedNetInterest": 0, "calculatedOtherIncome": -24694000, "calculatedIncomeNonControlling": 0, "calculatedEbitda": 185294000}, {"date": "1995-12-31", "symbol": "JBHT", "reportedCurrency": "USD", "cik": "0000728535", "fillingDate": "1996-04-01", "acceptedDate": "1996-04-01 00:00:00", "calendarYear": "1995", "period": "FY", "revenue": 1352225000, "costOfRevenue": 651527000, "grossProfit": 700698000, "grossProfitRatio": 0.5181815157, "researchAndDevelopmentExpenses": 0, "generalAndAdministrativeExpenses": 83688000, "sellingAndMarketingExpenses": 0, "sellingGeneralAndAdministrativeExpenses": 83688000, "otherExpenses": 1280603000, "operatingExpenses": 1364291000, "costAndExpenses": 2015818000, "interestIncome": 0, "interestExpense": 0, "depreciationAndAmortization": 130265000, "ebitda": -516032000, "ebitdaratio": -0.3816169646, "operatingIncome": 21345000, "operatingIncomeRatio": 0.0157850949, "totalOtherIncomeExpensesNet": -17296000, "incomeBeforeTax": -3445000, "incomeBeforeTaxRatio": -0.0025476529, "incomeTaxExpense": -1275000, "netIncome": -2170000, "netIncomeRatio": -0.0016047625, "eps": -0.0148, "epsdiluted": -0.0148, "weightedAverageShsOut": 146666667, "weightedAverageShsOutDil": 146666667, "link": "https://www.sec.gov/Archives/edgar/data/728535/000091205796005725/0000912057-96-005725-index.html", "finalLink": "https://www.sec.gov/Archives/edgar/data/728535/", "calculatedOtherExpenses": 595665000, "calculatedOperatingExpenses": 679353000, "calculatedNetInterest": 0, "calculatedOtherIncome": -24790000, "calculatedIncomeNonControlling": 0, "calculatedEbitda": 151610000}, {"date": "1994-12-31", "symbol": "JBHT", "reportedCurrency": "USD", "cik": "0000728535", "fillingDate": "1995-03-29", "acceptedDate": "1995-03-29 00:00:00", "calendarYear": "1994", "period": "FY", "revenue": 1207601000, "costOfRevenue": 540069000, "grossProfit": 667532000, "grossProfitRatio": 0.5527752958, "researchAndDevelopmentExpenses": 0, "generalAndAdministrativeExpenses": 64910000, "sellingAndMarketingExpenses": 0, "sellingGeneralAndAdministrativeExpenses": 64910000, "otherExpenses": 1095746000, "operatingExpenses": 1160656000, "costAndExpenses": 1700725000, "interestIncome": 0, "interestExpense": 0, "depreciationAndAmortization": 110662000, "ebitda": -382462000, "ebitdaratio": -0.3167122253, "operatingIncome": 84896000, "operatingIncomeRatio": 0.0703013661, "totalOtherIncomeExpensesNet": -19748000, "incomeBeforeTax": 65148000, "incomeBeforeTaxRatio": 0.0539482826, "incomeTaxExpense": 24756000, "netIncome": 40392000, "netIncomeRatio": 0.0334481339, "eps": 0.26, "epsdiluted": 0.26, "weightedAverageShsOut": 153874286, "weightedAverageShsOutDil": 154212000, "link": "https://www.sec.gov/Archives/edgar/data/728535/000091205795001864/0000912057-95-001864-index.html", "finalLink": "https://www.sec.gov/Archives/edgar/data/728535/", "calculatedOtherExpenses": 517726000, "calculatedOperatingExpenses": 582636000, "calculatedNetInterest": 0, "calculatedOtherIncome": -19748000, "calculatedIncomeNonControlling": 0, "calculatedEbitda": 195558000}, {"date": "1993-12-31", "symbol": "JBHT", "reportedCurrency": "USD", "cik": "0000728535", "fillingDate": "1994-03-31", "acceptedDate": "1994-03-31 00:00:00", "calendarYear": "1993", "period": "FY", "revenue": 1020900000, "costOfRevenue": 388200000, "grossProfit": 632700000, "grossProfitRatio": 0.6197472818, "researchAndDevelopmentExpenses": 0, "generalAndAdministrativeExpenses": 0, "sellingAndMarketingExpenses": 0, "sellingGeneralAndAdministrativeExpenses": 442000000, "otherExpenses": 54300000, "operatingExpenses": 496300000, "costAndExpenses": 884500000, "interestIncome": 0, "interestExpense": 0, "depreciationAndAmortization": -83200000, "ebitda": 219600000, "ebitdaratio": 0.2151043197, "operatingIncome": 136400000, "operatingIncomeRatio": 0.1336076011, "totalOtherIncomeExpensesNet": -71600000, "incomeBeforeTax": 64800000, "incomeBeforeTaxRatio": 0.0634734058, "incomeTaxExpense": 26600000, "netIncome": 38200000, "netIncomeRatio": 0.0374179645, "eps": 0.25, "epsdiluted": 0.25, "weightedAverageShsOut": 152800000, "weightedAverageShsOutDil": 152800000, "link": "https://www.sec.gov/Archives/edgar/data/728535/000091205794001228/0000912057-94-001228-index.html", "finalLink": "https://www.sec.gov/Archives/edgar/data/728535/", "calculatedOtherExpenses": 54300000, "calculatedOperatingExpenses": 496300000, "calculatedNetInterest": 0, "calculatedOtherIncome": -71600000, "calculatedIncomeNonControlling": 0, "calculatedEbitda": 53200000}, {"date": "1992-12-31", "symbol": "JBHT", "reportedCurrency": "USD", "cik": "0000728535", "fillingDate": "1992-12-31", "acceptedDate": "1992-12-30 19:00:00", "calendarYear": "1992", "period": "FY", "revenue": 912000000, "costOfRevenue": 308800000, "grossProfit": 603200000, "grossProfitRatio": 0.6614035088, "researchAndDevelopmentExpenses": 0, "generalAndAdministrativeExpenses": 0, "sellingAndMarketingExpenses": 0, "sellingGeneralAndAdministrativeExpenses": 421500000, "otherExpenses": 61100000, "operatingExpenses": 482600000, "costAndExpenses": 791400000, "interestIncome": 0, "interestExpense": 0, "depreciationAndAmortization": -86800000, "ebitda": 207400000, "ebitdaratio": 0.2274122807, "operatingIncome": 120600000, "operatingIncomeRatio": 0.1322368421, "totalOtherIncomeExpensesNet": -62400000, "incomeBeforeTax": 58200000, "incomeBeforeTaxRatio": 0.0638157895, "incomeTaxExpense": 21200000, "netIncome": 38800000, "netIncomeRatio": 0.0425438596, "eps": 0.27, "epsdiluted": 0.27, "weightedAverageShsOut": 143703704, "weightedAverageShsOutDil": 143703704, "link": "", "finalLink": "", "calculatedOtherExpenses": 61100000, "calculatedOperatingExpenses": 482600000, "calculatedNetInterest": 0, "calculatedOtherIncome": -62400000, "calculatedIncomeNonControlling": -1800000, "calculatedEbitda": 33800000}, {"date": "1991-12-31", "symbol": "JBHT", "reportedCurrency": "USD", "cik": "0000728535", "fillingDate": "1991-12-31", "acceptedDate": "1991-12-30 19:00:00", "calendarYear": "1991", "period": "FY", "revenue": 733300000, "costOfRevenue": 229800000, "grossProfit": 503500000, "grossProfitRatio": 0.6866221192, "researchAndDevelopmentExpenses": 0, "generalAndAdministrativeExpenses": 0, "sellingAndMarketingExpenses": 0, "sellingGeneralAndAdministrativeExpenses": 353100000, "otherExpenses": 47300000, "operatingExpenses": 400400000, "costAndExpenses": 630200000, "interestIncome": 0, "interestExpense": 0, "depreciationAndAmortization": -69100000, "ebitda": 172200000, "ebitdaratio": 0.2348288559, "operatingIncome": 103100000, "operatingIncomeRatio": 0.1405972999, "totalOtherIncomeExpensesNet": -54400000, "incomeBeforeTax": 48700000, "incomeBeforeTaxRatio": 0.0664121096, "incomeTaxExpense": 19200000, "netIncome": 29500000, "netIncomeRatio": 0.0402291013, "eps": 0.21, "epsdiluted": 0.21, "weightedAverageShsOut": 138823529, "weightedAverageShsOutDil": 138823529, "link": "", "finalLink": "", "calculatedOtherExpenses": 47300000, "calculatedOperatingExpenses": 400400000, "calculatedNetInterest": 0, "calculatedOtherIncome": -54400000, "calculatedIncomeNonControlling": 0, "calculatedEbitda": 34000000}, {"date": "1990-12-31", "symbol": "JBHT", "reportedCurrency": "USD", "cik": "0000728535", "fillingDate": "1990-12-31", "acceptedDate": "1990-12-30 19:00:00", "calendarYear": "1990", "period": "FY", "revenue": 579800000, "costOfRevenue": 156100000, "grossProfit": 423700000, "grossProfitRatio": 0.7307692308, "researchAndDevelopmentExpenses": 0, "generalAndAdministrativeExpenses": 0, "sellingAndMarketingExpenses": 0, "sellingGeneralAndAdministrativeExpenses": 292000000, "otherExpenses": 37800000, "operatingExpenses": 329800000, "costAndExpenses": 485900000, "interestIncome": 0, "interestExpense": 0, "depreciationAndAmortization": -56300000, "ebitda": 150200000, "ebitdaratio": 0.2590548465, "operatingIncome": 93900000, "operatingIncomeRatio": 0.1619523974, "totalOtherIncomeExpensesNet": -44300000, "incomeBeforeTax": 49600000, "incomeBeforeTaxRatio": 0.0855467403, "incomeTaxExpense": 19600000, "netIncome": 30000000, "netIncomeRatio": 0.05174198, "eps": 0.21, "epsdiluted": 0.21, "weightedAverageShsOut": 141176471, "weightedAverageShsOutDil": 141176471, "link": "", "finalLink": "", "calculatedOtherExpenses": 37800000, "calculatedOperatingExpenses": 329800000, "calculatedNetInterest": 0, "calculatedOtherIncome": -44300000, "calculatedIncomeNonControlling": 0, "calculatedEbitda": 37600000}, {"date": "1989-12-31", "symbol": "JBHT", "reportedCurrency": "USD", "cik": "0000728535", "fillingDate": "1989-12-31", "acceptedDate": "1989-12-30 19:00:00", "calendarYear": "1989", "period": "FY", "revenue": 509300000, "costOfRevenue": 126700000, "grossProfit": 382600000, "grossProfitRatio": 0.7512271746, "researchAndDevelopmentExpenses": 0, "generalAndAdministrativeExpenses": 0, "sellingAndMarketingExpenses": 0, "sellingGeneralAndAdministrativeExpenses": 254500000, "otherExpenses": 30600000, "operatingExpenses": 285100000, "costAndExpenses": 411800000, "interestIncome": 0, "interestExpense": 0, "depreciationAndAmortization": -48400000, "ebitda": 145900000, "ebitdaratio": 0.2864716277, "operatingIncome": 97500000, "operatingIncomeRatio": 0.1914392303, "totalOtherIncomeExpensesNet": -45200000, "incomeBeforeTax": 52300000, "incomeBeforeTaxRatio": 0.1026899666, "incomeTaxExpense": 21700000, "netIncome": 30600000, "netIncomeRatio": 0.0600824661, "eps": 0.22, "epsdiluted": 0.22, "weightedAverageShsOut": 140689655, "weightedAverageShsOutDil": 140689655, "link": "", "finalLink": "", "calculatedOtherExpenses": 30600000, "calculatedOperatingExpenses": 285100000, "calculatedNetInterest": 0, "calculatedOtherIncome": -45200000, "calculatedIncomeNonControlling": 0, "calculatedEbitda": 49100000}, {"date": "1988-12-31", "symbol": "JBHT", "reportedCurrency": "USD", "cik": "0000728535", "fillingDate": "1988-12-31", "acceptedDate": "1988-12-30 19:00:00", "calendarYear": "1988", "period": "FY", "revenue": 392600000, "costOfRevenue": 89100000, "grossProfit": 303500000, "grossProfitRatio": 0.7730514519, "researchAndDevelopmentExpenses": 0, "generalAndAdministrativeExpenses": 0, "sellingAndMarketingExpenses": 0, "sellingGeneralAndAdministrativeExpenses": 192400000, "otherExpenses": 24700000, "operatingExpenses": 217100000, "costAndExpenses": 306200000, "interestIncome": 0, "interestExpense": 0, "depreciationAndAmortization": 38000000, "ebitda": 124400000, "ebitdaratio": 0.316861946, "operatingIncome": 86400000, "operatingIncomeRatio": 0.2200713194, "totalOtherIncomeExpensesNet": -33200000, "incomeBeforeTax": 53200000, "incomeBeforeTaxRatio": 0.1355068772, "incomeTaxExpense": 20200000, "netIncome": 33000000, "netIncomeRatio": 0.0840550178, "eps": 0.23, "epsdiluted": 0.23, "weightedAverageShsOut": 141935484, "weightedAverageShsOutDil": 141935484, "link": "", "finalLink": "", "calculatedOtherExpenses": 24700000, "calculatedOperatingExpenses": 217100000, "calculatedNetInterest": 0, "calculatedOtherIncome": -33200000, "calculatedIncomeNonControlling": 0, "calculatedEbitda": 124400000}, {"date": "1987-12-31", "symbol": "JBHT", "reportedCurrency": "USD", "cik": "0000728535", "fillingDate": "1987-12-31", "acceptedDate": "1987-12-30 19:00:00", "calendarYear": "1987", "period": "FY", "revenue": 286400000, "costOfRevenue": 66700000, "grossProfit": 219700000, "grossProfitRatio": 0.7671089385, "researchAndDevelopmentExpenses": 0, "generalAndAdministrativeExpenses": 0, "sellingAndMarketingExpenses": 0, "sellingGeneralAndAdministrativeExpenses": 136600000, "otherExpenses": 19000000, "operatingExpenses": 155600000, "costAndExpenses": 222300000, "interestIncome": 0, "interestExpense": 0, "depreciationAndAmortization": 29600000, "ebitda": 93700000, "ebitdaratio": 0.3271648045, "operatingIncome": 64100000, "operatingIncomeRatio": 0.2238128492, "totalOtherIncomeExpensesNet": -25300000, "incomeBeforeTax": 38800000, "incomeBeforeTaxRatio": 0.1354748603, "incomeTaxExpense": 16400000, "netIncome": 22400000, "netIncomeRatio": 0.0782122905, "eps": 0.16, "epsdiluted": 0.16, "weightedAverageShsOut": 142222222, "weightedAverageShsOutDil": 142222222, "link": "", "finalLink": "", "calculatedOtherExpenses": 19000000, "calculatedOperatingExpenses": 155600000, "calculatedNetInterest": 0, "calculatedOtherIncome": -25300000, "calculatedIncomeNonControlling": 0, "calculatedEbitda": 93700000}, {"date": "1986-12-31", "symbol": "JBHT", "reportedCurrency": "USD", "cik": "0000728535", "fillingDate": "1986-12-31", "acceptedDate": "1986-12-30 19:00:00", "calendarYear": "1986", "period": "FY", "revenue": 203800000, "costOfRevenue": 108500000, "grossProfit": 95300000, "grossProfitRatio": 0.4676153091, "researchAndDevelopmentExpenses": 0, "generalAndAdministrativeExpenses": 0, "sellingAndMarketingExpenses": 0, "sellingGeneralAndAdministrativeExpenses": 12000000, "otherExpenses": 3300000, "operatingExpenses": 15300000, "costAndExpenses": 123800000, "interestIncome": 0, "interestExpense": 0, "depreciationAndAmortization": 20700000, "ebitda": 99100000, "ebitdaratio": 0.4862610402, "operatingIncome": 80000000, "operatingIncomeRatio": 0.3925417076, "totalOtherIncomeExpensesNet": 1600000, "incomeBeforeTax": 43800000, "incomeBeforeTaxRatio": 0.2149165849, "incomeTaxExpense": 19100000, "netIncome": 24700000, "netIncomeRatio": 0.1211972522, "eps": 0.18, "epsdiluted": 0.18, "weightedAverageShsOut": 141142857, "weightedAverageShsOutDil": 141142857, "link": "", "finalLink": "", "calculatedOtherExpenses": 3300000, "calculatedOperatingExpenses": 15300000, "calculatedNetInterest": 0, "calculatedOtherIncome": -36200000, "calculatedIncomeNonControlling": 0, "calculatedEbitda": 100700000}, {"date": "1985-12-31", "symbol": "JBHT", "reportedCurrency": "USD", "cik": "0000728535", "fillingDate": "1985-12-31", "acceptedDate": "1985-12-30 19:00:00", "calendarYear": "1985", "period": "FY", "revenue": 131500000, "costOfRevenue": 28700000, "grossProfit": 102800000, "grossProfitRatio": 0.7817490494, "researchAndDevelopmentExpenses": 0, "generalAndAdministrativeExpenses": 0, "sellingAndMarketingExpenses": 0, "sellingGeneralAndAdministrativeExpenses": 53100000, "otherExpenses": 2400000, "operatingExpenses": 55500000, "costAndExpenses": 84200000, "interestIncome": 0, "interestExpense": 0, "depreciationAndAmortization": 13600000, "ebitda": 59100000, "ebitdaratio": 0.4494296578, "operatingIncome": 47300000, "operatingIncomeRatio": 0.3596958175, "totalOtherIncomeExpensesNet": 1800000, "incomeBeforeTax": 25500000, "incomeBeforeTaxRatio": 0.1939163498, "incomeTaxExpense": 9200000, "netIncome": 16300000, "netIncomeRatio": 0.1239543726, "eps": 0.12, "epsdiluted": 0.12, "weightedAverageShsOut": 138723404, "weightedAverageShsOutDil": 138723404, "link": "", "finalLink": "", "calculatedOtherExpenses": 2400000, "calculatedOperatingExpenses": 55500000, "calculatedNetInterest": 0, "calculatedOtherIncome": -21800000, "calculatedIncomeNonControlling": 0, "calculatedEbitda": 60900000}]}