{"originalCurrency": "USD", "convertedCurrency": "USD", "report": [{"date": "2023-08-31", "symbol": "JBL", "reportedCurrency": "USD", "cik": "0000898293", "fillingDate": "2023-10-20", "acceptedDate": "2023-10-20 08:10:26", "calendarYear": "2023", "period": "FY", "revenue": 34702000000, "costOfRevenue": 31835000000, "grossProfit": 2867000000, "grossProfitRatio": 0.0826177166, "researchAndDevelopmentExpenses": 34000000, "generalAndAdministrativeExpenses": 0, "sellingAndMarketingExpenses": 0, "sellingGeneralAndAdministrativeExpenses": 1206000000, "otherExpenses": 24000000, "operatingExpenses": 1273000000, "costAndExpenses": 33108000000, "interestIncome": -2000000, "interestExpense": 202000000, "depreciationAndAmortization": 924000000, "ebitda": 2575000000, "ebitdaratio": 0.074203216, "operatingIncome": 1537000000, "operatingIncomeRatio": 0.0442913953, "totalOtherIncomeExpensesNet": -57000000, "incomeBeforeTax": 1262000000, "incomeBeforeTaxRatio": 0.03636678, "incomeTaxExpense": 444000000, "netIncome": 818000000, "netIncomeRatio": 0.0235721284, "eps": 6.15, "epsdiluted": 6.02, "weightedAverageShsOut": 133000000, "weightedAverageShsOutDil": 135900000, "link": "https://www.sec.gov/Archives/edgar/data/898293/000119312523259599/0001193125-23-259599-index.htm", "finalLink": "https://www.sec.gov/Archives/edgar/data/898293/000119312523259599/d533726d10k.htm", "calculatedOtherExpenses": 90000000, "calculatedOperatingExpenses": 1330000000, "calculatedNetInterest": -204000000, "calculatedOtherIncome": -71000000, "calculatedIncomeNonControlling": 0, "calculatedEbitda": 2461000000}, {"date": "2022-08-31", "symbol": "JBL", "reportedCurrency": "USD", "cik": "0000898293", "fillingDate": "2022-10-25", "acceptedDate": "2022-10-25 16:19:17", "calendarYear": "2022", "period": "FY", "revenue": 33478000000, "costOfRevenue": 30846000000, "grossProfit": 2632000000, "grossProfitRatio": 0.0786187944, "researchAndDevelopmentExpenses": 33000000, "generalAndAdministrativeExpenses": 0, "sellingAndMarketingExpenses": 0, "sellingGeneralAndAdministrativeExpenses": 1154000000, "otherExpenses": 34000000, "operatingExpenses": 1221000000, "costAndExpenses": 32067000000, "interestIncome": 5000000, "interestExpense": 151000000, "depreciationAndAmortization": 965000000, "ebitda": 2358000000, "ebitdaratio": 0.0704343151, "operatingIncome": 1393000000, "operatingIncomeRatio": 0.0416094151, "totalOtherIncomeExpensesNet": -162000000, "incomeBeforeTax": 1231000000, "incomeBeforeTaxRatio": 0.0367704164, "incomeTaxExpense": 235000000, "netIncome": 996000000, "netIncomeRatio": 0.0297508812, "eps": 7.05, "epsdiluted": 6.9, "weightedAverageShsOut": 141200000, "weightedAverageShsOutDil": 144400000, "link": "https://www.sec.gov/Archives/edgar/data/898293/000119312522268383/0001193125-22-268383-index.htm", "finalLink": "https://www.sec.gov/Archives/edgar/data/898293/000119312522268383/d389587d10k.htm", "calculatedOtherExpenses": 52000000, "calculatedOperatingExpenses": 1239000000, "calculatedNetInterest": -146000000, "calculatedOtherIncome": -16000000, "calculatedIncomeNonControlling": 0, "calculatedEbitda": 2358000000}, {"date": "2021-08-31", "symbol": "JBL", "reportedCurrency": "USD", "cik": "0000898293", "fillingDate": "2021-10-22", "acceptedDate": "2021-10-22 16:12:44", "calendarYear": "2021", "period": "FY", "revenue": 29285000000, "costOfRevenue": 26926000000, "grossProfit": 2359000000, "grossProfitRatio": 0.0805531842, "researchAndDevelopmentExpenses": 34000000, "generalAndAdministrativeExpenses": 0, "sellingAndMarketingExpenses": 0, "sellingGeneralAndAdministrativeExpenses": 1213000000, "otherExpenses": 47000000, "operatingExpenses": 1294000000, "costAndExpenses": 28220000000, "interestIncome": 6000000, "interestExpense": 130000000, "depreciationAndAmortization": 894000000, "ebitda": 1949000000, "ebitdaratio": 0.0665528428, "operatingIncome": 1055000000, "operatingIncomeRatio": 0.0360252689, "totalOtherIncomeExpensesNet": -111000000, "incomeBeforeTax": 944000000, "incomeBeforeTaxRatio": 0.0322349326, "incomeTaxExpense": 246000000, "netIncome": 696000000, "netIncomeRatio": 0.0237664333, "eps": 4.69, "epsdiluted": 4.58, "weightedAverageShsOut": 148500000, "weightedAverageShsOutDil": 152100000, "link": "https://www.sec.gov/Archives/edgar/data/898293/000119312521305429/0001193125-21-305429-index.htm", "finalLink": "https://www.sec.gov/Archives/edgar/data/898293/000119312521305429/d176971d10k.htm", "calculatedOtherExpenses": 57000000, "calculatedOperatingExpenses": 1304000000, "calculatedNetInterest": -124000000, "calculatedOtherIncome": 13000000, "calculatedIncomeNonControlling": 2000000, "calculatedEbitda": 1949000000}, {"date": "2020-08-31", "symbol": "JBL", "reportedCurrency": "USD", "cik": "0000898293", "fillingDate": "2020-10-22", "acceptedDate": "2020-10-22 16:23:26", "calendarYear": "2020", "period": "FY", "revenue": 27266438000, "costOfRevenue": 25335625000, "grossProfit": 1930813000, "grossProfitRatio": 0.0708128066, "researchAndDevelopmentExpenses": 44143000, "generalAndAdministrativeExpenses": 0, "sellingAndMarketingExpenses": 0, "sellingGeneralAndAdministrativeExpenses": 1174694000, "otherExpenses": 55544000, "operatingExpenses": 1274381000, "costAndExpenses": 26610006000, "interestIncome": 14559000, "interestExpense": 173877000, "depreciationAndAmortization": 794581000, "ebitda": 1656224000, "ebitdaratio": 0.0607422209, "operatingIncome": 861643000, "operatingIncomeRatio": 0.031600864, "totalOtherIncomeExpensesNet": -600905000, "incomeBeforeTax": 260738000, "incomeBeforeTaxRatio": 0.0095625985, "incomeTaxExpense": 203959000, "netIncome": 54000000, "netIncomeRatio": 0.0019804567, "eps": 0.36, "epsdiluted": 0.35, "weightedAverageShsOut": 151613000, "weightedAverageShsOutDil": 155274000, "link": "https://www.sec.gov/Archives/edgar/data/898293/000119312520274411/0001193125-20-274411-index.htm", "finalLink": "https://www.sec.gov/Archives/edgar/data/898293/000119312520274411/d25678d10k.htm", "calculatedOtherExpenses": -149667000, "calculatedOperatingExpenses": 1069170000, "calculatedNetInterest": -159318000, "calculatedOtherIncome": -441587000, "calculatedIncomeNonControlling": 2779000, "calculatedEbitda": 1656224000}, {"date": "2019-08-31", "symbol": "JBL", "reportedCurrency": "USD", "cik": "0000898293", "fillingDate": "2019-10-22", "acceptedDate": "2019-10-22 16:18:46", "calendarYear": "2019", "period": "FY", "revenue": 25282320000, "costOfRevenue": 23368919000, "grossProfit": 1913401000, "grossProfitRatio": 0.0756813853, "researchAndDevelopmentExpenses": 42861000, "generalAndAdministrativeExpenses": 0, "sellingAndMarketingExpenses": 0, "sellingGeneralAndAdministrativeExpenses": 1111347000, "otherExpenses": 31923000, "operatingExpenses": 1186131000, "costAndExpenses": 24555050000, "interestIncome": 21460000, "interestExpense": 221020000, "depreciationAndAmortization": 853293000, "ebitda": 1554649000, "ebitdaratio": 0.0614915482, "operatingIncome": 701356000, "operatingIncomeRatio": 0.0277409668, "totalOtherIncomeExpensesNet": -250652000, "incomeBeforeTax": 450704000, "incomeBeforeTaxRatio": 0.017826845, "incomeTaxExpense": 161230000, "netIncome": 287111000, "netIncomeRatio": 0.0113561967, "eps": 1.85, "epsdiluted": 1.81, "weightedAverageShsOut": 155613000, "weightedAverageShsOutDil": 158647000, "link": "https://www.sec.gov/Archives/edgar/data/898293/000119312519271646/0001193125-19-271646-index.htm", "finalLink": "https://www.sec.gov/Archives/edgar/data/898293/000119312519271646/d782178d10k.htm", "calculatedOtherExpenses": 57837000, "calculatedOperatingExpenses": 1212045000, "calculatedNetInterest": -199560000, "calculatedOtherIncome": -51092000, "calculatedIncomeNonControlling": 2363000, "calculatedEbitda": 1554649000}, {"date": "2018-08-31", "symbol": "JBL", "reportedCurrency": "USD", "cik": "0000898293", "fillingDate": "2018-10-19", "acceptedDate": "2018-10-19 16:09:32", "calendarYear": "2018", "period": "FY", "revenue": 22095416000, "costOfRevenue": 20388624000, "grossProfit": 1706792000, "grossProfitRatio": 0.0772464298, "researchAndDevelopmentExpenses": 38531000, "generalAndAdministrativeExpenses": 1050716000, "sellingAndMarketingExpenses": 0, "sellingGeneralAndAdministrativeExpenses": 1050716000, "otherExpenses": -37563000, "operatingExpenses": 1127737000, "costAndExpenses": 21516361000, "interestIncome": 17813000, "interestExpense": 168752000, "depreciationAndAmortization": 773704000, "ebitda": 1389661000, "ebitdaratio": 0.0628936337, "operatingIncome": 542153000, "operatingIncomeRatio": 0.0245368994, "totalOtherIncomeExpensesNet": -36902000, "incomeBeforeTax": 373401000, "incomeBeforeTaxRatio": 0.0168994782, "incomeTaxExpense": 285860000, "netIncome": 86330000, "netIncomeRatio": 0.0039071453, "eps": 0.5, "epsdiluted": 0.49, "weightedAverageShsOut": 172237000, "weightedAverageShsOutDil": 175044000, "link": "https://www.sec.gov/Archives/edgar/data/898293/000119312518303041/0001193125-18-303041-index.htm", "finalLink": "https://www.sec.gov/Archives/edgar/data/898293/000119312518303041/d636018d10k.htm", "calculatedOtherExpenses": 75392000, "calculatedOperatingExpenses": 1164639000, "calculatedNetInterest": -150939000, "calculatedOtherIncome": -17813000, "calculatedIncomeNonControlling": 1211000, "calculatedEbitda": 1315857000}, {"date": "2017-08-31", "symbol": "JBL", "reportedCurrency": "USD", "cik": "0000898293", "fillingDate": "2017-10-19", "acceptedDate": "2017-10-19 16:10:22", "calendarYear": "2017", "period": "FY", "revenue": 19063121000, "costOfRevenue": 17517478000, "grossProfit": 1545643000, "grossProfitRatio": 0.0810802701, "researchAndDevelopmentExpenses": 29680000, "generalAndAdministrativeExpenses": 907702000, "sellingAndMarketingExpenses": 0, "sellingGeneralAndAdministrativeExpenses": 907702000, "otherExpenses": -28448000, "operatingExpenses": 972906000, "costAndExpenses": 18490384000, "interestIncome": 12525000, "interestExpense": 153997000, "depreciationAndAmortization": 760405000, "ebitda": 1495649000, "ebitdaratio": 0.0784577195, "operatingIncome": 410230000, "operatingIncomeRatio": 0.0215195613, "totalOtherIncomeExpensesNet": -162507000, "incomeBeforeTax": 256233000, "incomeBeforeTaxRatio": 0.0134412933, "incomeTaxExpense": 129066000, "netIncome": 129090000, "netIncomeRatio": 0.0067717138, "eps": 0.71, "epsdiluted": 0.69, "weightedAverageShsOut": 181902000, "weightedAverageShsOutDil": 185838000, "link": "https://www.sec.gov/Archives/edgar/data/898293/000119312517313834/0001193125-17-313834-index.htm", "finalLink": "https://www.sec.gov/Archives/edgar/data/898293/000119312517313834/d424121d10k.htm", "calculatedOtherExpenses": 198031000, "calculatedOperatingExpenses": 1135413000, "calculatedNetInterest": -141472000, "calculatedOtherIncome": -12525000, "calculatedIncomeNonControlling": -1923000, "calculatedEbitda": 1170635000}, {"date": "2016-08-31", "symbol": "JBL", "reportedCurrency": "USD", "cik": "0000898293", "fillingDate": "2016-10-20", "acceptedDate": "2016-10-20 16:26:39", "calendarYear": "2016", "period": "FY", "revenue": 18353086000, "costOfRevenue": 16825382000, "grossProfit": 1527704000, "grossProfitRatio": 0.0832396252, "researchAndDevelopmentExpenses": 31954000, "generalAndAdministrativeExpenses": 924427000, "sellingAndMarketingExpenses": 0, "sellingGeneralAndAdministrativeExpenses": 924427000, "otherExpenses": -8380000, "operatingExpenses": 993502000, "costAndExpenses": 17818884000, "interestIncome": 9128000, "interestExpense": 135788000, "depreciationAndAmortization": 696752000, "ebitda": 1242323000, "ebitdaratio": 0.0676901421, "operatingIncome": 522833000, "operatingIncomeRatio": 0.0284874707, "totalOtherIncomeExpensesNet": -11369000, "incomeBeforeTax": 387045000, "incomeBeforeTaxRatio": 0.021088824, "incomeTaxExpense": 132149000, "netIncome": 254095000, "netIncomeRatio": 0.0138448106, "eps": 1.33, "epsdiluted": 1.32, "weightedAverageShsOut": 190413000, "weightedAverageShsOutDil": 192750000, "link": "https://www.sec.gov/Archives/edgar/data/898293/000119312516742815/0001193125-16-742815-index.htm", "finalLink": "https://www.sec.gov/Archives/edgar/data/898293/000119312516742815/d126783d10k.htm", "calculatedOtherExpenses": 48490000, "calculatedOperatingExpenses": 1004871000, "calculatedNetInterest": -126660000, "calculatedOtherIncome": -9128000, "calculatedIncomeNonControlling": 801000, "calculatedEbitda": 1219585000}, {"date": "2015-08-31", "symbol": "JBL", "reportedCurrency": "USD", "cik": "0000898293", "fillingDate": "2015-10-16", "acceptedDate": "2015-10-16 16:21:10", "calendarYear": "2015", "period": "FY", "revenue": 17899196000, "costOfRevenue": 16395978000, "grossProfit": 1503218000, "grossProfitRatio": 0.0839824314, "researchAndDevelopmentExpenses": 27645000, "generalAndAdministrativeExpenses": 862647000, "sellingAndMarketingExpenses": 0, "sellingGeneralAndAdministrativeExpenses": 862647000, "otherExpenses": -5627000, "operatingExpenses": 914741000, "costAndExpenses": 17310719000, "interestIncome": 9953000, "interestExpense": 123765000, "depreciationAndAmortization": 529176000, "ebitda": 1150719000, "ebitdaratio": 0.0642888653, "operatingIncome": 555411000, "operatingIncomeRatio": 0.0310299412, "totalOtherIncomeExpensesNet": -33066000, "incomeBeforeTax": 431646000, "incomeBeforeTaxRatio": 0.0241153848, "incomeTaxExpense": 137461000, "netIncome": 284019000, "netIncomeRatio": 0.015867696, "eps": 1.47, "epsdiluted": 1.45, "weightedAverageShsOut": 193689000, "weightedAverageShsOutDil": 196005000, "link": "https://www.sec.gov/Archives/edgar/data/898293/000119312515345706/0001193125-15-345706-index.htm", "finalLink": "https://www.sec.gov/Archives/edgar/data/898293/000119312515345706/d48937d10k.htm", "calculatedOtherExpenses": 57515000, "calculatedOperatingExpenses": 947807000, "calculatedNetInterest": -113812000, "calculatedOtherIncome": -9953000, "calculatedIncomeNonControlling": 10166000, "calculatedEbitda": 1084587000}, {"date": "2014-08-31", "symbol": "JBL", "reportedCurrency": "USD", "cik": "0000898293", "fillingDate": "2014-10-21", "acceptedDate": "2014-10-21 16:06:13", "calendarYear": "2014", "period": "FY", "revenue": 15762146000, "costOfRevenue": 14736543000, "grossProfit": 1025603000, "grossProfitRatio": 0.0650674724, "researchAndDevelopmentExpenses": 28611000, "generalAndAdministrativeExpenses": 675730000, "sellingAndMarketingExpenses": 0, "sellingGeneralAndAdministrativeExpenses": 675730000, "otherExpenses": -7637000, "operatingExpenses": 728198000, "costAndExpenses": 15464741000, "interestIncome": 3741000, "interestExpense": 131951000, "depreciationAndAmortization": 487278000, "ebitda": 878014000, "ebitdaratio": 0.0557039632, "operatingIncome": 204074000, "operatingIncomeRatio": 0.0129470949, "totalOtherIncomeExpensesNet": -93331000, "incomeBeforeTax": 72123000, "incomeBeforeTaxRatio": 0.0045757094, "incomeTaxExpense": 73711000, "netIncome": 241313000, "netIncomeRatio": 0.0153096539, "eps": 1.19, "epsdiluted": 1.19, "weightedAverageShsOut": 202497000, "weightedAverageShsOutDil": 202497000, "link": "https://www.sec.gov/Archives/edgar/data/898293/000119312514377410/0001193125-14-377410-index.htm", "finalLink": "https://www.sec.gov/Archives/edgar/data/898293/000119312514377410/d768514d10k.htm", "calculatedOtherExpenses": 117188000, "calculatedOperatingExpenses": 821529000, "calculatedNetInterest": -128210000, "calculatedOtherIncome": -3741000, "calculatedIncomeNonControlling": -242901000, "calculatedEbitda": 691352000}, {"date": "2013-08-31", "symbol": "JBL", "reportedCurrency": "USD", "cik": "0000898293", "fillingDate": "2013-10-28", "acceptedDate": "2013-10-28 17:23:14", "calendarYear": "2013", "period": "FY", "revenue": 18336894000, "costOfRevenue": 16977032000, "grossProfit": 1359862000, "grossProfitRatio": 0.0741598877, "researchAndDevelopmentExpenses": 28468000, "generalAndAdministrativeExpenses": 688752000, "sellingAndMarketingExpenses": 0, "sellingGeneralAndAdministrativeExpenses": 688752000, "otherExpenses": -6213000, "operatingExpenses": 733374000, "costAndExpenses": 17710406000, "interestIncome": 1901000, "interestExpense": 125374000, "depreciationAndAmortization": 418117000, "ebitda": 1159655000, "ebitdaratio": 0.0632416264, "operatingIncome": 511438000, "operatingIncomeRatio": 0.0278912012, "totalOtherIncomeExpensesNet": -115050000, "incomeBeforeTax": 386064000, "incomeBeforeTaxRatio": 0.0210539473, "incomeTaxExpense": 15973000, "netIncome": 371482000, "netIncomeRatio": 0.0202587199, "eps": 1.83, "epsdiluted": 1.79, "weightedAverageShsOut": 203096000, "weightedAverageShsOutDil": 207815000, "link": "https://www.sec.gov/Archives/edgar/data/898293/000119312513413660/0001193125-13-413660-index.htm", "finalLink": "https://www.sec.gov/Archives/edgar/data/898293/000119312513413660/d585496d10k.htm", "calculatedOtherExpenses": 131204000, "calculatedOperatingExpenses": 848424000, "calculatedNetInterest": -123473000, "calculatedOtherIncome": -1901000, "calculatedIncomeNonControlling": -1391000, "calculatedEbitda": 929555000}, {"date": "2012-08-31", "symbol": "JBL", "reportedCurrency": "USD", "cik": "0000898293", "fillingDate": "2012-10-25", "acceptedDate": "2012-10-25 16:30:58", "calendarYear": "2012", "period": "FY", "revenue": 17151941000, "costOfRevenue": 15842896000, "grossProfit": 1309045000, "grossProfitRatio": 0.0763205167, "researchAndDevelopmentExpenses": 25837000, "generalAndAdministrativeExpenses": 644452000, "sellingAndMarketingExpenses": 0, "sellingGeneralAndAdministrativeExpenses": 644452000, "otherExpenses": -8943000, "operatingExpenses": 687114000, "costAndExpenses": 16530010000, "interestIncome": 2041000, "interestExpense": 113031000, "depreciationAndAmortization": 353492000, "ebitda": 975423000, "ebitdaratio": 0.0568695403, "operatingIncome": 621931000, "operatingIncomeRatio": 0.0362600944, "totalOtherIncomeExpensesNet": -8943000, "incomeBeforeTax": 508900000, "incomeBeforeTaxRatio": 0.0296701114, "incomeTaxExpense": 112811000, "netIncome": 394687000, "netIncomeRatio": 0.0230112149, "eps": 1.91, "epsdiluted": 1.87, "weightedAverageShsOut": 206160000, "weightedAverageShsOutDil": 211181000, "link": "https://www.sec.gov/Archives/edgar/data/898293/000119312512435503/0001193125-12-435503-index.htm", "finalLink": "https://www.sec.gov/Archives/edgar/data/898293/000119312512435503/d395961d10k.htm", "calculatedOtherExpenses": 16825000, "calculatedOperatingExpenses": 687114000, "calculatedNetInterest": -110990000, "calculatedOtherIncome": -2041000, "calculatedIncomeNonControlling": 1402000, "calculatedEbitda": 975423000}, {"date": "2011-08-31", "symbol": "JBL", "reportedCurrency": "USD", "cik": "0000898293", "fillingDate": "2011-10-27", "acceptedDate": "2011-10-27 16:35:30", "calendarYear": "2011", "period": "FY", "revenue": 16518827000, "costOfRevenue": 15264257000, "grossProfit": 1254570000, "grossProfitRatio": 0.0759478866, "researchAndDevelopmentExpenses": 25034000, "generalAndAdministrativeExpenses": 604179000, "sellingAndMarketingExpenses": 0, "sellingGeneralAndAdministrativeExpenses": 604179000, "otherExpenses": 22051000, "operatingExpenses": 651264000, "costAndExpenses": 15915521000, "interestIncome": 3132000, "interestExpense": 97547000, "depreciationAndAmortization": 319179000, "ebitda": 922485000, "ebitdaratio": 0.0558444616, "operatingIncome": 578734000, "operatingIncomeRatio": 0.0350348121, "totalOtherIncomeExpensesNet": -24572000, "incomeBeforeTax": 481187000, "incomeBeforeTaxRatio": 0.0291296107, "incomeTaxExpense": 98229000, "netIncome": 381063000, "netIncomeRatio": 0.0230684055, "eps": 1.78, "epsdiluted": 1.73, "weightedAverageShsOut": 214502000, "weightedAverageShsOutDil": 220719000, "link": "https://www.sec.gov/Archives/edgar/data/898293/000119312511284229/0001193125-11-284229-index.htm", "finalLink": "https://www.sec.gov/Archives/edgar/data/898293/000119312511284229/d195154d10k.htm", "calculatedOtherExpenses": 46623000, "calculatedOperatingExpenses": 675836000, "calculatedNetInterest": -94415000, "calculatedOtherIncome": -3132000, "calculatedIncomeNonControlling": 1895000, "calculatedEbitda": 897913000}, {"date": "2010-08-31", "symbol": "JBL", "reportedCurrency": "USD", "cik": "0000898293", "fillingDate": "2010-10-21", "acceptedDate": "2010-10-21 17:24:15", "calendarYear": "2010", "period": "FY", "revenue": 13409411000, "costOfRevenue": 12405267000, "grossProfit": 1004144000, "grossProfitRatio": 0.0748835277, "researchAndDevelopmentExpenses": 28085000, "generalAndAdministrativeExpenses": 589738000, "sellingAndMarketingExpenses": 0, "sellingGeneralAndAdministrativeExpenses": 589738000, "otherExpenses": 50538000, "operatingExpenses": 668361000, "costAndExpenses": 13073628000, "interestIncome": 2956000, "interestExpense": 80299000, "depreciationAndAmortization": 25934000, "ebitda": 361717000, "ebitdaratio": 0.0269748612, "operatingIncome": 327566000, "operatingIncomeRatio": 0.0244280677, "totalOtherIncomeExpensesNet": -8217000, "incomeBeforeTax": 247267000, "incomeBeforeTaxRatio": 0.0184398107, "incomeTaxExpense": 76501000, "netIncome": 168840000, "netIncomeRatio": 0.0125911571, "eps": 0.79, "epsdiluted": 0.78, "weightedAverageShsOut": 214332000, "weightedAverageShsOutDil": 217597000, "link": "https://www.sec.gov/Archives/edgar/data/898293/000095012310094969/0000950123-10-094969-index.htm", "finalLink": "https://www.sec.gov/Archives/edgar/data/898293/000095012310094969/g24918e10vk.htm", "calculatedOtherExpenses": 58755000, "calculatedOperatingExpenses": 676578000, "calculatedNetInterest": -77343000, "calculatedOtherIncome": -2956000, "calculatedIncomeNonControlling": 1926000, "calculatedEbitda": 353500000}, {"date": "2009-08-31", "symbol": "JBL", "reportedCurrency": "USD", "cik": "0000898293", "fillingDate": "2009-10-22", "acceptedDate": "2009-10-22 17:08:37", "calendarYear": "2009", "period": "FY", "revenue": 11684538000, "costOfRevenue": 10965723000, "grossProfit": 718815000, "grossProfitRatio": 0.0615184785, "researchAndDevelopmentExpenses": 27321000, "generalAndAdministrativeExpenses": 495941000, "sellingAndMarketingExpenses": 0, "sellingGeneralAndAdministrativeExpenses": 495941000, "otherExpenses": 31039000, "operatingExpenses": 554301000, "costAndExpenses": 11520024000, "interestIncome": 7426000, "interestExpense": 82247000, "depreciationAndAmortization": 31039000, "ebitda": 1270268000, "ebitdaratio": 0.1087135837, "operatingIncome": -910201000, "operatingIncomeRatio": -0.0778979023, "totalOtherIncomeExpensesNet": -1074715000, "incomeBeforeTax": -1005133000, "incomeBeforeTaxRatio": -0.0860224854, "incomeTaxExpense": 160898000, "netIncome": -1165212000, "netIncomeRatio": -0.0997225564, "eps": -5.63, "epsdiluted": -5.63, "weightedAverageShsOut": 207002000, "weightedAverageShsOutDil": 207002000, "link": "https://www.sec.gov/Archives/edgar/data/898293/000095012309052410/0000950123-09-052410-index.htm", "finalLink": "https://www.sec.gov/Archives/edgar/data/898293/000095012309052410/g20866e10vk.htm", "calculatedOtherExpenses": 1105754000, "calculatedOperatingExpenses": 1629016000, "calculatedNetInterest": -74821000, "calculatedOtherIncome": -20111000, "calculatedIncomeNonControlling": -819000, "calculatedEbitda": -879162000}, {"date": "2008-08-31", "symbol": "JBL", "reportedCurrency": "USD", "cik": "0000898293", "fillingDate": "2008-10-29", "acceptedDate": "2008-10-29 16:51:29", "calendarYear": "2008", "period": "FY", "revenue": 12779703000, "costOfRevenue": 11911902000, "grossProfit": 867801000, "grossProfitRatio": 0.0679046297, "researchAndDevelopmentExpenses": 32984000, "generalAndAdministrativeExpenses": 491324000, "sellingAndMarketingExpenses": 0, "sellingGeneralAndAdministrativeExpenses": 491324000, "otherExpenses": 37288000, "operatingExpenses": 561596000, "costAndExpenses": 12473498000, "interestIncome": -12014000, "interestExpense": 94316000, "depreciationAndAmortization": 276311000, "ebitda": 649226000, "ebitdaratio": 0.0508013371, "operatingIncome": 251397000, "operatingIncomeRatio": 0.0196715839, "totalOtherIncomeExpensesNet": -66710000, "incomeBeforeTax": 157193000, "incomeBeforeTaxRatio": 0.0123002076, "incomeTaxExpense": 25119000, "netIncome": 133892000, "netIncomeRatio": 0.0104769258, "eps": 0.65, "epsdiluted": 0.65, "weightedAverageShsOut": 205275000, "weightedAverageShsOutDil": 206158000, "link": "https://www.sec.gov/Archives/edgar/data/898293/000119312508219096/0001193125-08-219096-index.htm", "finalLink": "https://www.sec.gov/Archives/edgar/data/898293/000119312508219096/d10k.htm", "calculatedOtherExpenses": 92096000, "calculatedOperatingExpenses": 616404000, "calculatedNetInterest": -106330000, "calculatedOtherIncome": 12126000, "calculatedIncomeNonControlling": -1818000, "calculatedEbitda": 527708000}, {"date": "2007-08-31", "symbol": "JBL", "reportedCurrency": "USD", "cik": "0000898293", "fillingDate": "2007-10-25", "acceptedDate": "2007-10-25 16:15:13", "calendarYear": "2007", "period": "FY", "revenue": 12290592000, "costOfRevenue": 11478562000, "grossProfit": 812030000, "grossProfitRatio": 0.0660692341, "researchAndDevelopmentExpenses": 36381000, "generalAndAdministrativeExpenses": 491967000, "sellingAndMarketingExpenses": 0, "sellingGeneralAndAdministrativeExpenses": 491967000, "otherExpenses": 29347000, "operatingExpenses": 557695000, "costAndExpenses": 12036257000, "interestIncome": -14531000, "interestExpense": 86069000, "depreciationAndAmortization": 239702000, "ebitda": 582321000, "ebitdaratio": 0.0473794102, "operatingIncome": 181939000, "operatingIncomeRatio": 0.0148031112, "totalOtherIncomeExpensesNet": -88284000, "incomeBeforeTax": 94513000, "incomeBeforeTaxRatio": 0.0076898655, "incomeTaxExpense": 21401000, "netIncome": 73236000, "netIncomeRatio": 0.005958704, "eps": 0.36, "epsdiluted": 0.35, "weightedAverageShsOut": 203779000, "weightedAverageShsOutDil": 206972000, "link": "https://www.sec.gov/Archives/edgar/data/898293/000119312507225859/0001193125-07-225859-index.htm", "finalLink": "https://www.sec.gov/Archives/edgar/data/898293/000119312507225859/d10k.htm", "calculatedOtherExpenses": 101743000, "calculatedOperatingExpenses": 630091000, "calculatedNetInterest": -100600000, "calculatedOtherIncome": 13174000, "calculatedIncomeNonControlling": -124000, "calculatedEbitda": 421641000}, {"date": "2006-08-31", "symbol": "JBL", "reportedCurrency": "USD", "cik": "0000898293", "fillingDate": "2007-05-15", "acceptedDate": "2007-05-15 16:25:23", "calendarYear": "2006", "period": "FY", "revenue": 10265447000, "costOfRevenue": 9500547000, "grossProfit": 764900000, "grossProfitRatio": 0.0745120987, "researchAndDevelopmentExpenses": 34975000, "generalAndAdministrativeExpenses": 382210000, "sellingAndMarketingExpenses": 0, "sellingGeneralAndAdministrativeExpenses": 382210000, "otherExpenses": 24323000, "operatingExpenses": 441508000, "costAndExpenses": 9942055000, "interestIncome": -18734000, "interestExpense": 23507000, "depreciationAndAmortization": 197274000, "ebitda": 614169000, "ebitdaratio": 0.0598287634, "operatingIncome": 241807000, "operatingIncomeRatio": 0.0235554282, "totalOtherIncomeExpensesNet": -93503000, "incomeBeforeTax": 225116000, "incomeBeforeTaxRatio": 0.0219294883, "incomeTaxExpense": 60598000, "netIncome": 164518000, "netIncomeRatio": 0.0160263844, "eps": 0.79, "epsdiluted": 0.77, "weightedAverageShsOut": 207413000, "weightedAverageShsOutDil": 212540000, "link": "https://www.sec.gov/Archives/edgar/data/898293/000119312507115671/0001193125-07-115671-index.htm", "finalLink": "https://www.sec.gov/Archives/edgar/data/898293/000119312507115671/d10k.htm", "calculatedOtherExpenses": 105908000, "calculatedOperatingExpenses": 523093000, "calculatedNetInterest": -42241000, "calculatedOtherIncome": 25550000, "calculatedIncomeNonControlling": 0, "calculatedEbitda": 439081000}, {"date": "2005-08-31", "symbol": "JBL", "reportedCurrency": "USD", "cik": "0000898293", "fillingDate": "2005-10-28", "acceptedDate": "2005-10-28 16:18:59", "calendarYear": "2005", "period": "FY", "revenue": 7524386000, "costOfRevenue": 6895880000, "grossProfit": 628506000, "grossProfitRatio": 0.0835292076, "researchAndDevelopmentExpenses": 22507000, "generalAndAdministrativeExpenses": 278866000, "sellingAndMarketingExpenses": 0, "sellingGeneralAndAdministrativeExpenses": 278866000, "otherExpenses": 39762000, "operatingExpenses": 341135000, "costAndExpenses": 7237015000, "interestIncome": -13774000, "interestExpense": 24773000, "depreciationAndAmortization": 219121000, "ebitda": 506492000, "ebitdaratio": 0.0673133994, "operatingIncome": 287371000, "operatingIncomeRatio": 0.0381919535, "totalOtherIncomeExpensesNet": -10999000, "incomeBeforeTax": 276372000, "incomeBeforeTaxRatio": 0.0367301731, "incomeTaxExpense": 44525000, "netIncome": 231847000, "netIncomeRatio": 0.0308127467, "eps": 1.01, "epsdiluted": 0.98, "weightedAverageShsOut": 202501000, "weightedAverageShsOutDil": 207706000, "link": "https://www.sec.gov/Archives/edgar/data/898293/000095014405010851/0000950144-05-010851-index.htm", "finalLink": "https://www.sec.gov/Archives/edgar/data/898293/000095014405010851/g97797e10vk.htm", "calculatedOtherExpenses": 39762000, "calculatedOperatingExpenses": 341135000, "calculatedNetInterest": -38547000, "calculatedOtherIncome": 27548000, "calculatedIncomeNonControlling": 0, "calculatedEbitda": 506492000}, {"date": "2004-08-31", "symbol": "JBL", "reportedCurrency": "USD", "cik": "0000898293", "fillingDate": "2004-11-05", "acceptedDate": "2004-11-05 16:12:19", "calendarYear": "2004", "period": "FY", "revenue": 6252897000, "costOfRevenue": 5714517000, "grossProfit": 538380000, "grossProfitRatio": 0.0861008905, "researchAndDevelopmentExpenses": 13813000, "generalAndAdministrativeExpenses": 263504000, "sellingAndMarketingExpenses": 0, "sellingGeneralAndAdministrativeExpenses": 263504000, "otherExpenses": 43709000, "operatingExpenses": 321026000, "costAndExpenses": 6035543000, "interestIncome": -7237000, "interestExpense": 19369000, "depreciationAndAmortization": 221668000, "ebitda": 446731000, "ebitdaratio": 0.0714438443, "operatingIncome": 216015000, "operatingIncomeRatio": 0.0345463871, "totalOtherIncomeExpensesNet": -7709000, "incomeBeforeTax": 197513000, "incomeBeforeTaxRatio": 0.0315874386, "incomeTaxExpense": 30613000, "netIncome": 166900000, "netIncomeRatio": 0.0266916279, "eps": 0.87, "epsdiluted": 0.85, "weightedAverageShsOut": 200430000, "weightedAverageShsOutDil": 205559000, "link": "https://www.sec.gov/Archives/edgar/data/898293/000095014404010550/0000950144-04-010550-index.htm", "finalLink": "https://www.sec.gov/Archives/edgar/data/898293/000095014404010550/g91463e10vk.htm", "calculatedOtherExpenses": 45048000, "calculatedOperatingExpenses": 322365000, "calculatedNetInterest": -26606000, "calculatedOtherIncome": 8104000, "calculatedIncomeNonControlling": 0, "calculatedEbitda": 437683000}, {"date": "2003-08-31", "symbol": "JBL", "reportedCurrency": "USD", "cik": "0000898293", "fillingDate": "2003-11-12", "acceptedDate": "2003-11-12 17:04:13", "calendarYear": "2003", "period": "FY", "revenue": 4729482000, "costOfRevenue": 4294016000, "grossProfit": 435466000, "grossProfitRatio": 0.0920747769, "researchAndDevelopmentExpenses": 9906000, "generalAndAdministrativeExpenses": 243663000, "sellingAndMarketingExpenses": 0, "sellingGeneralAndAdministrativeExpenses": 243663000, "otherExpenses": 36870000, "operatingExpenses": 290439000, "costAndExpenses": 4584455000, "interestIncome": -1924000, "interestExpense": 3729000, "depreciationAndAmortization": 224439000, "ebitda": 467440000, "ebitdaratio": 0.0988353481, "operatingIncome": 44453000, "operatingIncomeRatio": 0.0093991266, "totalOtherIncomeExpensesNet": -97974000, "incomeBeforeTax": 36954000, "incomeBeforeTaxRatio": 0.0078135407, "incomeTaxExpense": -6053000, "netIncome": 43007000, "netIncomeRatio": 0.0090933849, "eps": 0.14, "epsdiluted": 0.14, "weightedAverageShsOut": 198495000, "weightedAverageShsOutDil": 201671000, "link": "https://www.sec.gov/Archives/edgar/data/898293/000095014403012684/0000950144-03-012684-index.htm", "finalLink": "https://www.sec.gov/Archives/edgar/data/898293/000095014403012684/g85512e10vk.htm", "calculatedOtherExpenses": 137444000, "calculatedOperatingExpenses": 391013000, "calculatedNetInterest": -5653000, "calculatedOtherIncome": -1846000, "calculatedIncomeNonControlling": 0, "calculatedEbitda": 268892000}, {"date": "2002-08-31", "symbol": "JBL", "reportedCurrency": "USD", "cik": "0000898293", "fillingDate": "2002-11-25", "acceptedDate": "2002-11-25 17:19:06", "calendarYear": "2002", "period": "FY", "revenue": 3545466000, "costOfRevenue": 3210875000, "grossProfit": 334591000, "grossProfitRatio": 0.0943715156, "researchAndDevelopmentExpenses": 7864000, "generalAndAdministrativeExpenses": 0, "sellingAndMarketingExpenses": 0, "sellingGeneralAndAdministrativeExpenses": 203845000, "otherExpenses": 15113000, "operatingExpenses": 226822000, "costAndExpenses": 3437697000, "interestIncome": -9761000, "interestExpense": 13055000, "depreciationAndAmortization": 188308000, "ebitda": 355796000, "ebitdaratio": 0.1003523937, "operatingIncome": 48050000, "operatingIncomeRatio": 0.0135525203, "totalOtherIncomeExpensesNet": -59719000, "incomeBeforeTax": 44756000, "incomeBeforeTaxRatio": 0.0126234464, "incomeTaxExpense": 10041000, "netIncome": 34715000, "netIncomeRatio": 0.0097913786, "eps": 0.18, "epsdiluted": 0.17, "weightedAverageShsOut": 197396000, "weightedAverageShsOutDil": 200782000, "link": "https://www.sec.gov/Archives/edgar/data/898293/000095014402012283/0000950144-02-012283-index.htm", "finalLink": "https://www.sec.gov/Archives/edgar/data/898293/000095014402012283/g79508e10vk.htm", "calculatedOtherExpenses": 74832000, "calculatedOperatingExpenses": 286541000, "calculatedNetInterest": -22816000, "calculatedOtherIncome": 19522000, "calculatedIncomeNonControlling": 0, "calculatedEbitda": 236358000}, {"date": "2001-08-31", "symbol": "JBL", "reportedCurrency": "USD", "cik": "0000898293", "fillingDate": "2001-11-28", "acceptedDate": "2001-11-28 00:00:00", "calendarYear": "2001", "period": "FY", "revenue": 4330655000, "costOfRevenue": 3936589000, "grossProfit": 394066000, "grossProfitRatio": 0.0909945493, "researchAndDevelopmentExpenses": 6448000, "generalAndAdministrativeExpenses": 184112000, "sellingAndMarketingExpenses": 0, "sellingGeneralAndAdministrativeExpenses": 184112000, "otherExpenses": 5820000, "operatingExpenses": 196380000, "costAndExpenses": 4132969000, "interestIncome": 0, "interestExpense": 0, "depreciationAndAmortization": 155388000, "ebitda": 386998000, "ebitdaratio": 0.0893624636, "operatingIncome": 163762000, "operatingIncomeRatio": 0.0378146031, "totalOtherIncomeExpensesNet": -33924000, "incomeBeforeTax": 166148000, "incomeBeforeTaxRatio": 0.038365559, "incomeTaxExpense": 47631000, "netIncome": 118517000, "netIncomeRatio": 0.0273669918, "eps": 0.62, "epsdiluted": 0.59, "weightedAverageShsOut": 191862000, "weightedAverageShsOutDil": 202223000, "link": "https://www.sec.gov/Archives/edgar/data/898293/000095014401509611/0000950144-01-509611-index.htm", "finalLink": "https://www.sec.gov/Archives/edgar/data/898293/000095014401509611/g73033e10-k.txt", "calculatedOtherExpenses": 39744000, "calculatedOperatingExpenses": 230304000, "calculatedNetInterest": 0, "calculatedOtherIncome": 2386000, "calculatedIncomeNonControlling": 0, "calculatedEbitda": 319150000}, {"date": "2000-08-31", "symbol": "JBL", "reportedCurrency": "USD", "cik": "0000898293", "fillingDate": "2000-11-28", "acceptedDate": "2000-11-28 00:00:00", "calendarYear": "2000", "period": "FY", "revenue": 3558321000, "costOfRevenue": 3199972000, "grossProfit": 358349000, "grossProfitRatio": 0.100707328, "researchAndDevelopmentExpenses": 4839000, "generalAndAdministrativeExpenses": 132717000, "sellingAndMarketingExpenses": 0, "sellingGeneralAndAdministrativeExpenses": 132717000, "otherExpenses": 2724000, "operatingExpenses": 140280000, "costAndExpenses": 3340252000, "interestIncome": 0, "interestExpense": 0, "depreciationAndAmortization": 99337000, "ebitda": 322559000, "ebitdaratio": 0.0906492135, "operatingIncome": 212916000, "operatingIncomeRatio": 0.0598360856, "totalOtherIncomeExpensesNet": -5153000, "incomeBeforeTax": 212696000, "incomeBeforeTaxRatio": 0.0597742587, "incomeTaxExpense": 67048000, "netIncome": 145648000, "netIncomeRatio": 0.0409316641, "eps": 0.81, "epsdiluted": 0.78, "weightedAverageShsOut": 179032000, "weightedAverageShsOutDil": 187448000, "link": "https://www.sec.gov/Archives/edgar/data/898293/000095014400014452/0000950144-00-014452-index.htm", "finalLink": "https://www.sec.gov/Archives/edgar/data/898293/000095014400014452/g65591e10-k.txt", "calculatedOtherExpenses": 7877000, "calculatedOperatingExpenses": 145433000, "calculatedNetInterest": 0, "calculatedOtherIncome": -220000, "calculatedIncomeNonControlling": 0, "calculatedEbitda": 312253000}, {"date": "1999-08-31", "symbol": "JBL", "reportedCurrency": "USD", "cik": "0000898293", "fillingDate": "1999-11-12", "acceptedDate": "1999-11-12 00:00:00", "calendarYear": "1999", "period": "FY", "revenue": 2000300000, "costOfRevenue": 1772700000, "grossProfit": 227600000, "grossProfitRatio": 0.1137829326, "researchAndDevelopmentExpenses": 4100000, "generalAndAdministrativeExpenses": 81000000, "sellingAndMarketingExpenses": 0, "sellingGeneralAndAdministrativeExpenses": 81000000, "otherExpenses": 1300000, "operatingExpenses": 86400000, "costAndExpenses": 1859100000, "interestIncome": 0, "interestExpense": 0, "depreciationAndAmortization": 56000000, "ebitda": 197200000, "ebitdaratio": 0.0985852122, "operatingIncome": 141200000, "operatingIncomeRatio": 0.0705894116, "totalOtherIncomeExpensesNet": -1700000, "incomeBeforeTax": 139500000, "incomeBeforeTaxRatio": 0.0697395391, "incomeTaxExpense": 48100000, "netIncome": 91500000, "netIncomeRatio": 0.0457431385, "eps": 0.51, "epsdiluted": 0.49, "weightedAverageShsOut": 166754000, "weightedAverageShsOutDil": 174334000, "link": "https://www.sec.gov/Archives/edgar/data/898293/000095014499012959/0000950144-99-012959-index.html", "finalLink": "https://www.sec.gov/Archives/edgar/data/898293/000095014499012959/", "calculatedOtherExpenses": 1300000, "calculatedOperatingExpenses": 86400000, "calculatedNetInterest": 0, "calculatedOtherIncome": -1700000, "calculatedIncomeNonControlling": -100000, "calculatedEbitda": 197200000}, {"date": "1998-08-31", "symbol": "JBL", "reportedCurrency": "USD", "cik": "0000898293", "fillingDate": "1998-12-07", "acceptedDate": "1998-12-07 00:00:00", "calendarYear": "1998", "period": "FY", "revenue": 1277400000, "costOfRevenue": 1115600000, "grossProfit": 161800000, "grossProfitRatio": 0.1266635353, "researchAndDevelopmentExpenses": 3800000, "generalAndAdministrativeExpenses": 52000000, "sellingAndMarketingExpenses": 0, "sellingGeneralAndAdministrativeExpenses": 52000000, "otherExpenses": 0, "operatingExpenses": 55800000, "costAndExpenses": 1171400000, "interestIncome": 0, "interestExpense": 0, "depreciationAndAmortization": 35700000, "ebitda": 162500000, "ebitdaratio": 0.1272115234, "operatingIncome": 85100000, "operatingIncomeRatio": 0.0666196963, "totalOtherIncomeExpensesNet": -20800000, "incomeBeforeTax": 82000000, "incomeBeforeTaxRatio": 0.0641928918, "incomeTaxExpense": 25000000, "netIncome": 56900000, "netIncomeRatio": 0.0445436042, "eps": 0.39, "epsdiluted": 0.37, "weightedAverageShsOut": 148498000, "weightedAverageShsOutDil": 154302000, "link": "https://www.sec.gov/Archives/edgar/data/898293/000095014498013618/0000950144-98-013618-index.html", "finalLink": "https://www.sec.gov/Archives/edgar/data/898293/", "calculatedOtherExpenses": 20900000, "calculatedOperatingExpenses": 76700000, "calculatedNetInterest": 0, "calculatedOtherIncome": -3100000, "calculatedIncomeNonControlling": 100000, "calculatedEbitda": 120800000}, {"date": "1997-08-31", "symbol": "JBL", "reportedCurrency": "USD", "cik": "0000898293", "fillingDate": "1997-12-01", "acceptedDate": "1997-12-01 00:00:00", "calendarYear": "1997", "period": "FY", "revenue": 978100000, "costOfRevenue": 857200000, "grossProfit": 120900000, "grossProfitRatio": 0.1236069931, "researchAndDevelopmentExpenses": 3100000, "generalAndAdministrativeExpenses": 35900000, "sellingAndMarketingExpenses": 0, "sellingGeneralAndAdministrativeExpenses": 35900000, "otherExpenses": 0, "operatingExpenses": 39000000, "costAndExpenses": 896200000, "interestIncome": 0, "interestExpense": 0, "depreciationAndAmortization": 24900000, "ebitda": 106800000, "ebitdaratio": 0.1091912892, "operatingIncome": 81900000, "operatingIncomeRatio": 0.0837337696, "totalOtherIncomeExpensesNet": -1700000, "incomeBeforeTax": 80200000, "incomeBeforeTaxRatio": 0.081995706, "incomeTaxExpense": 27700000, "netIncome": 52500000, "netIncomeRatio": 0.0536754933, "eps": 0.34, "epsdiluted": 0.34, "weightedAverageShsOut": 153360000, "weightedAverageShsOutDil": 153360000, "link": "https://www.sec.gov/Archives/edgar/data/898293/000095014497012935/0000950144-97-012935-index.html", "finalLink": "https://www.sec.gov/Archives/edgar/data/898293/", "calculatedOtherExpenses": 0, "calculatedOperatingExpenses": 39000000, "calculatedNetInterest": 0, "calculatedOtherIncome": -1700000, "calculatedIncomeNonControlling": 0, "calculatedEbitda": 106800000}, {"date": "1996-08-31", "symbol": "JBL", "reportedCurrency": "USD", "cik": "0000898293", "fillingDate": "1996-11-27", "acceptedDate": "1996-11-27 00:00:00", "calendarYear": "1996", "period": "FY", "revenue": 863300000, "costOfRevenue": 790300000, "grossProfit": 73000000, "grossProfitRatio": 0.0845592494, "researchAndDevelopmentExpenses": 2100000, "generalAndAdministrativeExpenses": 25500000, "sellingAndMarketingExpenses": 0, "sellingGeneralAndAdministrativeExpenses": 25500000, "otherExpenses": 0, "operatingExpenses": 27600000, "costAndExpenses": 817900000, "interestIncome": 0, "interestExpense": 0, "depreciationAndAmortization": 18200000, "ebitda": 63600000, "ebitdaratio": 0.0736707981, "operatingIncome": 45400000, "operatingIncomeRatio": 0.052588903, "totalOtherIncomeExpensesNet": -7300000, "incomeBeforeTax": 38100000, "incomeBeforeTaxRatio": 0.0441329781, "incomeTaxExpense": 13700000, "netIncome": 24300000, "netIncomeRatio": 0.0281478049, "eps": 0.17, "epsdiluted": 0.17, "weightedAverageShsOut": 145336000, "weightedAverageShsOutDil": 145808000, "link": "https://www.sec.gov/Archives/edgar/data/898293/000089829396000006/0000898293-96-000006-index.html", "finalLink": "https://www.sec.gov/Archives/edgar/data/898293/", "calculatedOtherExpenses": 0, "calculatedOperatingExpenses": 27600000, "calculatedNetInterest": 0, "calculatedOtherIncome": -7300000, "calculatedIncomeNonControlling": 100000, "calculatedEbitda": 63600000}, {"date": "1995-08-31", "symbol": "JBL", "reportedCurrency": "USD", "cik": "0000898293", "fillingDate": "1995-08-31", "acceptedDate": "1995-08-30 20:00:00", "calendarYear": "1995", "period": "FY", "revenue": 559500000, "costOfRevenue": 511300000, "grossProfit": 48200000, "grossProfitRatio": 0.0861483467, "researchAndDevelopmentExpenses": 1800000, "generalAndAdministrativeExpenses": 0, "sellingAndMarketingExpenses": 0, "sellingGeneralAndAdministrativeExpenses": 17900000, "otherExpenses": 12000000, "operatingExpenses": 31700000, "costAndExpenses": 543000000, "interestIncome": 0, "interestExpense": 0, "depreciationAndAmortization": 12000000, "ebitda": 28500000, "ebitdaratio": 0.0509383378, "operatingIncome": 16500000, "operatingIncomeRatio": 0.0294906166, "totalOtherIncomeExpensesNet": -6400000, "incomeBeforeTax": 10100000, "incomeBeforeTaxRatio": 0.018051832, "incomeTaxExpense": 2800000, "netIncome": 7300000, "netIncomeRatio": 0.0130473637, "eps": 0.07, "epsdiluted": 0.06, "weightedAverageShsOut": 104285714, "weightedAverageShsOutDil": 121666667, "link": "", "finalLink": "", "calculatedOtherExpenses": 12000000, "calculatedOperatingExpenses": 31700000, "calculatedNetInterest": 0, "calculatedOtherIncome": -6400000, "calculatedIncomeNonControlling": 0, "calculatedEbitda": 28500000}, {"date": "1994-08-31", "symbol": "JBL", "reportedCurrency": "USD", "cik": "0000898293", "fillingDate": "1994-08-31", "acceptedDate": "1994-08-30 20:00:00", "calendarYear": "1994", "period": "FY", "revenue": 375800000, "costOfRevenue": 342100000, "grossProfit": 33700000, "grossProfitRatio": 0.0896753592, "researchAndDevelopmentExpenses": 0, "generalAndAdministrativeExpenses": 0, "sellingAndMarketingExpenses": 0, "sellingGeneralAndAdministrativeExpenses": 15800000, "otherExpenses": 9500000, "operatingExpenses": 25300000, "costAndExpenses": 367400000, "interestIncome": 0, "interestExpense": 0, "depreciationAndAmortization": 9500000, "ebitda": 17900000, "ebitdaratio": 0.047631719, "operatingIncome": 8400000, "operatingIncomeRatio": 0.0223523151, "totalOtherIncomeExpensesNet": -3400000, "incomeBeforeTax": 5000000, "incomeBeforeTaxRatio": 0.0133049494, "incomeTaxExpense": 2400000, "netIncome": 2600000, "netIncomeRatio": 0.0069185737, "eps": 0.03, "epsdiluted": 0.02, "weightedAverageShsOut": 86666667, "weightedAverageShsOutDil": 130000000, "link": "", "finalLink": "", "calculatedOtherExpenses": 9500000, "calculatedOperatingExpenses": 25300000, "calculatedNetInterest": 0, "calculatedOtherIncome": -3400000, "calculatedIncomeNonControlling": 0, "calculatedEbitda": 17900000}, {"date": "1993-08-31", "symbol": "JBL", "reportedCurrency": "USD", "cik": "0000898293", "fillingDate": "1993-08-31", "acceptedDate": "1993-08-30 20:00:00", "calendarYear": "1993", "period": "FY", "revenue": 334700000, "costOfRevenue": 297700000, "grossProfit": 37000000, "grossProfitRatio": 0.1105467583, "researchAndDevelopmentExpenses": 0, "generalAndAdministrativeExpenses": 0, "sellingAndMarketingExpenses": 0, "sellingGeneralAndAdministrativeExpenses": 13500000, "otherExpenses": 6800000, "operatingExpenses": 20300000, "costAndExpenses": 318000000, "interestIncome": 0, "interestExpense": 0, "depreciationAndAmortization": 6800000, "ebitda": 23500000, "ebitdaratio": 0.0702121303, "operatingIncome": 16700000, "operatingIncomeRatio": 0.0498954287, "totalOtherIncomeExpensesNet": -3300000, "incomeBeforeTax": 13400000, "incomeBeforeTaxRatio": 0.040035853, "incomeTaxExpense": 5300000, "netIncome": 8100000, "netIncomeRatio": 0.0242007768, "eps": 0.08, "epsdiluted": 0.08, "weightedAverageShsOut": 101250000, "weightedAverageShsOutDil": 101250000, "link": "", "finalLink": "", "calculatedOtherExpenses": 6800000, "calculatedOperatingExpenses": 20300000, "calculatedNetInterest": 0, "calculatedOtherIncome": -3300000, "calculatedIncomeNonControlling": 0, "calculatedEbitda": 23500000}, {"date": "1992-08-31", "symbol": "JBL", "reportedCurrency": "USD", "cik": "0000898293", "fillingDate": "1992-08-31", "acceptedDate": "1992-08-30 20:00:00", "calendarYear": "1992", "period": "FY", "revenue": 173100000, "costOfRevenue": 151600000, "grossProfit": 21500000, "grossProfitRatio": 0.1242056615, "researchAndDevelopmentExpenses": 0, "generalAndAdministrativeExpenses": 0, "sellingAndMarketingExpenses": 0, "sellingGeneralAndAdministrativeExpenses": 10100000, "otherExpenses": 4700000, "operatingExpenses": 14800000, "costAndExpenses": 166400000, "interestIncome": 0, "interestExpense": 0, "depreciationAndAmortization": 4700000, "ebitda": 11400000, "ebitdaratio": 0.0658578856, "operatingIncome": 6700000, "operatingIncomeRatio": 0.0387059503, "totalOtherIncomeExpensesNet": -1700000, "incomeBeforeTax": 5000000, "incomeBeforeTaxRatio": 0.0288850376, "incomeTaxExpense": 1800000, "netIncome": 3200000, "netIncomeRatio": 0.018486424, "eps": 0.04, "epsdiluted": 0.04, "weightedAverageShsOut": 80000000, "weightedAverageShsOutDil": 80000000, "link": "", "finalLink": "", "calculatedOtherExpenses": 4700000, "calculatedOperatingExpenses": 14800000, "calculatedNetInterest": 0, "calculatedOtherIncome": -1700000, "calculatedIncomeNonControlling": 0, "calculatedEbitda": 11400000}, {"date": "1991-08-31", "symbol": "JBL", "reportedCurrency": "USD", "cik": "0000898293", "fillingDate": "1991-08-31", "acceptedDate": "1991-08-30 20:00:00", "calendarYear": "1991", "period": "FY", "revenue": 232600000, "costOfRevenue": 199600000, "grossProfit": 33000000, "grossProfitRatio": 0.1418744626, "researchAndDevelopmentExpenses": 0, "generalAndAdministrativeExpenses": 0, "sellingAndMarketingExpenses": 0, "sellingGeneralAndAdministrativeExpenses": 9200000, "otherExpenses": 4200000, "operatingExpenses": 13400000, "costAndExpenses": 213000000, "interestIncome": 0, "interestExpense": 0, "depreciationAndAmortization": 4200000, "ebitda": 23800000, "ebitdaratio": 0.1023215821, "operatingIncome": 19600000, "operatingIncomeRatio": 0.0842648323, "totalOtherIncomeExpensesNet": -3600000, "incomeBeforeTax": 16000000, "incomeBeforeTaxRatio": 0.0687876182, "incomeTaxExpense": 5700000, "netIncome": 10300000, "netIncomeRatio": 0.0442820292, "eps": 0.11, "epsdiluted": 0.11, "weightedAverageShsOut": 93636364, "weightedAverageShsOutDil": 93636364, "link": "", "finalLink": "", "calculatedOtherExpenses": 4200000, "calculatedOperatingExpenses": 13400000, "calculatedNetInterest": 0, "calculatedOtherIncome": -3600000, "calculatedIncomeNonControlling": 0, "calculatedEbitda": 23800000}]}