{"originalCurrency": "USD", "convertedCurrency": "USD", "report": [{"date": "2023-12-31", "symbol": "JBLU", "reportedCurrency": "USD", "cik": "0001158463", "fillingDate": "2024-02-12", "acceptedDate": "2024-02-12 06:34:56", "calendarYear": "2023", "period": "FY", "revenue": 9615000000, "costOfRevenue": 7833000000, "grossProfit": 1782000000, "grossProfitRatio": 0.1853354134, "researchAndDevelopmentExpenses": 0, "generalAndAdministrativeExpenses": 0, "sellingAndMarketingExpenses": 316000000, "sellingGeneralAndAdministrativeExpenses": 316000000, "otherExpenses": 8000000, "operatingExpenses": 1815000000, "costAndExpenses": 9648000000, "interestIncome": 89000000, "interestExpense": 210000000, "depreciationAndAmortization": 621000000, "ebitda": 685000000, "ebitdaratio": 0.0712428497, "operatingIncome": -230000000, "operatingIncomeRatio": -0.0239209568, "totalOtherIncomeExpensesNet": -180000000, "incomeBeforeTax": -334000000, "incomeBeforeTaxRatio": -0.0347373895, "incomeTaxExpense": -24000000, "netIncome": -310000000, "netIncomeRatio": -0.0322412897, "eps": -0.93, "epsdiluted": -0.93, "weightedAverageShsOut": 332900000, "weightedAverageShsOutDil": 332900000, "link": "https://www.sec.gov/Archives/edgar/data/1158463/000115846324000006/0001158463-24-000006-index.htm", "finalLink": "https://www.sec.gov/Archives/edgar/data/1158463/000115846324000006/jblu-20231231.htm", "calculatedOtherExpenses": 1696000000, "calculatedOperatingExpenses": 2012000000, "calculatedNetInterest": -121000000, "calculatedOtherIncome": 17000000, "calculatedIncomeNonControlling": 0, "calculatedEbitda": 391000000}, {"date": "2022-12-31", "symbol": "JBLU", "reportedCurrency": "USD", "cik": "0001158463", "fillingDate": "2023-02-27", "acceptedDate": "2023-02-27 16:26:16", "calendarYear": "2022", "period": "FY", "revenue": 9158000000, "costOfRevenue": 7686000000, "grossProfit": 1472000000, "grossProfitRatio": 0.1607337847, "researchAndDevelopmentExpenses": 0, "generalAndAdministrativeExpenses": 0, "sellingAndMarketingExpenses": 289000000, "sellingGeneralAndAdministrativeExpenses": 289000000, "otherExpenses": 1368000000, "operatingExpenses": 1657000000, "costAndExpenses": 9343000000, "interestIncome": 39000000, "interestExpense": 166000000, "depreciationAndAmortization": 36000000, "ebitda": -149000000, "ebitdaratio": -0.0162699279, "operatingIncome": -185000000, "operatingIncomeRatio": -0.0202009172, "totalOtherIncomeExpensesNet": -252000000, "incomeBeforeTax": -437000000, "incomeBeforeTaxRatio": -0.0477178423, "incomeTaxExpense": -75000000, "netIncome": -362000000, "netIncomeRatio": -0.0395282813, "eps": -1.12, "epsdiluted": -1.12, "weightedAverageShsOut": 323600000, "weightedAverageShsOutDil": 323600000, "link": "https://www.sec.gov/Archives/edgar/data/1158463/000115846323000002/0001158463-23-000002-index.htm", "finalLink": "https://www.sec.gov/Archives/edgar/data/1158463/000115846323000002/jblu-20221231.htm", "calculatedOtherExpenses": 1368000000, "calculatedOperatingExpenses": 1657000000, "calculatedNetInterest": -127000000, "calculatedOtherIncome": -125000000, "calculatedIncomeNonControlling": 0, "calculatedEbitda": -149000000}, {"date": "2021-12-31", "symbol": "JBLU", "reportedCurrency": "USD", "cik": "0001158463", "fillingDate": "2022-02-22", "acceptedDate": "2022-02-22 14:38:30", "calendarYear": "2021", "period": "FY", "revenue": 6037000000, "costOfRevenue": 5687000000, "grossProfit": 350000000, "grossProfitRatio": 0.0579758158, "researchAndDevelopmentExpenses": 0, "generalAndAdministrativeExpenses": 0, "sellingAndMarketingExpenses": 183000000, "sellingGeneralAndAdministrativeExpenses": 183000000, "otherExpenses": 1080000000, "operatingExpenses": 1263000000, "costAndExpenses": 6950000000, "interestIncome": 17000000, "interestExpense": 227000000, "depreciationAndAmortization": 44000000, "ebitda": -869000000, "ebitdaratio": -0.1439456684, "operatingIncome": -913000000, "operatingIncomeRatio": -0.1512340567, "totalOtherIncomeExpensesNet": 650000000, "incomeBeforeTax": -263000000, "incomeBeforeTaxRatio": -0.0435646844, "incomeTaxExpense": -81000000, "netIncome": -182000000, "netIncomeRatio": -0.0301474242, "eps": -0.57, "epsdiluted": -0.57, "weightedAverageShsOut": 318000000, "weightedAverageShsOutDil": 318000000, "link": "https://www.sec.gov/Archives/edgar/data/1158463/000115846322000017/0001158463-22-000017-index.htm", "finalLink": "https://www.sec.gov/Archives/edgar/data/1158463/000115846322000017/jblu-20211231.htm", "calculatedOtherExpenses": 1080000000, "calculatedOperatingExpenses": 1263000000, "calculatedNetInterest": -210000000, "calculatedOtherIncome": 860000000, "calculatedIncomeNonControlling": 0, "calculatedEbitda": -869000000}, {"date": "2020-12-31", "symbol": "JBLU", "reportedCurrency": "USD", "cik": "0001158463", "fillingDate": "2021-03-02", "acceptedDate": "2021-03-02 10:39:46", "calendarYear": "2020", "period": "FY", "revenue": 2957000000, "costOfRevenue": 4082000000, "grossProfit": -1125000000, "grossProfitRatio": -0.380453162, "researchAndDevelopmentExpenses": 0, "generalAndAdministrativeExpenses": 0, "sellingAndMarketingExpenses": 110000000, "sellingGeneralAndAdministrativeExpenses": 110000000, "otherExpenses": 762000000, "operatingExpenses": 872000000, "costAndExpenses": 4954000000, "interestIncome": 23000000, "interestExpense": 179000000, "depreciationAndAmortization": -283000000, "ebitda": -1997000000, "ebitdaratio": -0.6753466351, "operatingIncome": -1714000000, "operatingIncomeRatio": -0.5796415286, "totalOtherIncomeExpensesNet": -179000000, "incomeBeforeTax": -1893000000, "incomeBeforeTaxRatio": -0.6401758539, "incomeTaxExpense": -531000000, "netIncome": -1362000000, "netIncomeRatio": -0.4606019614, "eps": -4.91, "epsdiluted": -4.91, "weightedAverageShsOut": 277500000, "weightedAverageShsOutDil": 277500000, "link": "https://www.sec.gov/Archives/edgar/data/1158463/000162828021003705/0001628280-21-003705-index.htm", "finalLink": "https://www.sec.gov/Archives/edgar/data/1158463/000162828021003705/jblu-20201231.htm", "calculatedOtherExpenses": 479000000, "calculatedOperatingExpenses": 589000000, "calculatedNetInterest": -156000000, "calculatedOtherIncome": -23000000, "calculatedIncomeNonControlling": 0, "calculatedEbitda": -1997000000}, {"date": "2019-12-31", "symbol": "JBLU", "reportedCurrency": "USD", "cik": "0001158463", "fillingDate": "2020-02-18", "acceptedDate": "2020-02-18 17:09:14", "calendarYear": "2019", "period": "FY", "revenue": 8094000000, "costOfRevenue": 5884000000, "grossProfit": 2210000000, "grossProfitRatio": 0.2730417593, "researchAndDevelopmentExpenses": 0, "generalAndAdministrativeExpenses": 0, "sellingAndMarketingExpenses": 290000000, "sellingGeneralAndAdministrativeExpenses": 290000000, "otherExpenses": 1106000000, "operatingExpenses": 1396000000, "costAndExpenses": 7280000000, "interestIncome": 18000000, "interestExpense": 65000000, "depreciationAndAmortization": 525000000, "ebitda": 847000000, "ebitdaratio": 0.1046454164, "operatingIncome": 322000000, "operatingIncomeRatio": 0.039782555, "totalOtherIncomeExpensesNet": 446000000, "incomeBeforeTax": 768000000, "incomeBeforeTaxRatio": 0.0948851001, "incomeTaxExpense": 199000000, "netIncome": 569000000, "netIncomeRatio": 0.0702989869, "eps": 1.92, "epsdiluted": 1.91, "weightedAverageShsOut": 296600000, "weightedAverageShsOutDil": 298400000, "link": "https://www.sec.gov/Archives/edgar/data/1158463/000115846320000012/0001158463-20-000012-index.htm", "finalLink": "https://www.sec.gov/Archives/edgar/data/1158463/000115846320000012/a201910-k.htm", "calculatedOtherExpenses": 1598000000, "calculatedOperatingExpenses": 1888000000, "calculatedNetInterest": -47000000, "calculatedOtherIncome": 493000000, "calculatedIncomeNonControlling": 0, "calculatedEbitda": 847000000}, {"date": "2018-12-31", "symbol": "JBLU", "reportedCurrency": "USD", "cik": "0001158463", "fillingDate": "2019-02-21", "acceptedDate": "2019-02-20 19:04:10", "calendarYear": "2018", "period": "FY", "revenue": 7658000000, "costOfRevenue": 5582000000, "grossProfit": 2076000000, "grossProfitRatio": 0.2710890572, "researchAndDevelopmentExpenses": 0, "generalAndAdministrativeExpenses": 0, "sellingAndMarketingExpenses": 294000000, "sellingGeneralAndAdministrativeExpenses": 294000000, "otherExpenses": 1059000000, "operatingExpenses": 1353000000, "costAndExpenses": 6935000000, "interestIncome": 13000000, "interestExpense": 82000000, "depreciationAndAmortization": 491000000, "ebitda": 736000000, "ebitdaratio": 0.0961086446, "operatingIncome": 288000000, "operatingIncomeRatio": 0.0376077305, "totalOtherIncomeExpensesNet": -435000000, "incomeBeforeTax": 219000000, "incomeBeforeTaxRatio": 0.0285975451, "incomeTaxExpense": 31000000, "netIncome": 188000000, "netIncomeRatio": 0.0245494907, "eps": 0.6, "epsdiluted": 0.6, "weightedAverageShsOut": 312900000, "weightedAverageShsOutDil": 314500000, "link": "https://www.sec.gov/Archives/edgar/data/1158463/000115846319000018/0001158463-19-000018-index.htm", "finalLink": "https://www.sec.gov/Archives/edgar/data/1158463/000115846319000018/a201810-k.htm", "calculatedOtherExpenses": 1494000000, "calculatedOperatingExpenses": 1788000000, "calculatedNetInterest": -69000000, "calculatedOtherIncome": 0, "calculatedIncomeNonControlling": 0, "calculatedEbitda": 779000000}, {"date": "2017-12-31", "symbol": "JBLU", "reportedCurrency": "USD", "cik": "0001158463", "fillingDate": "2018-02-16", "acceptedDate": "2018-02-16 17:06:02", "calendarYear": "2017", "period": "FY", "revenue": 7012000000, "costOfRevenue": 4815000000, "grossProfit": 2197000000, "grossProfitRatio": 0.3133200228, "researchAndDevelopmentExpenses": 0, "generalAndAdministrativeExpenses": 0, "sellingAndMarketingExpenses": 271000000, "sellingGeneralAndAdministrativeExpenses": 271000000, "otherExpenses": 933000000, "operatingExpenses": 1204000000, "costAndExpenses": 6019000000, "interestIncome": 6000000, "interestExpense": 85000000, "depreciationAndAmortization": 446000000, "ebitda": 999000000, "ebitdaratio": 0.1424700513, "operatingIncome": 993000000, "operatingIncomeRatio": 0.1416143754, "totalOtherIncomeExpensesNet": -79000000, "incomeBeforeTax": 914000000, "incomeBeforeTaxRatio": 0.1303479749, "incomeTaxExpense": -210000000, "netIncome": 1124000000, "netIncomeRatio": 0.1602966343, "eps": 3.42, "epsdiluted": 3.41, "weightedAverageShsOut": 328654971, "weightedAverageShsOutDil": 329618768, "link": "https://www.sec.gov/Archives/edgar/data/1158463/000115846318000018/0001158463-18-000018-index.htm", "finalLink": "https://www.sec.gov/Archives/edgar/data/1158463/000115846318000018/a201710-k.htm", "calculatedOtherExpenses": 933000000, "calculatedOperatingExpenses": 1204000000, "calculatedNetInterest": -79000000, "calculatedOtherIncome": 0, "calculatedIncomeNonControlling": 0, "calculatedEbitda": 1439000000}, {"date": "2016-12-31", "symbol": "JBLU", "reportedCurrency": "USD", "cik": "0001158463", "fillingDate": "2017-02-17", "acceptedDate": "2017-02-17 16:59:17", "calendarYear": "2016", "period": "FY", "revenue": 6632000000, "costOfRevenue": 4195000000, "grossProfit": 2437000000, "grossProfitRatio": 0.3674607961, "researchAndDevelopmentExpenses": 0, "generalAndAdministrativeExpenses": 0, "sellingAndMarketingExpenses": 259000000, "sellingGeneralAndAdministrativeExpenses": 259000000, "otherExpenses": 866000000, "operatingExpenses": 1125000000, "costAndExpenses": 5320000000, "interestIncome": 7000000, "interestExpense": 103000000, "depreciationAndAmortization": 393000000, "ebitda": 1319000000, "ebitdaratio": 0.1988841978, "operatingIncome": 1312000000, "operatingIncomeRatio": 0.1978287093, "totalOtherIncomeExpensesNet": -96000000, "incomeBeforeTax": 1216000000, "incomeBeforeTaxRatio": 0.1833534379, "incomeTaxExpense": 457000000, "netIncome": 759000000, "netIncomeRatio": 0.1144451146, "eps": 2.32, "epsdiluted": 2.22, "weightedAverageShsOut": 326500000, "weightedAverageShsOutDil": 342200000, "link": "https://www.sec.gov/Archives/edgar/data/1158463/000115846317000016/0001158463-17-000016-index.htm", "finalLink": "https://www.sec.gov/Archives/edgar/data/1158463/000115846317000016/a201610-k.htm", "calculatedOtherExpenses": 866000000, "calculatedOperatingExpenses": 1125000000, "calculatedNetInterest": -96000000, "calculatedOtherIncome": 0, "calculatedIncomeNonControlling": 0, "calculatedEbitda": 1705000000}, {"date": "2015-12-31", "symbol": "JBLU", "reportedCurrency": "USD", "cik": "0001158463", "fillingDate": "2016-02-17", "acceptedDate": "2016-02-17 17:22:10", "calendarYear": "2015", "period": "FY", "revenue": 6416000000, "costOfRevenue": 4187000000, "grossProfit": 2229000000, "grossProfitRatio": 0.3474127182, "researchAndDevelopmentExpenses": 0, "generalAndAdministrativeExpenses": 0, "sellingAndMarketingExpenses": 264000000, "sellingGeneralAndAdministrativeExpenses": 264000000, "otherExpenses": 749000000, "operatingExpenses": 1013000000, "costAndExpenses": 5200000000, "interestIncome": 1000000, "interestExpense": 120000000, "depreciationAndAmortization": 345000000, "ebitda": 1217000000, "ebitdaratio": 0.1896820449, "operatingIncome": 1216000000, "operatingIncomeRatio": 0.1895261845, "totalOtherIncomeExpensesNet": -119000000, "incomeBeforeTax": 1097000000, "incomeBeforeTaxRatio": 0.170978803, "incomeTaxExpense": 420000000, "netIncome": 677000000, "netIncomeRatio": 0.1055174564, "eps": 2.15, "epsdiluted": 1.98, "weightedAverageShsOut": 315101000, "weightedAverageShsOutDil": 344817000, "link": "https://www.sec.gov/Archives/edgar/data/1158463/000115846316000102/0001158463-16-000102-index.htm", "finalLink": "https://www.sec.gov/Archives/edgar/data/1158463/000115846316000102/a201510-k.htm", "calculatedOtherExpenses": 749000000, "calculatedOperatingExpenses": 1013000000, "calculatedNetInterest": -119000000, "calculatedOtherIncome": 0, "calculatedIncomeNonControlling": 0, "calculatedEbitda": 1561000000}, {"date": "2014-12-31", "symbol": "JBLU", "reportedCurrency": "USD", "cik": "0001158463", "fillingDate": "2015-02-12", "acceptedDate": "2015-02-12 15:29:28", "calendarYear": "2014", "period": "FY", "revenue": 5817000000, "costOfRevenue": 4389000000, "grossProfit": 1428000000, "grossProfitRatio": 0.2454873646, "researchAndDevelopmentExpenses": 0, "generalAndAdministrativeExpenses": 0, "sellingAndMarketingExpenses": 231000000, "sellingGeneralAndAdministrativeExpenses": 231000000, "otherExpenses": 682000000, "operatingExpenses": 913000000, "costAndExpenses": 5302000000, "interestIncome": 1000000, "interestExpense": 134000000, "depreciationAndAmortization": 325000000, "ebitda": 516000000, "ebitdaratio": 0.0887055183, "operatingIncome": 515000000, "operatingIncomeRatio": 0.0885336084, "totalOtherIncomeExpensesNet": 241000000, "incomeBeforeTax": 623000000, "incomeBeforeTaxRatio": 0.1070998797, "incomeTaxExpense": 222000000, "netIncome": 401000000, "netIncomeRatio": 0.0689358776, "eps": 1.36, "epsdiluted": 1.19, "weightedAverageShsOut": 294732000, "weightedAverageShsOutDil": 343294000, "link": "https://www.sec.gov/Archives/edgar/data/1158463/000115846315000013/0001158463-15-000013-index.htm", "finalLink": "https://www.sec.gov/Archives/edgar/data/1158463/000115846315000013/a201410-k.htm", "calculatedOtherExpenses": 682000000, "calculatedOperatingExpenses": 913000000, "calculatedNetInterest": -133000000, "calculatedOtherIncome": 241000000, "calculatedIncomeNonControlling": 0, "calculatedEbitda": 840000000}, {"date": "2013-12-31", "symbol": "JBLU", "reportedCurrency": "USD", "cik": "0001158463", "fillingDate": "2014-02-19", "acceptedDate": "2014-02-18 21:25:46", "calendarYear": "2013", "period": "FY", "revenue": 5441000000, "costOfRevenue": 4189000000, "grossProfit": 1252000000, "grossProfitRatio": 0.2301047602, "researchAndDevelopmentExpenses": 0, "generalAndAdministrativeExpenses": 0, "sellingAndMarketingExpenses": 223000000, "sellingGeneralAndAdministrativeExpenses": 223000000, "otherExpenses": 601000000, "operatingExpenses": 824000000, "costAndExpenses": 5013000000, "interestIncome": -1000000, "interestExpense": 149000000, "depreciationAndAmortization": 306000000, "ebitda": 428000000, "ebitdaratio": 0.0786620107, "operatingIncome": 428000000, "operatingIncomeRatio": 0.0786620107, "totalOtherIncomeExpensesNet": -149000000, "incomeBeforeTax": 279000000, "incomeBeforeTaxRatio": 0.0512773387, "incomeTaxExpense": 111000000, "netIncome": 168000000, "netIncomeRatio": 0.0308766771, "eps": 0.59, "epsdiluted": 0.52, "weightedAverageShsOut": 282755000, "weightedAverageShsOutDil": 343425000, "link": "https://www.sec.gov/Archives/edgar/data/1158463/000115846314000008/0001158463-14-000008-index.htm", "finalLink": "https://www.sec.gov/Archives/edgar/data/1158463/000115846314000008/a201310-k.htm", "calculatedOtherExpenses": 601000000, "calculatedOperatingExpenses": 824000000, "calculatedNetInterest": -150000000, "calculatedOtherIncome": 1000000, "calculatedIncomeNonControlling": 0, "calculatedEbitda": 734000000}, {"date": "2012-12-31", "symbol": "JBLU", "reportedCurrency": "USD", "cik": "0001158463", "fillingDate": "2013-02-21", "acceptedDate": "2013-02-20 19:46:45", "calendarYear": "2012", "period": "FY", "revenue": 4982000000, "costOfRevenue": 3853000000, "grossProfit": 1129000000, "grossProfitRatio": 0.2266158169, "researchAndDevelopmentExpenses": 0, "generalAndAdministrativeExpenses": 0, "sellingAndMarketingExpenses": 204000000, "sellingGeneralAndAdministrativeExpenses": 204000000, "otherExpenses": 549000000, "operatingExpenses": 753000000, "costAndExpenses": 4606000000, "interestIncome": 1000000, "interestExpense": 168000000, "depreciationAndAmortization": 269000000, "ebitda": 377000000, "ebitdaratio": 0.0756724207, "operatingIncome": 376000000, "operatingIncomeRatio": 0.0754716981, "totalOtherIncomeExpensesNet": -167000000, "incomeBeforeTax": 209000000, "incomeBeforeTaxRatio": 0.0419510237, "incomeTaxExpense": 81000000, "netIncome": 128000000, "netIncomeRatio": 0.025692493, "eps": 0.45, "epsdiluted": 0.4, "weightedAverageShsOut": 282317000, "weightedAverageShsOutDil": 344129000, "link": "https://www.sec.gov/Archives/edgar/data/1158463/000115846313000010/0001158463-13-000010-index.htm", "finalLink": "https://www.sec.gov/Archives/edgar/data/1158463/000115846313000010/a201210-k.htm", "calculatedOtherExpenses": 549000000, "calculatedOperatingExpenses": 753000000, "calculatedNetInterest": -167000000, "calculatedOtherIncome": 0, "calculatedIncomeNonControlling": 0, "calculatedEbitda": 645000000}, {"date": "2011-12-31", "symbol": "JBLU", "reportedCurrency": "USD", "cik": "0001158463", "fillingDate": "2012-02-28", "acceptedDate": "2012-02-28 12:45:50", "calendarYear": "2011", "period": "FY", "revenue": 4504000000, "costOfRevenue": 2271000000, "grossProfit": 2233000000, "grossProfitRatio": 0.4957815275, "researchAndDevelopmentExpenses": 0, "generalAndAdministrativeExpenses": 947000000, "sellingAndMarketingExpenses": 199000000, "sellingGeneralAndAdministrativeExpenses": 1146000000, "otherExpenses": 992000000, "operatingExpenses": 1911000000, "costAndExpenses": 4182000000, "interestIncome": 0, "interestExpense": 174000000, "depreciationAndAmortization": 233000000, "ebitda": 555000000, "ebitdaratio": 0.1232238011, "operatingIncome": 322000000, "operatingIncomeRatio": 0.0714920071, "totalOtherIncomeExpensesNet": -3000000, "incomeBeforeTax": 145000000, "incomeBeforeTaxRatio": 0.0321936057, "incomeTaxExpense": 59000000, "netIncome": 86000000, "netIncomeRatio": 0.0190941385, "eps": 0.31, "epsdiluted": 0.28, "weightedAverageShsOut": 278689000, "weightedAverageShsOutDil": 346468000, "link": "https://www.sec.gov/Archives/edgar/data/1158463/000119312512084229/0001193125-12-084229-index.htm", "finalLink": "https://www.sec.gov/Archives/edgar/data/1158463/000119312512084229/d273260d10k.htm", "calculatedOtherExpenses": 765000000, "calculatedOperatingExpenses": 1911000000, "calculatedNetInterest": -174000000, "calculatedOtherIncome": -3000000, "calculatedIncomeNonControlling": 0, "calculatedEbitda": 555000000}, {"date": "2010-12-31", "symbol": "JBLU", "reportedCurrency": "USD", "cik": "0001158463", "fillingDate": "2011-02-25", "acceptedDate": "2011-02-25 06:22:46", "calendarYear": "2010", "period": "FY", "revenue": 3779000000, "costOfRevenue": 933000000, "grossProfit": 2846000000, "grossProfitRatio": 0.7531092882, "researchAndDevelopmentExpenses": 0, "generalAndAdministrativeExpenses": 891000000, "sellingAndMarketingExpenses": 179000000, "sellingGeneralAndAdministrativeExpenses": 1070000000, "otherExpenses": 735000000, "operatingExpenses": 1805000000, "costAndExpenses": 2738000000, "interestIncome": 4000000, "interestExpense": 176000000, "depreciationAndAmortization": 220000000, "ebitda": 557000000, "ebitdaratio": 0.1473934903, "operatingIncome": 333000000, "operatingIncomeRatio": 0.0881185499, "totalOtherIncomeExpensesNet": -172000000, "incomeBeforeTax": 161000000, "incomeBeforeTaxRatio": 0.0426038635, "incomeTaxExpense": 64000000, "netIncome": 97000000, "netIncomeRatio": 0.0256681662, "eps": 0.36, "epsdiluted": 0.31, "weightedAverageShsOut": 275364000, "weightedAverageShsOutDil": 346580000, "link": "https://www.sec.gov/Archives/edgar/data/1158463/000095012311018216/0000950123-11-018216-index.htm", "finalLink": "https://www.sec.gov/Archives/edgar/data/1158463/000095012311018216/y04224e10vk.htm", "calculatedOtherExpenses": 1443000000, "calculatedOperatingExpenses": 2513000000, "calculatedNetInterest": -172000000, "calculatedOtherIncome": 0, "calculatedIncomeNonControlling": 0, "calculatedEbitda": 553000000}, {"date": "2009-12-31", "symbol": "JBLU", "reportedCurrency": "USD", "cik": "0001158463", "fillingDate": "2010-02-05", "acceptedDate": "2010-02-05 17:30:06", "calendarYear": "2009", "period": "FY", "revenue": 3286000000, "costOfRevenue": 755000000, "grossProfit": 2531000000, "grossProfitRatio": 0.7702373707, "researchAndDevelopmentExpenses": 0, "generalAndAdministrativeExpenses": 776000000, "sellingAndMarketingExpenses": 151000000, "sellingGeneralAndAdministrativeExpenses": 927000000, "otherExpenses": 647000000, "operatingExpenses": 1574000000, "costAndExpenses": 2329000000, "interestIncome": 10000000, "interestExpense": 197000000, "depreciationAndAmortization": 228000000, "ebitda": 517000000, "ebitdaratio": 0.1573341449, "operatingIncome": 279000000, "operatingIncomeRatio": 0.0849056604, "totalOtherIncomeExpensesNet": 7000000, "incomeBeforeTax": 99000000, "incomeBeforeTaxRatio": 0.030127815, "incomeTaxExpense": 41000000, "netIncome": 58000000, "netIncomeRatio": 0.0176506391, "eps": 0.22, "epsdiluted": 0.2, "weightedAverageShsOut": 260486000, "weightedAverageShsOutDil": 332063000, "link": "https://www.sec.gov/Archives/edgar/data/1158463/000095012310009322/0000950123-10-009322-index.htm", "finalLink": "https://www.sec.gov/Archives/edgar/data/1158463/000095012310009322/y02987e10vk.htm", "calculatedOtherExpenses": 1325000000, "calculatedOperatingExpenses": 2252000000, "calculatedNetInterest": -187000000, "calculatedOtherIncome": 7000000, "calculatedIncomeNonControlling": 0, "calculatedEbitda": 507000000}, {"date": "2008-12-31", "symbol": "JBLU", "reportedCurrency": "USD", "cik": "0001158463", "fillingDate": "2009-02-13", "acceptedDate": "2009-02-13 17:23:05", "calendarYear": "2008", "period": "FY", "revenue": 3388000000, "costOfRevenue": 1151000000, "grossProfit": 2237000000, "grossProfitRatio": 0.6602715466, "researchAndDevelopmentExpenses": 0, "generalAndAdministrativeExpenses": -329000000, "sellingAndMarketingExpenses": 151000000, "sellingGeneralAndAdministrativeExpenses": -178000000, "otherExpenses": 627000000, "operatingExpenses": 2950000000, "costAndExpenses": 2950000000, "interestIncome": 1000000, "interestExpense": 232000000, "depreciationAndAmortization": 205000000, "ebitda": 361000000, "ebitdaratio": 0.1065525384, "operatingIncome": 109000000, "operatingIncomeRatio": 0.0321723731, "totalOtherIncomeExpensesNet": 46000000, "incomeBeforeTax": -76000000, "incomeBeforeTaxRatio": -0.0224321133, "incomeTaxExpense": 278000000, "netIncome": -76000000, "netIncomeRatio": -0.0224321133, "eps": -0.33, "epsdiluted": -0.33, "weightedAverageShsOut": 228390000, "weightedAverageShsOutDil": 228390000, "link": "https://www.sec.gov/Archives/edgar/data/1158463/000095012309002805/0000950123-09-002805-index.htm", "finalLink": "https://www.sec.gov/Archives/edgar/data/1158463/000095012309002805/y01094e10vk.htm", "calculatedOtherExpenses": 2306000000, "calculatedOperatingExpenses": 2128000000, "calculatedNetInterest": -231000000, "calculatedOtherIncome": 46000000, "calculatedIncomeNonControlling": -278000000, "calculatedEbitda": 314000000}, {"date": "2007-12-31", "symbol": "JBLU", "reportedCurrency": "USD", "cik": "0001158463", "fillingDate": "2008-02-21", "acceptedDate": "2008-02-21 15:58:01", "calendarYear": "2007", "period": "FY", "revenue": 2842000000, "costOfRevenue": 2032000000, "grossProfit": 810000000, "grossProfitRatio": 0.2850105559, "researchAndDevelopmentExpenses": 0, "generalAndAdministrativeExpenses": 484000000, "sellingAndMarketingExpenses": 121000000, "sellingGeneralAndAdministrativeExpenses": 605000000, "otherExpenses": 2372000000, "operatingExpenses": 2977000000, "costAndExpenses": 5009000000, "interestIncome": 0, "interestExpense": -225000000, "depreciationAndAmortization": 180000000, "ebitda": -2030000000, "ebitdaratio": -0.7142857143, "operatingIncome": 169000000, "operatingIncomeRatio": 0.0594651654, "totalOtherIncomeExpensesNet": 43000000, "incomeBeforeTax": 41000000, "incomeBeforeTaxRatio": 0.0144264602, "incomeTaxExpense": 23000000, "netIncome": 18000000, "netIncomeRatio": 0.0063335679, "eps": 0.1, "epsdiluted": 0.1, "weightedAverageShsOut": 179766000, "weightedAverageShsOutDil": 184260000, "link": "https://www.sec.gov/Archives/edgar/data/1158463/000095013608000821/0000950136-08-000821-index.htm", "finalLink": "https://www.sec.gov/Archives/edgar/data/1158463/000095013608000821/file1.htm", "calculatedOtherExpenses": 36000000, "calculatedOperatingExpenses": 641000000, "calculatedNetInterest": 225000000, "calculatedOtherIncome": -353000000, "calculatedIncomeNonControlling": 0, "calculatedEbitda": 349000000}, {"date": "2006-12-31", "symbol": "JBLU", "reportedCurrency": "USD", "cik": "0001158463", "fillingDate": "2007-02-14", "acceptedDate": "2007-02-14 15:53:24", "calendarYear": "2006", "period": "FY", "revenue": 2363000000, "costOfRevenue": 1689000000, "grossProfit": 674000000, "grossProfitRatio": 0.285230639, "researchAndDevelopmentExpenses": 0, "generalAndAdministrativeExpenses": 419000000, "sellingAndMarketingExpenses": 104000000, "sellingGeneralAndAdministrativeExpenses": 523000000, "otherExpenses": 1974000000, "operatingExpenses": 2497000000, "costAndExpenses": 4186000000, "interestIncome": 0, "interestExpense": -173000000, "depreciationAndAmortization": 154000000, "ebitda": -1696000000, "ebitdaratio": -0.717731697, "operatingIncome": 127000000, "operatingIncomeRatio": 0.0537452391, "totalOtherIncomeExpensesNet": 27000000, "incomeBeforeTax": 9000000, "incomeBeforeTaxRatio": 0.0038087177, "incomeTaxExpense": 10000000, "netIncome": -1000000, "netIncomeRatio": -0.0004231909, "eps": -0.0061, "epsdiluted": -0.0061, "weightedAverageShsOut": 163636364, "weightedAverageShsOutDil": 163636364, "link": "https://www.sec.gov/Archives/edgar/data/1158463/000095013607000901/0000950136-07-000901-index.htm", "finalLink": "https://www.sec.gov/Archives/edgar/data/1158463/000095013607000901/file1.htm", "calculatedOtherExpenses": 24000000, "calculatedOperatingExpenses": 547000000, "calculatedNetInterest": 173000000, "calculatedOtherIncome": -291000000, "calculatedIncomeNonControlling": 0, "calculatedEbitda": 281000000}, {"date": "2005-12-31", "symbol": "JBLU", "reportedCurrency": "USD", "cik": "0001158463", "fillingDate": "2006-02-14", "acceptedDate": "2006-02-14 17:17:29", "calendarYear": "2005", "period": "FY", "revenue": 1701000000, "costOfRevenue": 1215000000, "grossProfit": 486000000, "grossProfitRatio": 0.2857142857, "researchAndDevelopmentExpenses": 0, "generalAndAdministrativeExpenses": 298000000, "sellingAndMarketingExpenses": 81000000, "sellingGeneralAndAdministrativeExpenses": 379000000, "otherExpenses": 1460000000, "operatingExpenses": 1839000000, "costAndExpenses": 3054000000, "interestIncome": 0, "interestExpense": -107000000, "depreciationAndAmortization": 117000000, "ebitda": -1252000000, "ebitdaratio": -0.7360376249, "operatingIncome": 48000000, "operatingIncomeRatio": 0.0282186949, "totalOtherIncomeExpensesNet": 16000000, "incomeBeforeTax": -24000000, "incomeBeforeTaxRatio": -0.0141093474, "incomeTaxExpense": -4000000, "netIncome": -20000000, "netIncomeRatio": -0.0117577895, "eps": -0.13, "epsdiluted": -0.13, "weightedAverageShsOut": 153846154, "weightedAverageShsOutDil": 153846154, "link": "https://www.sec.gov/Archives/edgar/data/1158463/000095013606001033/0000950136-06-001033-index.htm", "finalLink": "https://www.sec.gov/Archives/edgar/data/1158463/000095013606001033/file001.htm", "calculatedOtherExpenses": 59000000, "calculatedOperatingExpenses": 438000000, "calculatedNetInterest": 107000000, "calculatedOtherIncome": -179000000, "calculatedIncomeNonControlling": 0, "calculatedEbitda": 165000000}, {"date": "2004-12-31", "symbol": "JBLU", "reportedCurrency": "USD", "cik": "0001158463", "fillingDate": "2005-02-14", "acceptedDate": "2005-02-14 16:57:35", "calendarYear": "2004", "period": "FY", "revenue": 1265972000, "costOfRevenue": 837570000, "grossProfit": 428402000, "grossProfitRatio": 0.3383976897, "researchAndDevelopmentExpenses": 0, "generalAndAdministrativeExpenses": 252578000, "sellingAndMarketingExpenses": 63198000, "sellingGeneralAndAdministrativeExpenses": 315776000, "otherExpenses": 998650000, "operatingExpenses": 1314426000, "costAndExpenses": 2151996000, "interestIncome": 0, "interestExpense": -53478000, "depreciationAndAmortization": 77420000, "ebitda": -817478000, "ebitdaratio": -0.6457315012, "operatingIncome": 112943000, "operatingIncomeRatio": 0.0892144534, "totalOtherIncomeExpensesNet": 8874000, "incomeBeforeTax": 76822000, "incomeBeforeTaxRatio": 0.0606822268, "incomeTaxExpense": 29355000, "netIncome": 47467000, "netIncomeRatio": 0.0374945101, "eps": 0.3, "epsdiluted": 0.28, "weightedAverageShsOut": 153333333, "weightedAverageShsOutDil": 164285714, "link": "https://www.sec.gov/Archives/edgar/data/1158463/000104746905003748/0001047469-05-003748-index.htm", "finalLink": "https://www.sec.gov/Archives/edgar/data/1158463/000104746905003748/a2151224z10-k.htm", "calculatedOtherExpenses": -317000, "calculatedOperatingExpenses": 315459000, "calculatedNetInterest": 53478000, "calculatedOtherIncome": -89599000, "calculatedIncomeNonControlling": 0, "calculatedEbitda": 190363000}, {"date": "2003-12-31", "symbol": "JBLU", "reportedCurrency": "USD", "cik": "0001158463", "fillingDate": "2004-02-11", "acceptedDate": "2004-02-11 17:17:35", "calendarYear": "2003", "period": "FY", "revenue": 998351000, "costOfRevenue": 586854000, "grossProfit": 411497000, "grossProfitRatio": 0.4121766793, "researchAndDevelopmentExpenses": 0, "generalAndAdministrativeExpenses": 197345000, "sellingAndMarketingExpenses": 53587000, "sellingGeneralAndAdministrativeExpenses": 250932000, "otherExpenses": 707240000, "operatingExpenses": 958172000, "costAndExpenses": 1545026000, "interestIncome": 0, "interestExpense": -28897000, "depreciationAndAmortization": 50865000, "ebitda": -523774000, "ebitdaratio": -0.5246391299, "operatingIncome": 168833000, "operatingIncomeRatio": 0.1691118655, "totalOtherIncomeExpensesNet": 27964000, "incomeBeforeTax": 175439000, "incomeBeforeTaxRatio": 0.1757287768, "incomeTaxExpense": 71541000, "netIncome": 103898000, "netIncomeRatio": 0.1040696108, "eps": 0.71, "epsdiluted": 0.64, "weightedAverageShsOut": 145070423, "weightedAverageShsOutDil": 160937500, "link": "https://www.sec.gov/Archives/edgar/data/1158463/000104746904004064/0001047469-04-004064-index.htm", "finalLink": "https://www.sec.gov/Archives/edgar/data/1158463/000104746904004064/a2128367z10-k.htm", "calculatedOtherExpenses": -8268000, "calculatedOperatingExpenses": 242664000, "calculatedNetInterest": 28897000, "calculatedOtherIncome": -22291000, "calculatedIncomeNonControlling": 0, "calculatedEbitda": 219698000}, {"date": "2002-12-31", "symbol": "JBLU", "reportedCurrency": "USD", "cik": "0001158463", "fillingDate": "2003-02-18", "acceptedDate": "2003-02-18 16:41:10", "calendarYear": "2002", "period": "FY", "revenue": 635191000, "costOfRevenue": 381472000, "grossProfit": 253719000, "grossProfitRatio": 0.3994373346, "researchAndDevelopmentExpenses": 0, "generalAndAdministrativeExpenses": 84262000, "sellingAndMarketingExpenses": 44345000, "sellingGeneralAndAdministrativeExpenses": 128607000, "otherExpenses": 486323000, "operatingExpenses": 614930000, "costAndExpenses": 996402000, "interestIncome": 0, "interestExpense": -21009000, "depreciationAndAmortization": 26922000, "ebitda": -340021000, "ebitdaratio": -0.5353051287, "operatingIncome": 104987000, "operatingIncomeRatio": 0.1652841429, "totalOtherIncomeExpensesNet": 5732000, "incomeBeforeTax": 95024000, "incomeBeforeTaxRatio": 0.149599097, "incomeTaxExpense": 40116000, "netIncome": 54908000, "netIncomeRatio": 0.0864432903, "eps": 0.49, "epsdiluted": 0.37, "weightedAverageShsOut": 112244898, "weightedAverageShsOutDil": 148648649, "link": "https://www.sec.gov/Archives/edgar/data/1158463/000104746903005952/0001047469-03-005952-index.htm", "finalLink": "https://www.sec.gov/Archives/edgar/data/1158463/000104746903005952/a2102273z10-k.htm", "calculatedOtherExpenses": 20125000, "calculatedOperatingExpenses": 148732000, "calculatedNetInterest": 21009000, "calculatedOtherIncome": -30972000, "calculatedIncomeNonControlling": 0, "calculatedEbitda": 131909000}, {"date": "2001-12-31", "symbol": "JBLU", "reportedCurrency": "USD", "cik": "0001158463", "fillingDate": "2001-12-31", "acceptedDate": "2001-12-30 19:00:00", "calendarYear": "2001", "period": "FY", "revenue": 321000000, "costOfRevenue": 0, "grossProfit": 321000000, "grossProfitRatio": 1, "researchAndDevelopmentExpenses": 0, "generalAndAdministrativeExpenses": 0, "sellingAndMarketingExpenses": 28000000, "sellingGeneralAndAdministrativeExpenses": 28000000, "otherExpenses": 266000000, "operatingExpenses": 294000000, "costAndExpenses": 294000000, "interestIncome": 0, "interestExpense": 0, "depreciationAndAmortization": 10000000, "ebitda": 37000000, "ebitdaratio": 0.1152647975, "operatingIncome": 27000000, "operatingIncomeRatio": 0.0841121495, "totalOtherIncomeExpensesNet": 15000000, "incomeBeforeTax": 42000000, "incomeBeforeTaxRatio": 0.1308411215, "incomeTaxExpense": -3000000, "netIncome": 39000000, "netIncomeRatio": 0.1214953271, "eps": 2.93, "epsdiluted": 0.34, "weightedAverageShsOut": 13310580, "weightedAverageShsOutDil": 114705882, "link": "", "finalLink": "", "calculatedOtherExpenses": 266000000, "calculatedOperatingExpenses": 294000000, "calculatedNetInterest": 0, "calculatedOtherIncome": 15000000, "calculatedIncomeNonControlling": 6000000, "calculatedEbitda": 37000000}, {"date": "2000-12-31", "symbol": "JBLU", "reportedCurrency": "USD", "cik": "0001158463", "fillingDate": "2000-12-31", "acceptedDate": "2000-12-30 19:00:00", "calendarYear": "2000", "period": "FY", "revenue": 104618000, "costOfRevenue": 0, "grossProfit": 104618000, "grossProfitRatio": 1, "researchAndDevelopmentExpenses": 0, "generalAndAdministrativeExpenses": 11112000, "sellingAndMarketingExpenses": 16978000, "sellingGeneralAndAdministrativeExpenses": 28090000, "otherExpenses": 97716000, "operatingExpenses": 125806000, "costAndExpenses": 125806000, "interestIncome": 0, "interestExpense": 0, "depreciationAndAmortization": 3995000, "ebitda": -16812000, "ebitdaratio": -0.1606989237, "operatingIncome": -21188000, "operatingIncomeRatio": -0.2025272898, "totalOtherIncomeExpensesNet": -381000, "incomeBeforeTax": -21569000, "incomeBeforeTaxRatio": -0.2061691105, "incomeTaxExpense": 142000, "netIncome": -21330000, "netIncomeRatio": -0.2038846088, "eps": -7.9, "epsdiluted": -7.9, "weightedAverageShsOut": 2700000, "weightedAverageShsOutDil": 2700000, "link": "", "finalLink": "", "calculatedOtherExpenses": 97716000, "calculatedOperatingExpenses": 125806000, "calculatedNetInterest": 0, "calculatedOtherIncome": -381000, "calculatedIncomeNonControlling": -381000, "calculatedEbitda": -17193000}, {"date": "1999-12-31", "symbol": "JBLU", "reportedCurrency": "USD", "cik": "0001158463", "fillingDate": "1999-12-31", "acceptedDate": "1999-12-30 19:00:00", "calendarYear": "1999", "period": "FY", "revenue": 0, "costOfRevenue": 0, "grossProfit": 0, "grossProfitRatio": 0, "researchAndDevelopmentExpenses": 0, "generalAndAdministrativeExpenses": 447000, "sellingAndMarketingExpenses": 887000, "sellingGeneralAndAdministrativeExpenses": 1334000, "otherExpenses": 12882000, "operatingExpenses": 14216000, "costAndExpenses": 14216000, "interestIncome": 0, "interestExpense": 0, "depreciationAndAmortization": 111000, "ebitda": -14105000, "ebitdaratio": 0, "operatingIncome": -14216000, "operatingIncomeRatio": 0, "totalOtherIncomeExpensesNet": 685000, "incomeBeforeTax": -13531000, "incomeBeforeTaxRatio": 0, "incomeTaxExpense": 233000, "netIncome": -13764000, "netIncomeRatio": 0, "eps": -10.91, "epsdiluted": -10.91, "weightedAverageShsOut": 1261980, "weightedAverageShsOutDil": 1261980, "link": "", "finalLink": "", "calculatedOtherExpenses": 12882000, "calculatedOperatingExpenses": 14216000, "calculatedNetInterest": 0, "calculatedOtherIncome": 685000, "calculatedIncomeNonControlling": 0, "calculatedEbitda": -14105000}]}