{"originalCurrency": "USD", "convertedCurrency": "USD", "report": [{"date": "2023-12-31", "symbol": "JBT", "reportedCurrency": "USD", "cik": "0001433660", "fillingDate": "2024-02-23", "acceptedDate": "2024-02-23 15:04:05", "calendarYear": "2023", "period": "FY", "revenue": 1664400000, "costOfRevenue": 1078700000, "grossProfit": 585700000, "grossProfitRatio": 0.3518985821, "researchAndDevelopmentExpenses": 20500000, "generalAndAdministrativeExpenses": 410300000, "sellingAndMarketingExpenses": 0, "sellingGeneralAndAdministrativeExpenses": 410300000, "otherExpenses": 0, "operatingExpenses": 410300000, "costAndExpenses": 1489000000, "interestIncome": 13400000, "interestExpense": 24300000, "depreciationAndAmortization": 91300000, "ebitda": 280100000, "ebitdaratio": 0.1682888729, "operatingIncome": 164700000, "operatingIncomeRatio": 0.0989545782, "totalOtherIncomeExpensesNet": -11400000, "incomeBeforeTax": 153100000, "incomeBeforeTaxRatio": 0.0919850997, "incomeTaxExpense": 23500000, "netIncome": 582600000, "netIncomeRatio": 0.350036049, "eps": 18.21, "epsdiluted": 18.15, "weightedAverageShsOut": 32000000, "weightedAverageShsOutDil": 32100000, "link": "https://www.sec.gov/Archives/edgar/data/1433660/000143366024000008/0001433660-24-000008-index.htm", "finalLink": "https://www.sec.gov/Archives/edgar/data/1433660/000143366024000008/jbt-20231231.htm", "calculatedOtherExpenses": -9800000, "calculatedOperatingExpenses": 421000000, "calculatedNetInterest": -10900000, "calculatedOtherIncome": -700000, "calculatedIncomeNonControlling": -453000000, "calculatedEbitda": 256000000}, {"date": "2022-12-31", "symbol": "JBT", "reportedCurrency": "USD", "cik": "0001433660", "fillingDate": "2023-02-23", "acceptedDate": "2023-02-23 13:42:31", "calendarYear": "2022", "period": "FY", "revenue": 2166000000, "costOfRevenue": 1548700000, "grossProfit": 617300000, "grossProfitRatio": 0.2849953832, "researchAndDevelopmentExpenses": 29400000, "generalAndAdministrativeExpenses": 441900000, "sellingAndMarketingExpenses": 0, "sellingGeneralAndAdministrativeExpenses": 441900000, "otherExpenses": 0, "operatingExpenses": 441900000, "costAndExpenses": 1990600000, "interestIncome": 14200000, "interestExpense": 14200000, "depreciationAndAmortization": 88100000, "ebitda": 256500000, "ebitdaratio": 0.1184210526, "operatingIncome": 168400000, "operatingIncomeRatio": 0.0777469991, "totalOtherIncomeExpensesNet": -14200000, "incomeBeforeTax": 154200000, "incomeBeforeTaxRatio": 0.0711911357, "incomeTaxExpense": 23500000, "netIncome": 137400000, "netIncomeRatio": 0.063434903, "eps": 4.29, "epsdiluted": 4.28, "weightedAverageShsOut": 32000000, "weightedAverageShsOutDil": 32100000, "link": "https://www.sec.gov/Archives/edgar/data/1433660/000143366023000007/0001433660-23-000007-index.htm", "finalLink": "https://www.sec.gov/Archives/edgar/data/1433660/000143366023000007/jbt-20221231.htm", "calculatedOtherExpenses": -22400000, "calculatedOperatingExpenses": 448900000, "calculatedNetInterest": 0, "calculatedOtherIncome": -14200000, "calculatedIncomeNonControlling": -6700000, "calculatedEbitda": 256500000}, {"date": "2021-12-31", "symbol": "JBT", "reportedCurrency": "USD", "cik": "0001433660", "fillingDate": "2022-02-24", "acceptedDate": "2022-02-24 16:24:18", "calendarYear": "2021", "period": "FY", "revenue": 1868300000, "costOfRevenue": 1301500000, "grossProfit": 566800000, "grossProfitRatio": 0.3033774019, "researchAndDevelopmentExpenses": 29900000, "generalAndAdministrativeExpenses": 399800000, "sellingAndMarketingExpenses": 1300000, "sellingGeneralAndAdministrativeExpenses": 401100000, "otherExpenses": 1300000, "operatingExpenses": 401100000, "costAndExpenses": 1702600000, "interestIncome": 8700000, "interestExpense": 8700000, "depreciationAndAmortization": 83700000, "ebitda": 243800000, "ebitdaratio": 0.1304929615, "operatingIncome": 160100000, "operatingIncomeRatio": 0.0856928759, "totalOtherIncomeExpensesNet": -7400000, "incomeBeforeTax": 152700000, "incomeBeforeTaxRatio": 0.0817320559, "incomeTaxExpense": 34300000, "netIncome": 119100000, "netIncomeRatio": 0.0637477921, "eps": 3.7, "epsdiluted": 3.69, "weightedAverageShsOut": 32000000, "weightedAverageShsOutDil": 32100000, "link": "https://www.sec.gov/Archives/edgar/data/1433660/000143366022000006/0001433660-22-000006-index.htm", "finalLink": "https://www.sec.gov/Archives/edgar/data/1433660/000143366022000006/jbt-20211231.htm", "calculatedOtherExpenses": -24300000, "calculatedOperatingExpenses": 406700000, "calculatedNetInterest": 0, "calculatedOtherIncome": -7400000, "calculatedIncomeNonControlling": -700000, "calculatedEbitda": 243800000}, {"date": "2020-12-31", "symbol": "JBT", "reportedCurrency": "USD", "cik": "0001433660", "fillingDate": "2021-02-25", "acceptedDate": "2021-02-25 17:00:18", "calendarYear": "2020", "period": "FY", "revenue": 1727800000, "costOfRevenue": 1194100000, "grossProfit": 533700000, "grossProfitRatio": 0.3088899178, "researchAndDevelopmentExpenses": 29300000, "generalAndAdministrativeExpenses": 358500000, "sellingAndMarketingExpenses": 0, "sellingGeneralAndAdministrativeExpenses": 358500000, "otherExpenses": -3700000, "operatingExpenses": 358500000, "costAndExpenses": 1552600000, "interestIncome": 13900000, "interestExpense": 13900000, "depreciationAndAmortization": 80200000, "ebitda": 243300000, "ebitdaratio": 0.1408149091, "operatingIncome": 163100000, "operatingIncomeRatio": 0.0943974997, "totalOtherIncomeExpensesNet": -17600000, "incomeBeforeTax": 145500000, "incomeBeforeTaxRatio": 0.0842111355, "incomeTaxExpense": 36700000, "netIncome": 108800000, "netIncomeRatio": 0.0629702512, "eps": 3.4, "epsdiluted": 3.39, "weightedAverageShsOut": 32000000, "weightedAverageShsOutDil": 32100000, "link": "https://www.sec.gov/Archives/edgar/data/1433660/000143366021000010/0001433660-21-000010-index.htm", "finalLink": "https://www.sec.gov/Archives/edgar/data/1433660/000143366021000010/jbt-20201231.htm", "calculatedOtherExpenses": -17200000, "calculatedOperatingExpenses": 370600000, "calculatedNetInterest": 0, "calculatedOtherIncome": -17600000, "calculatedIncomeNonControlling": 0, "calculatedEbitda": 243300000}, {"date": "2019-12-31", "symbol": "JBT", "reportedCurrency": "USD", "cik": "0001433660", "fillingDate": "2020-03-02", "acceptedDate": "2020-03-02 10:09:18", "calendarYear": "2019", "period": "FY", "revenue": 1945700000, "costOfRevenue": 1347600000, "grossProfit": 598100000, "grossProfitRatio": 0.3073957959, "researchAndDevelopmentExpenses": 28500000, "generalAndAdministrativeExpenses": 396400000, "sellingAndMarketingExpenses": 0, "sellingGeneralAndAdministrativeExpenses": 396400000, "otherExpenses": -2500000, "operatingExpenses": 396400000, "costAndExpenses": 1744000000, "interestIncome": 18800000, "interestExpense": 18800000, "depreciationAndAmortization": 76600000, "ebitda": 264800000, "ebitdaratio": 0.1360949787, "operatingIncome": 188200000, "operatingIncomeRatio": 0.096726114, "totalOtherIncomeExpensesNet": -21300000, "incomeBeforeTax": 166900000, "incomeBeforeTaxRatio": 0.0857788971, "incomeTaxExpense": 37600000, "netIncome": 129000000, "netIncomeRatio": 0.0663000463, "eps": 4.04, "epsdiluted": 4.03, "weightedAverageShsOut": 31900000, "weightedAverageShsOutDil": 32000000, "link": "https://www.sec.gov/Archives/edgar/data/1433660/000143366020000008/0001433660-20-000008-index.htm", "finalLink": "https://www.sec.gov/Archives/edgar/data/1433660/000143366020000008/a123119-jbt10xk.htm", "calculatedOtherExpenses": -15000000, "calculatedOperatingExpenses": 409900000, "calculatedNetInterest": 0, "calculatedOtherIncome": -21300000, "calculatedIncomeNonControlling": 300000, "calculatedEbitda": 264800000}, {"date": "2018-12-31", "symbol": "JBT", "reportedCurrency": "USD", "cik": "0001433660", "fillingDate": "2019-02-28", "acceptedDate": "2019-02-28 16:21:58", "calendarYear": "2018", "period": "FY", "revenue": 1919700000, "costOfRevenue": 1382100000, "grossProfit": 537600000, "grossProfitRatio": 0.2800437568, "researchAndDevelopmentExpenses": 0, "generalAndAdministrativeExpenses": 346800000, "sellingAndMarketingExpenses": 0, "sellingGeneralAndAdministrativeExpenses": 346800000, "otherExpenses": -900000, "operatingExpenses": 346800000, "costAndExpenses": 1728900000, "interestIncome": 0, "interestExpense": 13900000, "depreciationAndAmortization": 57700000, "ebitda": 247600000, "ebitdaratio": 0.1289784862, "operatingIncome": 143800000, "operatingIncomeRatio": 0.0749075376, "totalOtherIncomeExpensesNet": -47900000, "incomeBeforeTax": 129000000, "incomeBeforeTaxRatio": 0.0671979997, "incomeTaxExpense": 24600000, "netIncome": 104100000, "netIncomeRatio": 0.054227223, "eps": 3.26, "epsdiluted": 3.23, "weightedAverageShsOut": 31900000, "weightedAverageShsOutDil": 32200000, "link": "https://www.sec.gov/Archives/edgar/data/1433660/000143366019000006/0001433660-19-000006-index.htm", "finalLink": "https://www.sec.gov/Archives/edgar/data/1433660/000143366019000006/a123118-jbt10xk.htm", "calculatedOtherExpenses": 47000000, "calculatedOperatingExpenses": 393800000, "calculatedNetInterest": -13900000, "calculatedOtherIncome": -900000, "calculatedIncomeNonControlling": 300000, "calculatedEbitda": 201500000}, {"date": "2017-12-31", "symbol": "JBT", "reportedCurrency": "USD", "cik": "0001433660", "fillingDate": "2018-02-28", "acceptedDate": "2018-02-28 15:56:27", "calendarYear": "2017", "period": "FY", "revenue": 1635100000, "costOfRevenue": 1164400000, "grossProfit": 470700000, "grossProfitRatio": 0.2878723014, "researchAndDevelopmentExpenses": 28700000, "generalAndAdministrativeExpenses": 294400000, "sellingAndMarketingExpenses": 0, "sellingGeneralAndAdministrativeExpenses": 294400000, "otherExpenses": 100000, "operatingExpenses": 323200000, "costAndExpenses": 1487600000, "interestIncome": 700000, "interestExpense": 13600000, "depreciationAndAmortization": 51700000, "ebitda": 199200000, "ebitdaratio": 0.1218274112, "operatingIncome": 145800000, "operatingIncomeRatio": 0.0891688582, "totalOtherIncomeExpensesNet": -1700000, "incomeBeforeTax": 132200000, "incomeBeforeTaxRatio": 0.0808513241, "incomeTaxExpense": 50100000, "netIncome": 80500000, "netIncomeRatio": 0.0492324628, "eps": 2.56, "epsdiluted": 2.53, "weightedAverageShsOut": 31400000, "weightedAverageShsOutDil": 31900000, "link": "https://www.sec.gov/Archives/edgar/data/1433660/000143366018000004/0001433660-18-000004-index.htm", "finalLink": "https://www.sec.gov/Archives/edgar/data/1433660/000143366018000004/a123117-jbt10xk.htm", "calculatedOtherExpenses": 1800000, "calculatedOperatingExpenses": 324900000, "calculatedNetInterest": -12900000, "calculatedOtherIncome": -700000, "calculatedIncomeNonControlling": 1600000, "calculatedEbitda": 197500000}, {"date": "2016-12-31", "symbol": "JBT", "reportedCurrency": "USD", "cik": "0001433660", "fillingDate": "2017-02-28", "acceptedDate": "2017-02-28 17:00:48", "calendarYear": "2016", "period": "FY", "revenue": 1350500000, "costOfRevenue": 969800000, "grossProfit": 380700000, "grossProfitRatio": 0.2818955942, "researchAndDevelopmentExpenses": 23600000, "generalAndAdministrativeExpenses": 236700000, "sellingAndMarketingExpenses": 0, "sellingGeneralAndAdministrativeExpenses": 236700000, "otherExpenses": 4700000, "operatingExpenses": 265000000, "costAndExpenses": 1234800000, "interestIncome": 1600000, "interestExpense": 9400000, "depreciationAndAmortization": 38500000, "ebitda": 154200000, "ebitdaratio": 0.1141799334, "operatingIncome": 103400000, "operatingIncomeRatio": 0.0765642355, "totalOtherIncomeExpensesNet": -12300000, "incomeBeforeTax": 94000000, "incomeBeforeTaxRatio": 0.0696038504, "incomeTaxExpense": 26000000, "netIncome": 67600000, "netIncomeRatio": 0.050055535, "eps": 2.3, "epsdiluted": 2.27, "weightedAverageShsOut": 29400000, "weightedAverageShsOutDil": 29800000, "link": "https://www.sec.gov/Archives/edgar/data/1433660/000143366017000007/0001433660-17-000007-index.htm", "finalLink": "https://www.sec.gov/Archives/edgar/data/1433660/000143366017000007/a123116-jbt10xk.htm", "calculatedOtherExpenses": 17000000, "calculatedOperatingExpenses": 277300000, "calculatedNetInterest": -7800000, "calculatedOtherIncome": -1600000, "calculatedIncomeNonControlling": 400000, "calculatedEbitda": 141900000}, {"date": "2015-12-31", "symbol": "JBT", "reportedCurrency": "USD", "cik": "0001433660", "fillingDate": "2016-02-29", "acceptedDate": "2016-02-29 17:45:29", "calendarYear": "2015", "period": "FY", "revenue": 1107300000, "costOfRevenue": 790400000, "grossProfit": 316900000, "grossProfitRatio": 0.2861916373, "researchAndDevelopmentExpenses": 18200000, "generalAndAdministrativeExpenses": 207000000, "sellingAndMarketingExpenses": 0, "sellingGeneralAndAdministrativeExpenses": 207000000, "otherExpenses": 2700000, "operatingExpenses": 227900000, "costAndExpenses": 1018300000, "interestIncome": 1100000, "interestExpense": 6800000, "depreciationAndAmortization": 29600000, "ebitda": 118600000, "ebitdaratio": 0.1071073783, "operatingIncome": 89000000, "operatingIncomeRatio": 0.0803756886, "totalOtherIncomeExpensesNet": -6800000, "incomeBeforeTax": 82200000, "incomeBeforeTaxRatio": 0.0742346248, "incomeTaxExpense": 26200000, "netIncome": 55900000, "netIncomeRatio": 0.0504831572, "eps": 1.89, "epsdiluted": 1.88, "weightedAverageShsOut": 29500000, "weightedAverageShsOutDil": 29800000, "link": "https://www.sec.gov/Archives/edgar/data/1433660/000162828016012004/0001628280-16-012004-index.htm", "finalLink": "https://www.sec.gov/Archives/edgar/data/1433660/000162828016012004/a123115-jbt10xk.htm", "calculatedOtherExpenses": 2700000, "calculatedOperatingExpenses": 227900000, "calculatedNetInterest": -5700000, "calculatedOtherIncome": -1100000, "calculatedIncomeNonControlling": 100000, "calculatedEbitda": 118600000}, {"date": "2014-12-31", "symbol": "JBT", "reportedCurrency": "USD", "cik": "0001433660", "fillingDate": "2015-03-02", "acceptedDate": "2015-03-02 16:59:32", "calendarYear": "2014", "period": "FY", "revenue": 984200000, "costOfRevenue": 723500000, "grossProfit": 260700000, "grossProfitRatio": 0.2648851859, "researchAndDevelopmentExpenses": 14600000, "generalAndAdministrativeExpenses": 179300000, "sellingAndMarketingExpenses": 0, "sellingGeneralAndAdministrativeExpenses": 179300000, "otherExpenses": 1600000, "operatingExpenses": 195500000, "costAndExpenses": 919000000, "interestIncome": 1600000, "interestExpense": 6000000, "depreciationAndAmortization": 25300000, "ebitda": 90500000, "ebitdaratio": 0.0919528551, "operatingIncome": 50700000, "operatingIncomeRatio": 0.0515139199, "totalOtherIncomeExpensesNet": -14500000, "incomeBeforeTax": 44700000, "incomeBeforeTaxRatio": 0.045417598, "incomeTaxExpense": 13900000, "netIncome": 30800000, "netIncomeRatio": 0.0312944523, "eps": 1.04, "epsdiluted": 1.03, "weightedAverageShsOut": 29500000, "weightedAverageShsOutDil": 29900000, "link": "https://www.sec.gov/Archives/edgar/data/1433660/000143774915003838/0001437749-15-003838-index.htm", "finalLink": "https://www.sec.gov/Archives/edgar/data/1433660/000143774915003838/jbtc20141231_10k.htm", "calculatedOtherExpenses": 16100000, "calculatedOperatingExpenses": 210000000, "calculatedNetInterest": -4400000, "calculatedOtherIncome": -1600000, "calculatedIncomeNonControlling": 0, "calculatedEbitda": 76000000}, {"date": "2013-12-31", "symbol": "JBT", "reportedCurrency": "USD", "cik": "0001433660", "fillingDate": "2014-03-07", "acceptedDate": "2014-03-06 18:56:35", "calendarYear": "2013", "period": "FY", "revenue": 934200000, "costOfRevenue": 701300000, "grossProfit": 232900000, "grossProfitRatio": 0.2493042175, "researchAndDevelopmentExpenses": 14000000, "generalAndAdministrativeExpenses": 164300000, "sellingAndMarketingExpenses": 0, "sellingGeneralAndAdministrativeExpenses": 164300000, "otherExpenses": 200000, "operatingExpenses": 178100000, "costAndExpenses": 879400000, "interestIncome": 2200000, "interestExpense": 5400000, "depreciationAndAmortization": 25000000, "ebitda": 79800000, "ebitdaratio": 0.0854206808, "operatingIncome": 53200000, "operatingIncomeRatio": 0.0569471205, "totalOtherIncomeExpensesNet": -1600000, "incomeBeforeTax": 47800000, "incomeBeforeTaxRatio": 0.0511667737, "incomeTaxExpense": 13800000, "netIncome": 33100000, "netIncomeRatio": 0.0354313851, "eps": 1.13, "epsdiluted": 1.11, "weightedAverageShsOut": 29200000, "weightedAverageShsOutDil": 29700000, "link": "https://www.sec.gov/Archives/edgar/data/1433660/000143774914003618/0001437749-14-003618-index.htm", "finalLink": "https://www.sec.gov/Archives/edgar/data/1433660/000143774914003618/jbtc20131231_10k.htm", "calculatedOtherExpenses": 1400000, "calculatedOperatingExpenses": 179700000, "calculatedNetInterest": -3200000, "calculatedOtherIncome": -2200000, "calculatedIncomeNonControlling": 900000, "calculatedEbitda": 78200000}, {"date": "2012-12-31", "symbol": "JBT", "reportedCurrency": "USD", "cik": "0001433660", "fillingDate": "2013-03-07", "acceptedDate": "2013-03-07 17:29:08", "calendarYear": "2012", "period": "FY", "revenue": 917300000, "costOfRevenue": 686500000, "grossProfit": 230800000, "grossProfitRatio": 0.2516079799, "researchAndDevelopmentExpenses": 14300000, "generalAndAdministrativeExpenses": 156600000, "sellingAndMarketingExpenses": 0, "sellingGeneralAndAdministrativeExpenses": 156600000, "otherExpenses": 1100000, "operatingExpenses": 169800000, "costAndExpenses": 856300000, "interestIncome": 0, "interestExpense": 6900000, "depreciationAndAmortization": 23600000, "ebitda": 84600000, "ebitdaratio": 0.0922271885, "operatingIncome": 60900000, "operatingIncomeRatio": 0.0663904938, "totalOtherIncomeExpensesNet": -100000, "incomeBeforeTax": 54000000, "incomeBeforeTaxRatio": 0.0588684182, "incomeTaxExpense": 16900000, "netIncome": 36200000, "netIncomeRatio": 0.0394636433, "eps": 1.24, "epsdiluted": 1.23, "weightedAverageShsOut": 29100000, "weightedAverageShsOutDil": 29500000, "link": "https://www.sec.gov/Archives/edgar/data/1433660/000143774913002494/0001437749-13-002494-index.htm", "finalLink": "https://www.sec.gov/Archives/edgar/data/1433660/000143774913002494/jbt_10k-123112.htm", "calculatedOtherExpenses": -1000000, "calculatedOperatingExpenses": 169900000, "calculatedNetInterest": -6900000, "calculatedOtherIncome": 0, "calculatedIncomeNonControlling": 900000, "calculatedEbitda": 84500000}, {"date": "2011-12-31", "symbol": "JBT", "reportedCurrency": "USD", "cik": "0001433660", "fillingDate": "2012-03-08", "acceptedDate": "2012-03-08 15:14:41", "calendarYear": "2011", "period": "FY", "revenue": 955800000, "costOfRevenue": 721200000, "grossProfit": 234600000, "grossProfitRatio": 0.2454488387, "researchAndDevelopmentExpenses": 18500000, "generalAndAdministrativeExpenses": 152900000, "sellingAndMarketingExpenses": 0, "sellingGeneralAndAdministrativeExpenses": 152900000, "otherExpenses": -1600000, "operatingExpenses": 169800000, "costAndExpenses": 891000000, "interestIncome": 0, "interestExpense": 6400000, "depreciationAndAmortization": 24100000, "ebitda": 88900000, "ebitdaratio": 0.0930110902, "operatingIncome": 53200000, "operatingIncomeRatio": 0.05566018, "totalOtherIncomeExpensesNet": -11600000, "incomeBeforeTax": 46800000, "incomeBeforeTaxRatio": 0.0489642185, "incomeTaxExpense": 16000000, "netIncome": 30500000, "netIncomeRatio": 0.0319104415, "eps": 1.06, "epsdiluted": 1.04, "weightedAverageShsOut": 28800000, "weightedAverageShsOutDil": 29300000, "link": "https://www.sec.gov/Archives/edgar/data/1433660/000143774912002106/0001437749-12-002106-index.htm", "finalLink": "https://www.sec.gov/Archives/edgar/data/1433660/000143774912002106/jbt_10k-123111.htm", "calculatedOtherExpenses": 10000000, "calculatedOperatingExpenses": 181400000, "calculatedNetInterest": -6400000, "calculatedOtherIncome": 0, "calculatedIncomeNonControlling": 300000, "calculatedEbitda": 77300000}, {"date": "2010-12-31", "symbol": "JBT", "reportedCurrency": "USD", "cik": "0001433660", "fillingDate": "2011-03-03", "acceptedDate": "2011-03-03 16:03:11", "calendarYear": "2010", "period": "FY", "revenue": 880400000, "costOfRevenue": 649500000, "grossProfit": 230900000, "grossProfitRatio": 0.2622671513, "researchAndDevelopmentExpenses": 17500000, "generalAndAdministrativeExpenses": 147800000, "sellingAndMarketingExpenses": 0, "sellingGeneralAndAdministrativeExpenses": 147800000, "otherExpenses": -1500000, "operatingExpenses": 163800000, "costAndExpenses": 813300000, "interestIncome": 0, "interestExpense": -7800000, "depreciationAndAmortization": 22900000, "ebitda": 90000000, "ebitdaratio": 0.1022262608, "operatingIncome": 67100000, "operatingIncomeRatio": 0.0762153567, "totalOtherIncomeExpensesNet": -7800000, "incomeBeforeTax": 59300000, "incomeBeforeTaxRatio": 0.0673557474, "incomeTaxExpense": 21400000, "netIncome": 37300000, "netIncomeRatio": 0.0423671059, "eps": 1.32, "epsdiluted": 1.28, "weightedAverageShsOut": 28300000, "weightedAverageShsOutDil": 29100000, "link": "https://www.sec.gov/Archives/edgar/data/1433660/000143774911001273/0001437749-11-001273-index.htm", "finalLink": "https://www.sec.gov/Archives/edgar/data/1433660/000143774911001273/jbt_10k-123110.htm", "calculatedOtherExpenses": -1500000, "calculatedOperatingExpenses": 163800000, "calculatedNetInterest": 7800000, "calculatedOtherIncome": -15600000, "calculatedIncomeNonControlling": 600000, "calculatedEbitda": 90000000}, {"date": "2009-12-31", "symbol": "JBT", "reportedCurrency": "USD", "cik": "0001433660", "fillingDate": "2010-03-04", "acceptedDate": "2010-03-03 18:06:15", "calendarYear": "2009", "period": "FY", "revenue": 841600000, "costOfRevenue": 621200000, "grossProfit": 220400000, "grossProfitRatio": 0.2618821293, "researchAndDevelopmentExpenses": 17100000, "generalAndAdministrativeExpenses": 147800000, "sellingAndMarketingExpenses": 0, "sellingGeneralAndAdministrativeExpenses": 147800000, "otherExpenses": 0, "operatingExpenses": 164900000, "costAndExpenses": 786100000, "interestIncome": 0, "interestExpense": 8800000, "depreciationAndAmortization": 22600000, "ebitda": 78100000, "ebitdaratio": 0.0927994297, "operatingIncome": 55500000, "operatingIncomeRatio": 0.0659458175, "totalOtherIncomeExpensesNet": 2200000, "incomeBeforeTax": 48900000, "incomeBeforeTaxRatio": 0.0581036122, "incomeTaxExpense": 16100000, "netIncome": 32800000, "netIncomeRatio": 0.038973384, "eps": 1.19, "epsdiluted": 1.15, "weightedAverageShsOut": 27600000, "weightedAverageShsOutDil": 28600000, "link": "https://www.sec.gov/Archives/edgar/data/1433660/000119312510047030/0001193125-10-047030-index.htm", "finalLink": "https://www.sec.gov/Archives/edgar/data/1433660/000119312510047030/d10k.htm", "calculatedOtherExpenses": 0, "calculatedOperatingExpenses": 164900000, "calculatedNetInterest": -8800000, "calculatedOtherIncome": 2200000, "calculatedIncomeNonControlling": 0, "calculatedEbitda": 78100000}, {"date": "2008-12-31", "symbol": "JBT", "reportedCurrency": "USD", "cik": "0001433660", "fillingDate": "2009-03-11", "acceptedDate": "2009-03-11 17:13:03", "calendarYear": "2008", "period": "FY", "revenue": 1028100000, "costOfRevenue": 776300000, "grossProfit": 251800000, "grossProfitRatio": 0.2449178096, "researchAndDevelopmentExpenses": 22000000, "generalAndAdministrativeExpenses": 152900000, "sellingAndMarketingExpenses": 0, "sellingGeneralAndAdministrativeExpenses": 152900000, "otherExpenses": 0, "operatingExpenses": 174900000, "costAndExpenses": 951200000, "interestIncome": 0, "interestExpense": 70300000, "depreciationAndAmortization": 25500000, "ebitda": 109000000, "ebitdaratio": 0.1060208151, "operatingIncome": 76900000, "operatingIncomeRatio": 0.0747981714, "totalOtherIncomeExpensesNet": -6600000, "incomeBeforeTax": 66500000, "incomeBeforeTaxRatio": 0.0646824239, "incomeTaxExpense": 22400000, "netIncome": 44200000, "netIncomeRatio": 0.0429919269, "eps": 1.61, "epsdiluted": 1.59, "weightedAverageShsOut": 27500000, "weightedAverageShsOutDil": 27800000, "link": "https://www.sec.gov/Archives/edgar/data/1433660/000119312509050967/0001193125-09-050967-index.htm", "finalLink": "https://www.sec.gov/Archives/edgar/data/1433660/000119312509050967/d10k.htm", "calculatedOtherExpenses": 0, "calculatedOperatingExpenses": 174900000, "calculatedNetInterest": -70300000, "calculatedOtherIncome": 59900000, "calculatedIncomeNonControlling": -100000, "calculatedEbitda": 102400000}, {"date": "2007-12-31", "symbol": "JBT", "reportedCurrency": "USD", "cik": "0001433660", "fillingDate": "2007-12-31", "acceptedDate": "2007-12-30 19:00:00", "calendarYear": "2007", "period": "FY", "revenue": 978000000, "costOfRevenue": 740800000, "grossProfit": 237200000, "grossProfitRatio": 0.2425357873, "researchAndDevelopmentExpenses": 18700000, "generalAndAdministrativeExpenses": 0, "sellingAndMarketingExpenses": 0, "sellingGeneralAndAdministrativeExpenses": 153800000, "otherExpenses": 153800000, "operatingExpenses": 172500000, "costAndExpenses": 913300000, "interestIncome": 0, "interestExpense": 0, "depreciationAndAmortization": 25100000, "ebitda": 93400000, "ebitdaratio": 0.0955010225, "operatingIncome": 64700000, "operatingIncomeRatio": 0.0661554192, "totalOtherIncomeExpensesNet": -3600000, "incomeBeforeTax": 61600000, "incomeBeforeTaxRatio": 0.0629856851, "incomeTaxExpense": 21500000, "netIncome": 36400000, "netIncomeRatio": 0.0372188139, "eps": 1.32, "epsdiluted": 1.32, "weightedAverageShsOut": 27500000, "weightedAverageShsOutDil": 27500000, "link": "", "finalLink": "", "calculatedOtherExpenses": 0, "calculatedOperatingExpenses": 172500000, "calculatedNetInterest": 0, "calculatedOtherIncome": -3100000, "calculatedIncomeNonControlling": 3700000, "calculatedEbitda": 89800000}, {"date": "2006-12-31", "symbol": "JBT", "reportedCurrency": "USD", "cik": "0001433660", "fillingDate": "2006-12-31", "acceptedDate": "2006-12-30 19:00:00", "calendarYear": "2006", "period": "FY", "revenue": 844300000, "costOfRevenue": 631100000, "grossProfit": 213200000, "grossProfitRatio": 0.2525168779, "researchAndDevelopmentExpenses": 16200000, "generalAndAdministrativeExpenses": 0, "sellingAndMarketingExpenses": 0, "sellingGeneralAndAdministrativeExpenses": 146700000, "otherExpenses": 146700000, "operatingExpenses": 162900000, "costAndExpenses": 794000000, "interestIncome": 0, "interestExpense": 0, "depreciationAndAmortization": 23200000, "ebitda": 73400000, "ebitdaratio": 0.0869359233, "operatingIncome": 50300000, "operatingIncomeRatio": 0.0595759801, "totalOtherIncomeExpensesNet": 100000, "incomeBeforeTax": 50800000, "incomeBeforeTaxRatio": 0.0601681867, "incomeTaxExpense": 16000000, "netIncome": 34600000, "netIncomeRatio": 0.0409806941, "eps": 1.26, "epsdiluted": 1.26, "weightedAverageShsOut": 27500000, "weightedAverageShsOutDil": 27500000, "link": "", "finalLink": "", "calculatedOtherExpenses": 0, "calculatedOperatingExpenses": 162900000, "calculatedNetInterest": 0, "calculatedOtherIncome": 500000, "calculatedIncomeNonControlling": 200000, "calculatedEbitda": 73500000}]}