{"originalCurrency": "USD", "convertedCurrency": "USD", "report": [{"date": "2023-11-30", "symbol": "JEF", "reportedCurrency": "USD", "cik": "0000096223", "fillingDate": "2024-01-26", "acceptedDate": "2024-01-26 16:44:19", "calendarYear": "2023", "period": "FY", "revenue": 7441399000, "costOfRevenue": 3414233000, "grossProfit": 4027166000, "grossProfitRatio": 0.5411839897, "researchAndDevelopmentExpenses": 177541000, "generalAndAdministrativeExpenses": 849526000, "sellingAndMarketingExpenses": 177541000, "sellingGeneralAndAdministrativeExpenses": 849526000, "otherExpenses": -214389000, "operatingExpenses": 1200350000, "costAndExpenses": 3414233000, "interestIncome": 0, "interestExpense": 2740982000, "depreciationAndAmortization": 112201000, "ebitda": 3208136000, "ebitdaratio": 0.4311200085, "operatingIncome": 3095935000, "operatingIncomeRatio": 0.4160420641, "totalOtherIncomeExpensesNet": -2741666000, "incomeBeforeTax": 354269000, "incomeBeforeTaxRatio": 0.047607849, "incomeTaxExpense": 91881000, "netIncome": 277688000, "netIncomeRatio": 0.037316639, "eps": 1.12, "epsdiluted": 1.1, "weightedAverageShsOut": 232609000, "weightedAverageShsOutDil": 236620000, "link": "https://www.sec.gov/Archives/edgar/data/96223/000009622324000006/0000096223-24-000006-index.htm", "finalLink": "https://www.sec.gov/Archives/edgar/data/96223/000009622324000006/jef-20231130.htm", "calculatedOtherExpenses": -95836000, "calculatedOperatingExpenses": 931231000, "calculatedNetInterest": -2740982000, "calculatedOtherIncome": -684000, "calculatedIncomeNonControlling": -15300000, "calculatedEbitda": 3208136000}, {"date": "2022-11-30", "symbol": "JEF", "reportedCurrency": "USD", "cik": "0000096223", "fillingDate": "2023-01-27", "acceptedDate": "2023-01-27 16:59:59", "calendarYear": "2022", "period": "FY", "revenue": 7149263000, "costOfRevenue": 4548111000, "grossProfit": 2601152000, "grossProfitRatio": 0.3638349855, "researchAndDevelopmentExpenses": 150500000, "generalAndAdministrativeExpenses": 792990000, "sellingAndMarketingExpenses": 150500000, "sellingGeneralAndAdministrativeExpenses": 792990000, "otherExpenses": 214969000, "operatingExpenses": 1158459000, "costAndExpenses": 5706570000, "interestIncome": 0, "interestExpense": 383392000, "depreciationAndAmortization": 189343000, "ebitda": 1632036000, "ebitdaratio": 0.2282803136, "operatingIncome": 1442693000, "operatingIncomeRatio": 0.2017960453, "totalOtherIncomeExpensesNet": -387131000, "incomeBeforeTax": 1055562000, "incomeBeforeTaxRatio": 0.1476462679, "incomeTaxExpense": 273852000, "netIncome": 785449000, "netIncomeRatio": 0.1098643315, "eps": 3.13, "epsdiluted": 3.06, "weightedAverageShsOut": 247378000, "weightedAverageShsOutDil": 255571000, "link": "https://www.sec.gov/Archives/edgar/data/96223/000009622323000009/0000096223-23-000009-index.htm", "finalLink": "https://www.sec.gov/Archives/edgar/data/96223/000009622323000009/jef-20221130.htm", "calculatedOtherExpenses": 214969000, "calculatedOperatingExpenses": 1158459000, "calculatedNetInterest": -383392000, "calculatedOtherIncome": -3739000, "calculatedIncomeNonControlling": -3739000, "calculatedEbitda": 1632036000}, {"date": "2021-11-30", "symbol": "JEF", "reportedCurrency": "USD", "cik": "0000096223", "fillingDate": "2022-01-28", "acceptedDate": "2022-01-28 16:40:50", "calendarYear": "2021", "period": "FY", "revenue": 8185329000, "costOfRevenue": 4400938000, "grossProfit": 3784391000, "grossProfitRatio": 0.4623382884, "researchAndDevelopmentExpenses": 109772000, "generalAndAdministrativeExpenses": 10581000, "sellingAndMarketingExpenses": 1267866000, "sellingGeneralAndAdministrativeExpenses": 1278447000, "otherExpenses": 157420000, "operatingExpenses": 1435867000, "costAndExpenses": 5836805000, "interestIncome": 0, "interestExpense": 854554000, "depreciationAndAmortization": 157420000, "ebitda": 2505944000, "ebitdaratio": 0.3061506752, "operatingIncome": 2348524000, "operatingIncomeRatio": 0.2869187054, "totalOtherIncomeExpensesNet": -94419000, "incomeBeforeTax": 2254105000, "incomeBeforeTaxRatio": 0.2753835551, "incomeTaxExpense": 576729000, "netIncome": 1674352000, "netIncomeRatio": 0.2045552476, "eps": 6.29, "epsdiluted": 6.13, "weightedAverageShsOut": 263595000, "weightedAverageShsOutDil": 271501000, "link": "https://www.sec.gov/Archives/edgar/data/96223/000009622322000006/0000096223-22-000006-index.htm", "finalLink": "https://www.sec.gov/Archives/edgar/data/96223/000009622322000006/jef-20211130.htm", "calculatedOtherExpenses": 47648000, "calculatedOperatingExpenses": 1435867000, "calculatedNetInterest": -854554000, "calculatedOtherIncome": 760135000, "calculatedIncomeNonControlling": 3024000, "calculatedEbitda": 2505944000}, {"date": "2020-11-30", "symbol": "JEF", "reportedCurrency": "USD", "cik": "0000096223", "fillingDate": "2021-01-29", "acceptedDate": "2021-01-28 21:37:36", "calendarYear": "2020", "period": "FY", "revenue": 6010874000, "costOfRevenue": 3630913000, "grossProfit": 2379961000, "grossProfitRatio": 0.3959425867, "researchAndDevelopmentExpenses": 0, "generalAndAdministrativeExpenses": 176280000, "sellingAndMarketingExpenses": 70797000, "sellingGeneralAndAdministrativeExpenses": 1078956000, "otherExpenses": 158439000, "operatingExpenses": 1237395000, "costAndExpenses": 4868308000, "interestIncome": 997555000, "interestExpense": 945056000, "depreciationAndAmortization": 158439000, "ebitda": 1301005000, "ebitdaratio": 0.2164419018, "operatingIncome": 1142566000, "operatingIncomeRatio": 0.1900831726, "totalOtherIncomeExpensesNet": -75483000, "incomeBeforeTax": 1067083000, "incomeBeforeTaxRatio": 0.1775254314, "incomeTaxExpense": 298673000, "netIncome": 775239000, "netIncomeRatio": 0.1289727584, "eps": 2.68, "epsdiluted": 2.63, "weightedAverageShsOut": 285693000, "weightedAverageShsOutDil": 290490000, "link": "https://www.sec.gov/Archives/edgar/data/96223/000009622321000009/0000096223-21-000009-index.htm", "finalLink": "https://www.sec.gov/Archives/edgar/data/96223/000009622321000009/jef-20201130.htm", "calculatedOtherExpenses": 158439000, "calculatedOperatingExpenses": 1237395000, "calculatedNetInterest": 52499000, "calculatedOtherIncome": -127982000, "calculatedIncomeNonControlling": -6829000, "calculatedEbitda": 1301005000}, {"date": "2019-11-30", "symbol": "JEF", "reportedCurrency": "USD", "cik": "0000096223", "fillingDate": "2020-01-29", "acceptedDate": "2020-01-29 06:45:23", "calendarYear": "2019", "period": "FY", "revenue": 3892976000, "costOfRevenue": 2454849000, "grossProfit": 1438127000, "grossProfitRatio": 0.3694158402, "researchAndDevelopmentExpenses": 0, "generalAndAdministrativeExpenses": 0, "sellingAndMarketingExpenses": 0, "sellingGeneralAndAdministrativeExpenses": 1009643000, "otherExpenses": 152871000, "operatingExpenses": 1162514000, "costAndExpenses": 3617363000, "interestIncome": 1603940000, "interestExpense": 1465680000, "depreciationAndAmortization": 152871000, "ebitda": 428484000, "ebitdaratio": 0.1100659239, "operatingIncome": 275613000, "operatingIncomeRatio": 0.0707975081, "totalOtherIncomeExpensesNet": 202995000, "incomeBeforeTax": 478608000, "incomeBeforeTaxRatio": 0.1229414207, "incomeTaxExpense": -483955000, "netIncome": 964696000, "netIncomeRatio": 0.2478042505, "eps": 3.07, "epsdiluted": 3.03, "weightedAverageShsOut": 310694000, "weightedAverageShsOutDil": 317032000, "link": "https://www.sec.gov/Archives/edgar/data/96223/000009622320000008/0000096223-20-000008-index.htm", "finalLink": "https://www.sec.gov/Archives/edgar/data/96223/000009622320000008/jfg-2019113010k.htm", "calculatedOtherExpenses": 152871000, "calculatedOperatingExpenses": 1162514000, "calculatedNetInterest": 138260000, "calculatedOtherIncome": 64735000, "calculatedIncomeNonControlling": -2133000, "calculatedEbitda": 428484000}, {"date": "2018-11-30", "symbol": "JEF", "reportedCurrency": "USD", "cik": "0000096223", "fillingDate": "2018-11-30", "acceptedDate": "2018-11-30 00:00:00", "calendarYear": "2018", "period": "FY", "revenue": 3183376000, "costOfRevenue": 1925332000, "grossProfit": 1258044000, "grossProfitRatio": 0.3951917713, "researchAndDevelopmentExpenses": 0, "generalAndAdministrativeExpenses": 710248000, "sellingAndMarketingExpenses": 0, "sellingGeneralAndAdministrativeExpenses": 710248000, "otherExpenses": -73812000, "operatingExpenses": 774565000, "costAndExpenses": 2699897000, "interestIncome": 0, "interestExpense": -31088000, "depreciationAndAmortization": 105156000, "ebitda": 483479000, "ebitdaratio": 0.1518761843, "operatingIncome": 378323000, "operatingIncomeRatio": 0.1188433286, "totalOtherIncomeExpensesNet": -73812000, "incomeBeforeTax": 409667000, "incomeBeforeTaxRatio": 0.1286894793, "incomeTaxExpense": 250650000, "netIncome": 158761000, "netIncomeRatio": 0.049871897, "eps": 0.52, "epsdiluted": 0.52, "weightedAverageShsOut": 307515472, "weightedAverageShsOutDil": 307515472, "link": null, "finalLink": null, "calculatedOtherExpenses": 169473000, "calculatedOperatingExpenses": 879721000, "calculatedNetInterest": 31088000, "calculatedOtherIncome": 256000, "calculatedIncomeNonControlling": 256000, "calculatedEbitda": 483479000}, {"date": "2017-12-31", "symbol": "JEF", "reportedCurrency": "USD", "cik": "0000096223", "fillingDate": "2018-02-27", "acceptedDate": "2018-02-26 18:28:55", "calendarYear": "2017", "period": "FY", "revenue": 12407854000, "costOfRevenue": 10292609000, "grossProfit": 2115245000, "grossProfitRatio": 0.1704762967, "researchAndDevelopmentExpenses": 0, "generalAndAdministrativeExpenses": 0, "sellingAndMarketingExpenses": 0, "sellingGeneralAndAdministrativeExpenses": 817620000, "otherExpenses": 208910000, "operatingExpenses": 1026530000, "costAndExpenses": 11319139000, "interestIncome": 0, "interestExpense": 971461000, "depreciationAndAmortization": 164039000, "ebitda": 1297625000, "ebitdaratio": 0.1045809372, "operatingIncome": 1133586000, "operatingIncomeRatio": 0.0913603593, "totalOtherIncomeExpensesNet": -74901000, "incomeBeforeTax": 1013814000, "incomeBeforeTaxRatio": 0.0817074411, "incomeTaxExpense": 760967000, "netIncome": 171726000, "netIncomeRatio": 0.0138401048, "eps": 0.45, "epsdiluted": 0.45, "weightedAverageShsOut": 368197000, "weightedAverageShsOutDil": 370701000, "link": "https://www.sec.gov/Archives/edgar/data/96223/000009622318000009/0000096223-18-000009-index.htm", "finalLink": "https://www.sec.gov/Archives/edgar/data/96223/000009622318000009/luk-2017123110k.htm", "calculatedOtherExpenses": 164039000, "calculatedOperatingExpenses": 981659000, "calculatedNetInterest": -971461000, "calculatedOtherIncome": 851689000, "calculatedIncomeNonControlling": 81121000, "calculatedEbitda": 1297625000}, {"date": "2016-12-31", "symbol": "JEF", "reportedCurrency": "USD", "cik": "0000096223", "fillingDate": "2017-02-27", "acceptedDate": "2017-02-27 06:40:41", "calendarYear": "2016", "period": "FY", "revenue": 10875254000, "costOfRevenue": 9669937000, "grossProfit": 1205317000, "grossProfitRatio": 0.1108311585, "researchAndDevelopmentExpenses": 0, "generalAndAdministrativeExpenses": 0, "sellingAndMarketingExpenses": 0, "sellingGeneralAndAdministrativeExpenses": 807312000, "otherExpenses": 236173000, "operatingExpenses": 1043485000, "costAndExpenses": 10713422000, "interestIncome": 0, "interestExpense": 812637000, "depreciationAndAmortization": 166789000, "ebitda": 373425000, "ebitdaratio": 0.034337129, "operatingIncome": 206636000, "operatingIncomeRatio": 0.0190005677, "totalOtherIncomeExpensesNet": 154598000, "incomeBeforeTax": 316430000, "incomeBeforeTaxRatio": 0.0290963319, "incomeTaxExpense": 122109000, "netIncome": 130001000, "netIncomeRatio": 0.0119538357, "eps": 0.34, "epsdiluted": 0.34, "weightedAverageShsOut": 371211000, "weightedAverageShsOutDil": 371518000, "link": "https://www.sec.gov/Archives/edgar/data/96223/000009622317000009/0000096223-17-000009-index.htm", "finalLink": "https://www.sec.gov/Archives/edgar/data/96223/000009622317000009/luk-2016123110k.htm", "calculatedOtherExpenses": 191369000, "calculatedOperatingExpenses": 998681000, "calculatedNetInterest": -812637000, "calculatedOtherIncome": 922431000, "calculatedIncomeNonControlling": 64320000, "calculatedEbitda": 373425000}, {"date": "2015-12-31", "symbol": "JEF", "reportedCurrency": "USD", "cik": "0000096223", "fillingDate": "2016-02-19", "acceptedDate": "2016-02-19 16:54:21", "calendarYear": "2015", "period": "FY", "revenue": 11683927000, "costOfRevenue": 10451359000, "grossProfit": 1232568000, "grossProfitRatio": 0.1054926139, "researchAndDevelopmentExpenses": 0, "generalAndAdministrativeExpenses": 0, "sellingAndMarketingExpenses": 0, "sellingGeneralAndAdministrativeExpenses": 754827000, "otherExpenses": 231486000, "operatingExpenses": 986313000, "costAndExpenses": 11437672000, "interestIncome": 0, "interestExpense": 797469000, "depreciationAndAmortization": 172073000, "ebitda": 470388000, "ebitdaratio": 0.0402594094, "operatingIncome": 298315000, "operatingIncomeRatio": 0.0255320835, "totalOtherIncomeExpensesNet": 110281000, "incomeBeforeTax": 356536000, "incomeBeforeTaxRatio": 0.0305150828, "incomeTaxExpense": 109947000, "netIncome": 283650000, "netIncomeRatio": 0.0242769404, "eps": 0.74, "epsdiluted": 0.74, "weightedAverageShsOut": 372430000, "weightedAverageShsOutDil": 372431000, "link": "https://www.sec.gov/Archives/edgar/data/96223/000009622316000049/0000096223-16-000049-index.htm", "finalLink": "https://www.sec.gov/Archives/edgar/data/96223/000009622316000049/luk2015123110kcombo.htm", "calculatedOtherExpenses": 179426000, "calculatedOperatingExpenses": 934253000, "calculatedNetInterest": -797469000, "calculatedOtherIncome": 855690000, "calculatedIncomeNonControlling": -37061000, "calculatedEbitda": 470388000}, {"date": "2014-12-31", "symbol": "JEF", "reportedCurrency": "USD", "cik": "0000096223", "fillingDate": "2015-02-27", "acceptedDate": "2015-02-27 16:51:13", "calendarYear": "2014", "period": "FY", "revenue": 12334907000, "costOfRevenue": 11046885000, "grossProfit": 1288022000, "grossProfitRatio": 0.1044208927, "researchAndDevelopmentExpenses": 0, "generalAndAdministrativeExpenses": 0, "sellingAndMarketingExpenses": 0, "sellingGeneralAndAdministrativeExpenses": 799639000, "otherExpenses": 245688000, "operatingExpenses": 1045327000, "costAndExpenses": 12092212000, "interestIncome": 0, "interestExpense": 848422000, "depreciationAndAmortization": 139744000, "ebitda": 428688000, "ebitdaratio": 0.0347540521, "operatingIncome": 288944000, "operatingIncomeRatio": 0.023424903, "totalOtherIncomeExpensesNet": 138527000, "incomeBeforeTax": 381222000, "incomeBeforeTaxRatio": 0.0309059485, "incomeTaxExpense": 165971000, "netIncome": 208368000, "netIncomeRatio": 0.0168925473, "eps": 0.54, "epsdiluted": 0.54, "weightedAverageShsOut": 371889000, "weightedAverageShsOutDil": 373333000, "link": "https://www.sec.gov/Archives/edgar/data/96223/000009622315000006/0000096223-15-000006-index.htm", "finalLink": "https://www.sec.gov/Archives/edgar/data/96223/000009622315000006/lnc2014form10k.htm", "calculatedOtherExpenses": 199439000, "calculatedOperatingExpenses": 999078000, "calculatedNetInterest": -848422000, "calculatedOtherIncome": 940700000, "calculatedIncomeNonControlling": 6883000, "calculatedEbitda": 428688000}, {"date": "2013-12-31", "symbol": "JEF", "reportedCurrency": "USD", "cik": "0000096223", "fillingDate": "2014-02-28", "acceptedDate": "2014-02-28 14:45:14", "calendarYear": "2013", "period": "FY", "revenue": 11002752000, "costOfRevenue": 9729366000, "grossProfit": 1273386000, "grossProfitRatio": 0.1157334092, "researchAndDevelopmentExpenses": 0, "generalAndAdministrativeExpenses": 0, "sellingAndMarketingExpenses": 0, "sellingGeneralAndAdministrativeExpenses": 752959000, "otherExpenses": 167425000, "operatingExpenses": 920384000, "costAndExpenses": 10649750000, "interestIncome": 0, "interestExpense": 573261000, "depreciationAndAmortization": 138964000, "ebitda": 520427000, "ebitdaratio": 0.0472997119, "operatingIncome": 381463000, "operatingIncomeRatio": 0.0346697808, "totalOtherIncomeExpensesNet": 119041000, "incomeBeforeTax": 472043000, "incomeBeforeTaxRatio": 0.0429022666, "incomeTaxExpense": 110741000, "netIncome": 372637000, "netIncomeRatio": 0.0338676178, "eps": 1.07, "epsdiluted": 1.06, "weightedAverageShsOut": 339673000, "weightedAverageShsOutDil": 347734000, "link": "https://www.sec.gov/Archives/edgar/data/96223/000009622314000006/0000096223-14-000006-index.htm", "finalLink": "https://www.sec.gov/Archives/edgar/data/96223/000009622314000006/lnc2013form10k.htm", "calculatedOtherExpenses": 138964000, "calculatedOperatingExpenses": 891923000, "calculatedNetInterest": -573261000, "calculatedOtherIncome": 663841000, "calculatedIncomeNonControlling": -11335000, "calculatedEbitda": 520427000}, {"date": "2012-12-31", "symbol": "JEF", "reportedCurrency": "USD", "cik": "0000096223", "fillingDate": "2013-02-25", "acceptedDate": "2013-02-25 15:02:40", "calendarYear": "2012", "period": "FY", "revenue": 7851333000, "costOfRevenue": 7823179000, "grossProfit": 28154000, "grossProfitRatio": 0.0035858879, "researchAndDevelopmentExpenses": 0, "generalAndAdministrativeExpenses": 0, "sellingAndMarketingExpenses": 0, "sellingGeneralAndAdministrativeExpenses": 273867000, "otherExpenses": 11725000, "operatingExpenses": 333434000, "costAndExpenses": 8156613000, "interestIncome": 19140000, "interestExpense": -2777175000, "depreciationAndAmortization": 170113000, "ebitda": -1376102000, "ebitdaratio": -0.1752698555, "operatingIncome": -1546215000, "operatingIncomeRatio": -0.1969366221, "totalOtherIncomeExpensesNet": 1252660000, "incomeBeforeTax": 966520000, "incomeBeforeTaxRatio": 0.1231026629, "incomeTaxExpense": 376494000, "netIncome": 854466000, "netIncomeRatio": 0.1088306916, "eps": 3.49, "epsdiluted": 3.44, "weightedAverageShsOut": 244583000, "weightedAverageShsOutDil": 248914000, "link": "https://www.sec.gov/Archives/edgar/data/96223/000009622313000013/0000096223-13-000013-index.htm", "finalLink": "https://www.sec.gov/Archives/edgar/data/96223/000009622313000013/lnc2012form10k.htm", "calculatedOtherExpenses": 1300502000, "calculatedOperatingExpenses": 1574369000, "calculatedNetInterest": 2796315000, "calculatedOtherIncome": -283580000, "calculatedIncomeNonControlling": -264440000, "calculatedEbitda": -1376102000}, {"date": "2011-12-31", "symbol": "JEF", "reportedCurrency": "USD", "cik": "0000096223", "fillingDate": "2012-02-27", "acceptedDate": "2012-02-27 16:20:14", "calendarYear": "2011", "period": "FY", "revenue": 1570768000, "costOfRevenue": 401397000, "grossProfit": 1169371000, "grossProfitRatio": 0.7444581249, "researchAndDevelopmentExpenses": 0, "generalAndAdministrativeExpenses": 301026000, "sellingAndMarketingExpenses": 0, "sellingGeneralAndAdministrativeExpenses": 301026000, "otherExpenses": 75480000, "operatingExpenses": 376506000, "costAndExpenses": 777903000, "interestIncome": 0, "interestExpense": 111877000, "depreciationAndAmortization": 95233000, "ebitda": 888098000, "ebitdaratio": 0.5653909425, "operatingIncome": 792865000, "operatingIncomeRatio": 0.5047626384, "totalOtherIncomeExpensesNet": -111877000, "incomeBeforeTax": 680988000, "incomeBeforeTaxRatio": 0.4335382437, "incomeTaxExpense": 270253000, "netIncome": 25231000, "netIncomeRatio": 0.0160628431, "eps": 0.1, "epsdiluted": 0.1, "weightedAverageShsOut": 244425000, "weightedAverageShsOutDil": 244573000, "link": "https://www.sec.gov/Archives/edgar/data/96223/000009622312000009/0000096223-12-000009-index.htm", "finalLink": "https://www.sec.gov/Archives/edgar/data/96223/000009622312000009/lnc2011form10k.htm", "calculatedOtherExpenses": 75480000, "calculatedOperatingExpenses": 376506000, "calculatedNetInterest": -111877000, "calculatedOtherIncome": 0, "calculatedIncomeNonControlling": 385504000, "calculatedEbitda": 888098000}, {"date": "2010-12-31", "symbol": "JEF", "reportedCurrency": "USD", "cik": "0000096223", "fillingDate": "2011-02-25", "acceptedDate": "2011-02-25 09:43:18", "calendarYear": "2010", "period": "FY", "revenue": 1320004000, "costOfRevenue": 400659000, "grossProfit": 919345000, "grossProfitRatio": 0.6964713743, "researchAndDevelopmentExpenses": 0, "generalAndAdministrativeExpenses": 346858000, "sellingAndMarketingExpenses": 0, "sellingGeneralAndAdministrativeExpenses": 346858000, "otherExpenses": 78675000, "operatingExpenses": 425533000, "costAndExpenses": 826192000, "interestIncome": 0, "interestExpense": 124809000, "depreciationAndAmortization": 104730000, "ebitda": 598542000, "ebitdaratio": 0.453439535, "operatingIncome": 493812000, "operatingIncomeRatio": 0.3740988664, "totalOtherIncomeExpensesNet": -124809000, "incomeBeforeTax": 369003000, "incomeBeforeTaxRatio": 0.2795468802, "incomeTaxExpense": -1139318000, "netIncome": 1939312000, "netIncomeRatio": 1.4691713055, "eps": 7.97, "epsdiluted": 7.85, "weightedAverageShsOut": 243379000, "weightedAverageShsOutDil": 247672000, "link": "https://www.sec.gov/Archives/edgar/data/96223/000009622311000005/0000096223-11-000005-index.htm", "finalLink": "https://www.sec.gov/Archives/edgar/data/96223/000009622311000005/lnc2010form10k.htm", "calculatedOtherExpenses": 78675000, "calculatedOperatingExpenses": 425533000, "calculatedNetInterest": -124809000, "calculatedOtherIncome": 0, "calculatedIncomeNonControlling": -430991000, "calculatedEbitda": 598542000}, {"date": "2009-12-31", "symbol": "JEF", "reportedCurrency": "USD", "cik": "0000096223", "fillingDate": "2010-02-26", "acceptedDate": "2010-02-26 15:47:54", "calendarYear": "2009", "period": "FY", "revenue": 1119002000, "costOfRevenue": 732725000, "grossProfit": 386277000, "grossProfitRatio": 0.3451977744, "researchAndDevelopmentExpenses": 0, "generalAndAdministrativeExpenses": 443214000, "sellingAndMarketingExpenses": 0, "sellingGeneralAndAdministrativeExpenses": 443214000, "otherExpenses": 65233000, "operatingExpenses": 508447000, "costAndExpenses": 1241172000, "interestIncome": 0, "interestExpense": 128803000, "depreciationAndAmortization": 86377000, "ebitda": -35793000, "ebitdaratio": -0.031986538, "operatingIncome": -122170000, "operatingIncomeRatio": -0.1091776422, "totalOtherIncomeExpensesNet": -128803000, "incomeBeforeTax": -250973000, "incomeBeforeTaxRatio": -0.2242828878, "incomeTaxExpense": 7143000, "netIncome": 550280000, "netIncomeRatio": 0.4917596215, "eps": 2.28, "epsdiluted": 2.25, "weightedAverageShsOut": 241437000, "weightedAverageShsOutDil": 247849000, "link": "https://www.sec.gov/Archives/edgar/data/96223/000009622310000004/0000096223-10-000004-index.htm", "finalLink": "https://www.sec.gov/Archives/edgar/data/96223/000009622310000004/leucadia200910k.htm", "calculatedOtherExpenses": 65233000, "calculatedOperatingExpenses": 508447000, "calculatedNetInterest": -128803000, "calculatedOtherIncome": 0, "calculatedIncomeNonControlling": -808396000, "calculatedEbitda": -35793000}, {"date": "2008-12-31", "symbol": "JEF", "reportedCurrency": "USD", "cik": "0000096223", "fillingDate": "2009-02-27", "acceptedDate": "2009-02-27 16:54:07", "calendarYear": "2008", "period": "FY", "revenue": 1080653000, "costOfRevenue": 895424000, "grossProfit": 185229000, "grossProfitRatio": 0.171404697, "researchAndDevelopmentExpenses": 0, "generalAndAdministrativeExpenses": 352193000, "sellingAndMarketingExpenses": 0, "sellingGeneralAndAdministrativeExpenses": 352193000, "otherExpenses": 54133000, "operatingExpenses": 406326000, "costAndExpenses": 1301750000, "interestIncome": 0, "interestExpense": 145471000, "depreciationAndAmortization": 72283000, "ebitda": -148814000, "ebitdaratio": -0.1377074787, "operatingIncome": -221097000, "operatingIncomeRatio": -0.2045957398, "totalOtherIncomeExpensesNet": -145471000, "incomeBeforeTax": -366568000, "incomeBeforeTaxRatio": -0.3392097186, "incomeTaxExpense": 1673675000, "netIncome": -2535425000, "netIncomeRatio": -2.3461971604, "eps": -11, "epsdiluted": -11, "weightedAverageShsOut": 230494000, "weightedAverageShsOutDil": 230494000, "link": "https://www.sec.gov/Archives/edgar/data/96223/000009622309000010/0000096223-09-000010-index.htm", "finalLink": "https://www.sec.gov/Archives/edgar/data/96223/000009622309000010/lnc2008form10k.txt", "calculatedOtherExpenses": 54133000, "calculatedOperatingExpenses": 406326000, "calculatedNetInterest": -145471000, "calculatedOtherIncome": 0, "calculatedIncomeNonControlling": 495182000, "calculatedEbitda": -148814000}, {"date": "2007-12-31", "symbol": "JEF", "reportedCurrency": "USD", "cik": "0000096223", "fillingDate": "2008-02-29", "acceptedDate": "2008-02-29 10:00:06", "calendarYear": "2007", "period": "FY", "revenue": 877789000, "costOfRevenue": 753512000, "grossProfit": 124277000, "grossProfitRatio": 0.1415795823, "researchAndDevelopmentExpenses": 0, "generalAndAdministrativeExpenses": 0, "sellingAndMarketingExpenses": 0, "sellingGeneralAndAdministrativeExpenses": 311696000, "otherExpenses": 35238000, "operatingExpenses": 346934000, "costAndExpenses": 1100446000, "interestIncome": 0, "interestExpense": -340812000, "depreciationAndAmortization": 42443000, "ebitda": -373846000, "ebitdaratio": -0.4258950613, "operatingIncome": -416289000, "operatingIncomeRatio": -0.474247228, "totalOtherIncomeExpensesNet": 171757000, "incomeBeforeTax": -57088000, "incomeBeforeTaxRatio": -0.0650361306, "incomeTaxExpense": -559771000, "netIncome": 484294000, "netIncomeRatio": 0.5517202881, "eps": 2.22, "epsdiluted": 2.1, "weightedAverageShsOut": 218150450, "weightedAverageShsOutDil": 230616190, "link": "https://www.sec.gov/Archives/edgar/data/96223/000009622308000015/0000096223-08-000015-index.htm", "finalLink": "https://www.sec.gov/Archives/edgar/data/96223/000009622308000015/lnc200710k.txt", "calculatedOtherExpenses": 228870000, "calculatedOperatingExpenses": 540566000, "calculatedNetInterest": 340812000, "calculatedOtherIncome": 18389000, "calculatedIncomeNonControlling": 18389000, "calculatedEbitda": -373846000}, {"date": "2006-12-31", "symbol": "JEF", "reportedCurrency": "USD", "cik": "0000096223", "fillingDate": "2007-02-28", "acceptedDate": "2007-02-28 14:20:21", "calendarYear": "2006", "period": "FY", "revenue": 450853000, "costOfRevenue": 386466000, "grossProfit": 64387000, "grossProfitRatio": 0.1428115151, "researchAndDevelopmentExpenses": 0, "generalAndAdministrativeExpenses": 0, "sellingAndMarketingExpenses": 0, "sellingGeneralAndAdministrativeExpenses": 240889000, "otherExpenses": 22105000, "operatingExpenses": 262994000, "costAndExpenses": 649460000, "interestIncome": 0, "interestExpense": -841614000, "depreciationAndAmortization": 24000000, "ebitda": -586444000, "ebitdaratio": -1.3007432578, "operatingIncome": -610444000, "operatingIncomeRatio": -1.3539756861, "totalOtherIncomeExpensesNet": 449557000, "incomeBeforeTax": 171540000, "incomeBeforeTaxRatio": 0.3804787813, "incomeTaxExpense": 41771000, "netIncome": 189399000, "netIncomeRatio": 0.420090362, "eps": 0.88, "epsdiluted": 0.85, "weightedAverageShsOut": 215226136, "weightedAverageShsOutDil": 222822353, "link": "https://www.sec.gov/Archives/edgar/data/96223/000009622307000015/0000096223-07-000015-index.htm", "finalLink": "https://www.sec.gov/Archives/edgar/data/96223/000009622307000015/lnc200610k.txt", "calculatedOtherExpenses": 433942000, "calculatedOperatingExpenses": 674831000, "calculatedNetInterest": 841614000, "calculatedOtherIncome": -59630000, "calculatedIncomeNonControlling": -59630000, "calculatedEbitda": -586444000}, {"date": "2005-12-31", "symbol": "JEF", "reportedCurrency": "USD", "cik": "0000096223", "fillingDate": "2006-03-08", "acceptedDate": "2006-03-08 16:50:03", "calendarYear": "2005", "period": "FY", "revenue": 682491000, "costOfRevenue": 551866000, "grossProfit": 130625000, "grossProfitRatio": 0.1913944653, "researchAndDevelopmentExpenses": 0, "generalAndAdministrativeExpenses": 0, "sellingAndMarketingExpenses": 0, "sellingGeneralAndAdministrativeExpenses": 255975000, "otherExpenses": 26767000, "operatingExpenses": 282742000, "costAndExpenses": 834608000, "interestIncome": 0, "interestExpense": -1015732000, "depreciationAndAmortization": 189496000, "ebitda": -321277000, "ebitdaratio": -0.4707417387, "operatingIncome": -510773000, "operatingIncomeRatio": -0.7483952169, "totalOtherIncomeExpensesNet": 313523000, "incomeBeforeTax": 138163000, "incomeBeforeTaxRatio": 0.2024392996, "incomeTaxExpense": -1131082000, "netIncome": 1636041000, "netIncomeRatio": 2.3971612812, "eps": 7.59, "epsdiluted": 7.14, "weightedAverageShsOut": 215552174, "weightedAverageShsOutDil": 229137395, "link": "https://www.sec.gov/Archives/edgar/data/96223/000009622306000018/0000096223-06-000018-index.htm", "finalLink": "https://www.sec.gov/Archives/edgar/data/96223/000009622306000018/lnc200510k.txt", "calculatedOtherExpenses": 385423000, "calculatedOperatingExpenses": 641398000, "calculatedNetInterest": 1015732000, "calculatedOtherIncome": -366796000, "calculatedIncomeNonControlling": -366796000, "calculatedEbitda": -321277000}, {"date": "2004-12-31", "symbol": "JEF", "reportedCurrency": "USD", "cik": "0000096223", "fillingDate": "2005-03-14", "acceptedDate": "2005-03-14 15:06:51", "calendarYear": "2004", "period": "FY", "revenue": 1914302000, "costOfRevenue": 1390636000, "grossProfit": 523666000, "grossProfitRatio": 0.2735545384, "researchAndDevelopmentExpenses": 0, "generalAndAdministrativeExpenses": 44995000, "sellingAndMarketingExpenses": 448328000, "sellingGeneralAndAdministrativeExpenses": 493323000, "otherExpenses": 226080000, "operatingExpenses": 719403000, "costAndExpenses": 2110039000, "interestIncome": 119369000, "interestExpense": -668854000, "depreciationAndAmortization": 226080000, "ebitda": -317466000, "ebitdaratio": -0.1658390369, "operatingIncome": -543546000, "operatingIncomeRatio": -0.2839395247, "totalOtherIncomeExpensesNet": 424288000, "incomeBeforeTax": 131764000, "incomeBeforeTaxRatio": 0.0688313547, "incomeTaxExpense": -20192000, "netIncome": 145500000, "netIncomeRatio": 0.0760068161, "eps": 0.68, "epsdiluted": 0.67, "weightedAverageShsOut": 203800000, "weightedAverageShsOutDil": 210100000, "link": "https://www.sec.gov/Archives/edgar/data/96223/000090951805000159/0000909518-05-000159-index.htm", "finalLink": "https://www.sec.gov/Archives/edgar/data/96223/000090951805000159/jd3-14_new10k.txt", "calculatedOtherExpenses": 573889000, "calculatedOperatingExpenses": 1067212000, "calculatedNetInterest": 788223000, "calculatedOtherIncome": -112913000, "calculatedIncomeNonControlling": 6456000, "calculatedEbitda": -317466000}, {"date": "2003-12-31", "symbol": "JEF", "reportedCurrency": "USD", "cik": "0000096223", "fillingDate": "2004-03-12", "acceptedDate": "2004-03-12 17:06:36", "calendarYear": "2003", "period": "FY", "revenue": 633322000, "costOfRevenue": 25579000, "grossProfit": 607743000, "grossProfitRatio": 0.9596113825, "researchAndDevelopmentExpenses": 0, "generalAndAdministrativeExpenses": 70673000, "sellingAndMarketingExpenses": 0, "sellingGeneralAndAdministrativeExpenses": 70673000, "otherExpenses": 546854000, "operatingExpenses": 546854000, "costAndExpenses": 546854000, "interestIncome": 229502000, "interestExpense": 33615000, "depreciationAndAmortization": 0, "ebitda": 86468000, "ebitdaratio": 0.1365308642, "operatingIncome": 86468000, "operatingIncomeRatio": 0.1365308642, "totalOtherIncomeExpensesNet": -46311000, "incomeBeforeTax": 40157000, "incomeBeforeTaxRatio": 0.0634069241, "incomeTaxExpense": -44201000, "netIncome": 97054000, "netIncomeRatio": 0.1532459002, "eps": 0.53, "epsdiluted": 0.52, "weightedAverageShsOut": 183120755, "weightedAverageShsOutDil": 186642308, "link": "https://www.sec.gov/Archives/edgar/data/96223/000009622304000019/0000096223-04-000019-index.htm", "finalLink": "https://www.sec.gov/Archives/edgar/data/96223/000009622304000019/jd3-10_10k.txt", "calculatedOtherExpenses": 450602000, "calculatedOperatingExpenses": 521275000, "calculatedNetInterest": 195887000, "calculatedOtherIncome": -242198000, "calculatedIncomeNonControlling": -12696000, "calculatedEbitda": 86468000}, {"date": "2002-12-31", "symbol": "JEF", "reportedCurrency": "USD", "cik": "0000096223", "fillingDate": "2003-03-28", "acceptedDate": "2003-03-28 11:15:00", "calendarYear": "2002", "period": "FY", "revenue": 296517000, "costOfRevenue": 0, "grossProfit": 296517000, "grossProfitRatio": 1, "researchAndDevelopmentExpenses": 0, "generalAndAdministrativeExpenses": 0, "sellingAndMarketingExpenses": 0, "sellingGeneralAndAdministrativeExpenses": 0, "otherExpenses": 249783000, "operatingExpenses": 249783000, "costAndExpenses": 249783000, "interestIncome": 0, "interestExpense": 29976000, "depreciationAndAmortization": 0, "ebitda": 46734000, "ebitdaratio": 0.1576098504, "operatingIncome": 46734000, "operatingIncomeRatio": 0.1576098504, "totalOtherIncomeExpensesNet": -39068000, "incomeBeforeTax": 7666000, "incomeBeforeTaxRatio": 0.0258534924, "incomeTaxExpense": -144865000, "netIncome": 161623000, "netIncomeRatio": 0.5450716148, "eps": 0.97, "epsdiluted": 0.96, "weightedAverageShsOut": 167196207, "weightedAverageShsOutDil": 168357292, "link": "https://www.sec.gov/Archives/edgar/data/96223/000009622303000011/0000096223-03-000011-index.htm", "finalLink": "https://www.sec.gov/Archives/edgar/data/96223/000009622303000011/lnc0210k.txt", "calculatedOtherExpenses": 249783000, "calculatedOperatingExpenses": 249783000, "calculatedNetInterest": -29976000, "calculatedOtherIncome": -9092000, "calculatedIncomeNonControlling": -9092000, "calculatedEbitda": 46734000}, {"date": "2001-12-31", "symbol": "JEF", "reportedCurrency": "USD", "cik": "0000096223", "fillingDate": "2002-03-06", "acceptedDate": "2002-03-06 00:00:00", "calendarYear": "2001", "period": "FY", "revenue": 375298000, "costOfRevenue": 0, "grossProfit": 375298000, "grossProfitRatio": 1, "researchAndDevelopmentExpenses": 0, "generalAndAdministrativeExpenses": 0, "sellingAndMarketingExpenses": 0, "sellingGeneralAndAdministrativeExpenses": 0, "otherExpenses": 266425000, "operatingExpenses": 266425000, "costAndExpenses": 266425000, "interestIncome": 0, "interestExpense": 133029000, "depreciationAndAmortization": 0, "ebitda": 108873000, "ebitdaratio": 0.2900974692, "operatingIncome": 108873000, "operatingIncomeRatio": 0.2900974692, "totalOtherIncomeExpensesNet": -60721000, "incomeBeforeTax": 48152000, "incomeBeforeTaxRatio": 0.1283033749, "incomeTaxExpense": -16648000, "netIncome": -7508000, "netIncomeRatio": -0.0200054357, "eps": -0.045, "epsdiluted": -0.045, "weightedAverageShsOut": 166844444, "weightedAverageShsOutDil": 166844444, "link": "https://www.sec.gov/Archives/edgar/data/96223/000009622302000003/0000096223-02-000003-index.htm", "finalLink": "https://www.sec.gov/Archives/edgar/data/96223/000009622302000003/lnc200110k.txt", "calculatedOtherExpenses": 266425000, "calculatedOperatingExpenses": 266425000, "calculatedNetInterest": -133029000, "calculatedOtherIncome": 72308000, "calculatedIncomeNonControlling": 72308000, "calculatedEbitda": 108873000}, {"date": "2000-12-31", "symbol": "JEF", "reportedCurrency": "USD", "cik": "0000096223", "fillingDate": "2001-03-29", "acceptedDate": "2001-03-29 00:00:00", "calendarYear": "2000", "period": "FY", "revenue": 715487000, "costOfRevenue": 0, "grossProfit": 715487000, "grossProfitRatio": 1, "researchAndDevelopmentExpenses": 0, "generalAndAdministrativeExpenses": 0, "sellingAndMarketingExpenses": 0, "sellingGeneralAndAdministrativeExpenses": 0, "otherExpenses": 464472000, "operatingExpenses": 464472000, "costAndExpenses": 464472000, "interestIncome": 0, "interestExpense": 62251000, "depreciationAndAmortization": 0, "ebitda": 251015000, "ebitdaratio": 0.3508309725, "operatingIncome": 251015000, "operatingIncomeRatio": 0.3508309725, "totalOtherIncomeExpensesNet": -63234000, "incomeBeforeTax": 187781000, "incomeBeforeTaxRatio": 0.2624520082, "incomeTaxExpense": 72756000, "netIncome": 116008000, "netIncomeRatio": 0.1621385154, "eps": 0.7, "epsdiluted": 0.7, "weightedAverageShsOut": 166518660, "weightedAverageShsOutDil": 166518660, "link": "https://www.sec.gov/Archives/edgar/data/96223/000090951801000343/0000909518-01-000343-index.htm", "finalLink": "https://www.sec.gov/Archives/edgar/data/96223/000090951801000343/0000909518-01-000343-0001.txt", "calculatedOtherExpenses": 464472000, "calculatedOperatingExpenses": 464472000, "calculatedNetInterest": -62251000, "calculatedOtherIncome": -983000, "calculatedIncomeNonControlling": -983000, "calculatedEbitda": 251015000}, {"date": "1999-12-31", "symbol": "JEF", "reportedCurrency": "USD", "cik": "0000096223", "fillingDate": "2000-03-29", "acceptedDate": "2000-03-29 00:00:00", "calendarYear": "1999", "period": "FY", "revenue": 706600000, "costOfRevenue": 0, "grossProfit": 706600000, "grossProfitRatio": 1, "researchAndDevelopmentExpenses": 0, "generalAndAdministrativeExpenses": 0, "sellingAndMarketingExpenses": 0, "sellingGeneralAndAdministrativeExpenses": 0, "otherExpenses": 412500000, "operatingExpenses": 412500000, "costAndExpenses": 412500000, "interestIncome": 0, "interestExpense": 34600000, "depreciationAndAmortization": 0, "ebitda": 294100000, "ebitdaratio": 0.4162185112, "operatingIncome": 294100000, "operatingIncomeRatio": 0.4162185112, "totalOtherIncomeExpensesNet": -56200000, "incomeBeforeTax": 237900000, "incomeBeforeTaxRatio": 0.3366827059, "incomeTaxExpense": 44500000, "netIncome": 215000000, "netIncomeRatio": 0.3042739881, "eps": 1.21, "epsdiluted": 1.21, "weightedAverageShsOut": 178176796, "weightedAverageShsOutDil": 178176796, "link": "https://www.sec.gov/Archives/edgar/data/96223/000090951800000210/0000909518-00-000210-index.htm", "finalLink": "https://www.sec.gov/Archives/edgar/data/96223/000090951800000210/0000909518-00-000210.txt", "calculatedOtherExpenses": 412500000, "calculatedOperatingExpenses": 412500000, "calculatedNetInterest": -34600000, "calculatedOtherIncome": -21600000, "calculatedIncomeNonControlling": -21600000, "calculatedEbitda": 294100000}, {"date": "1998-12-31", "symbol": "JEF", "reportedCurrency": "USD", "cik": "0000096223", "fillingDate": "1999-03-18", "acceptedDate": "1999-03-18 00:00:00", "calendarYear": "1998", "period": "FY", "revenue": 530500000, "costOfRevenue": 0, "grossProfit": 530500000, "grossProfitRatio": 1, "researchAndDevelopmentExpenses": 0, "generalAndAdministrativeExpenses": 0, "sellingAndMarketingExpenses": 0, "sellingGeneralAndAdministrativeExpenses": 0, "otherExpenses": 456000000, "operatingExpenses": 456000000, "costAndExpenses": 456000000, "interestIncome": 0, "interestExpense": 45300000, "depreciationAndAmortization": 0, "ebitda": 74500000, "ebitdaratio": 0.1404335533, "operatingIncome": 74500000, "operatingIncomeRatio": 0.1404335533, "totalOtherIncomeExpensesNet": -53400000, "incomeBeforeTax": 21100000, "incomeBeforeTaxRatio": 0.0397737983, "incomeTaxExpense": -25100000, "netIncome": 54300000, "netIncomeRatio": 0.1023562677, "eps": 0.29, "epsdiluted": 0.29, "weightedAverageShsOut": 189418605, "weightedAverageShsOutDil": 189418605, "link": "https://www.sec.gov/Archives/edgar/data/96223/000090951899000190/0000909518-99-000190-index.html", "finalLink": "https://www.sec.gov/Archives/edgar/data/96223/", "calculatedOtherExpenses": 456000000, "calculatedOperatingExpenses": 456000000, "calculatedNetInterest": -45300000, "calculatedOtherIncome": -8100000, "calculatedIncomeNonControlling": -8100000, "calculatedEbitda": 74500000}, {"date": "1997-12-31", "symbol": "JEF", "reportedCurrency": "USD", "cik": "0000096223", "fillingDate": "1998-03-27", "acceptedDate": "1998-03-27 00:00:00", "calendarYear": "1997", "period": "FY", "revenue": 643500000, "costOfRevenue": 0, "grossProfit": 643500000, "grossProfitRatio": 1, "researchAndDevelopmentExpenses": 0, "generalAndAdministrativeExpenses": 0, "sellingAndMarketingExpenses": 0, "sellingGeneralAndAdministrativeExpenses": 0, "otherExpenses": 622300000, "operatingExpenses": 622300000, "costAndExpenses": 622300000, "interestIncome": 0, "interestExpense": -630300000, "depreciationAndAmortization": 0, "ebitda": 21200000, "ebitdaratio": 0.0329448329, "operatingIncome": 21200000, "operatingIncomeRatio": 0.0329448329, "totalOtherIncomeExpensesNet": -54100000, "incomeBeforeTax": -32900000, "incomeBeforeTaxRatio": -0.0511266511, "incomeTaxExpense": -10300000, "netIncome": 661800000, "netIncomeRatio": 1.0284382284, "eps": 3.55, "epsdiluted": 3.55, "weightedAverageShsOut": 189389098, "weightedAverageShsOutDil": 189389098, "link": "https://www.sec.gov/Archives/edgar/data/96223/000090951898000205/0000909518-98-000205-index.html", "finalLink": "https://www.sec.gov/Archives/edgar/data/96223/", "calculatedOtherExpenses": 622300000, "calculatedOperatingExpenses": 622300000, "calculatedNetInterest": 630300000, "calculatedOtherIncome": -684400000, "calculatedIncomeNonControlling": -684400000, "calculatedEbitda": 21200000}, {"date": "1996-12-31", "symbol": "JEF", "reportedCurrency": "USD", "cik": "0000096223", "fillingDate": "1997-03-26", "acceptedDate": "1997-03-26 00:00:00", "calendarYear": "1996", "period": "FY", "revenue": 1506600000, "costOfRevenue": 0, "grossProfit": 1506600000, "grossProfitRatio": 1, "researchAndDevelopmentExpenses": 0, "generalAndAdministrativeExpenses": 0, "sellingAndMarketingExpenses": 0, "sellingGeneralAndAdministrativeExpenses": 0, "otherExpenses": 1374000000, "operatingExpenses": 1374000000, "costAndExpenses": 1374000000, "interestIncome": 0, "interestExpense": 60900000, "depreciationAndAmortization": 0, "ebitda": 132600000, "ebitdaratio": 0.0880127439, "operatingIncome": 132600000, "operatingIncomeRatio": 0.0880127439, "totalOtherIncomeExpensesNet": -54100000, "incomeBeforeTax": 78500000, "incomeBeforeTaxRatio": 0.0521040754, "incomeTaxExpense": 23000000, "netIncome": 48700000, "netIncomeRatio": 0.0323244391, "eps": 0.27, "epsdiluted": 0.27, "weightedAverageShsOut": 180370370, "weightedAverageShsOutDil": 180370370, "link": "https://www.sec.gov/Archives/edgar/data/96223/000090951897000185/0000909518-97-000185-index.html", "finalLink": "https://www.sec.gov/Archives/edgar/data/96223/", "calculatedOtherExpenses": 1374000000, "calculatedOperatingExpenses": 1374000000, "calculatedNetInterest": -60900000, "calculatedOtherIncome": 6800000, "calculatedIncomeNonControlling": 6800000, "calculatedEbitda": 132600000}, {"date": "1995-12-31", "symbol": "JEF", "reportedCurrency": "USD", "cik": "0000096223", "fillingDate": "1996-03-28", "acceptedDate": "1996-03-28 00:00:00", "calendarYear": "1995", "period": "FY", "revenue": 1558300000, "costOfRevenue": 0, "grossProfit": 1558300000, "grossProfitRatio": 1, "researchAndDevelopmentExpenses": 0, "generalAndAdministrativeExpenses": 0, "sellingAndMarketingExpenses": 0, "sellingGeneralAndAdministrativeExpenses": 0, "otherExpenses": 1373300000, "operatingExpenses": 1373300000, "costAndExpenses": 1373300000, "interestIncome": 0, "interestExpense": 52800000, "depreciationAndAmortization": 0, "ebitda": 185000000, "ebitdaratio": 0.118719117, "operatingIncome": 185000000, "operatingIncomeRatio": 0.118719117, "totalOtherIncomeExpensesNet": -52800000, "incomeBeforeTax": 132200000, "incomeBeforeTaxRatio": 0.0848360393, "incomeTaxExpense": 24700000, "netIncome": 107500000, "netIncomeRatio": 0.0689854328, "eps": 0.6, "epsdiluted": 0.6, "weightedAverageShsOut": 178087752, "weightedAverageShsOutDil": 178087752, "link": "https://www.sec.gov/Archives/edgar/data/96223/000090951896000079/0000909518-96-000079-index.htm", "finalLink": "https://www.sec.gov/Archives/edgar/data/96223/0000909518-96-000079.txt", "calculatedOtherExpenses": 1373300000, "calculatedOperatingExpenses": 1373300000, "calculatedNetInterest": -52800000, "calculatedOtherIncome": 0, "calculatedIncomeNonControlling": 0, "calculatedEbitda": 185000000}, {"date": "1994-12-31", "symbol": "JEF", "reportedCurrency": "USD", "cik": "0000096223", "fillingDate": "1995-03-24", "acceptedDate": "1995-03-24 00:00:00", "calendarYear": "1994", "period": "FY", "revenue": 1384400000, "costOfRevenue": 0, "grossProfit": 1384400000, "grossProfitRatio": 1, "researchAndDevelopmentExpenses": 0, "generalAndAdministrativeExpenses": 0, "sellingAndMarketingExpenses": 0, "sellingGeneralAndAdministrativeExpenses": 0, "otherExpenses": 1238900000, "operatingExpenses": 1238900000, "costAndExpenses": 1238900000, "interestIncome": 0, "interestExpense": 45200000, "depreciationAndAmortization": 0, "ebitda": 145500000, "ebitdaratio": 0.1050996822, "operatingIncome": 145500000, "operatingIncomeRatio": 0.1050996822, "totalOtherIncomeExpensesNet": -45200000, "incomeBeforeTax": 100300000, "incomeBeforeTaxRatio": 0.0724501589, "incomeTaxExpense": 29500000, "netIncome": 70800000, "netIncomeRatio": 0.0511412886, "eps": 0.41, "epsdiluted": 0.4, "weightedAverageShsOut": 174814815, "weightedAverageShsOutDil": 176265560, "link": "https://www.sec.gov/Archives/edgar/data/96223/000090951895000053/0000909518-95-000053-index.htm", "finalLink": "https://www.sec.gov/Archives/edgar/data/96223/0000909518-95-000053.txt", "calculatedOtherExpenses": 1238900000, "calculatedOperatingExpenses": 1238900000, "calculatedNetInterest": -45200000, "calculatedOtherIncome": 0, "calculatedIncomeNonControlling": 0, "calculatedEbitda": 145500000}, {"date": "1993-12-31", "symbol": "JEF", "reportedCurrency": "USD", "cik": "0000096223", "fillingDate": "1994-03-23", "acceptedDate": "1994-03-23 00:00:00", "calendarYear": "1993", "period": "FY", "revenue": 1408000000, "costOfRevenue": 0, "grossProfit": 1408000000, "grossProfitRatio": 1, "researchAndDevelopmentExpenses": 0, "generalAndAdministrativeExpenses": 0, "sellingAndMarketingExpenses": 0, "sellingGeneralAndAdministrativeExpenses": 0, "otherExpenses": 1191800000, "operatingExpenses": 1191800000, "costAndExpenses": 1191800000, "interestIncome": 0, "interestExpense": -89900000, "depreciationAndAmortization": 0, "ebitda": 216200000, "ebitdaratio": 0.1535511364, "operatingIncome": 216200000, "operatingIncomeRatio": 0.1535511364, "totalOtherIncomeExpensesNet": -39300000, "incomeBeforeTax": 176900000, "incomeBeforeTaxRatio": 0.1256392045, "incomeTaxExpense": 60600000, "netIncome": 245500000, "netIncomeRatio": 0.1743607955, "eps": 1.47, "epsdiluted": 1.4, "weightedAverageShsOut": 167302712, "weightedAverageShsOutDil": 175687812, "link": "https://www.sec.gov/Archives/edgar/data/96223/000090951894000046/0000909518-94-000046-index.htm", "finalLink": "https://www.sec.gov/Archives/edgar/data/96223/0000909518-94-000046.txt", "calculatedOtherExpenses": 1191800000, "calculatedOperatingExpenses": 1191800000, "calculatedNetInterest": 89900000, "calculatedOtherIncome": -129200000, "calculatedIncomeNonControlling": -129200000, "calculatedEbitda": 216200000}, {"date": "1992-12-31", "symbol": "JEF", "reportedCurrency": "USD", "cik": "0000096223", "fillingDate": "1992-12-31", "acceptedDate": "1992-12-31 00:00:00", "calendarYear": "1992", "period": "FY", "revenue": 1573000000, "costOfRevenue": 0, "grossProfit": 1573000000, "grossProfitRatio": 1, "researchAndDevelopmentExpenses": 0, "generalAndAdministrativeExpenses": 0, "sellingAndMarketingExpenses": 0, "sellingGeneralAndAdministrativeExpenses": 0, "otherExpenses": 1391000000, "operatingExpenses": 1391000000, "costAndExpenses": 1391000000, "interestIncome": 0, "interestExpense": 38400000, "depreciationAndAmortization": 0, "ebitda": 182000000, "ebitdaratio": 0.1157024793, "operatingIncome": 182000000, "operatingIncomeRatio": 0.1157024793, "totalOtherIncomeExpensesNet": -38400000, "incomeBeforeTax": 143600000, "incomeBeforeTaxRatio": 0.0912905277, "incomeTaxExpense": 13000000, "netIncome": 130600000, "netIncomeRatio": 0.0830260648, "eps": 0.89, "epsdiluted": 0.89, "weightedAverageShsOut": 146668239, "weightedAverageShsOutDil": 146668239, "link": null, "finalLink": null, "calculatedOtherExpenses": 1391000000, "calculatedOperatingExpenses": 1391000000, "calculatedNetInterest": -38400000, "calculatedOtherIncome": 0, "calculatedIncomeNonControlling": 0, "calculatedEbitda": 182000000}, {"date": "1991-12-31", "symbol": "JEF", "reportedCurrency": "USD", "cik": "0000096223", "fillingDate": "1991-12-31", "acceptedDate": "1991-12-31 00:00:00", "calendarYear": "1991", "period": "FY", "revenue": 1086700000, "costOfRevenue": 0, "grossProfit": 1086700000, "grossProfitRatio": 1, "researchAndDevelopmentExpenses": 0, "generalAndAdministrativeExpenses": 0, "sellingAndMarketingExpenses": 0, "sellingGeneralAndAdministrativeExpenses": 0, "otherExpenses": 939800000, "operatingExpenses": 939800000, "costAndExpenses": 939800000, "interestIncome": 0, "interestExpense": 51800000, "depreciationAndAmortization": 0, "ebitda": 146900000, "ebitdaratio": 0.1351799025, "operatingIncome": 146900000, "operatingIncomeRatio": 0.1351799025, "totalOtherIncomeExpensesNet": -52300000, "incomeBeforeTax": 94600000, "incomeBeforeTaxRatio": 0.0870525444, "incomeTaxExpense": 200000, "netIncome": 94900000, "netIncomeRatio": 0.0873286096, "eps": 0.67, "epsdiluted": 0.66, "weightedAverageShsOut": 142278861, "weightedAverageShsOutDil": 142993830, "link": null, "finalLink": null, "calculatedOtherExpenses": 939800000, "calculatedOperatingExpenses": 939800000, "calculatedNetInterest": -51800000, "calculatedOtherIncome": -500000, "calculatedIncomeNonControlling": -500000, "calculatedEbitda": 146900000}, {"date": "1990-12-31", "symbol": "JEF", "reportedCurrency": "USD", "cik": "0000096223", "fillingDate": "1990-12-31", "acceptedDate": "1990-12-31 00:00:00", "calendarYear": "1990", "period": "FY", "revenue": 674900000, "costOfRevenue": 0, "grossProfit": 674900000, "grossProfitRatio": 1, "researchAndDevelopmentExpenses": 0, "generalAndAdministrativeExpenses": 0, "sellingAndMarketingExpenses": 0, "sellingGeneralAndAdministrativeExpenses": 0, "otherExpenses": 548800000, "operatingExpenses": 548800000, "costAndExpenses": 548800000, "interestIncome": 0, "interestExpense": 64900000, "depreciationAndAmortization": 0, "ebitda": 126100000, "ebitdaratio": 0.1868424952, "operatingIncome": 126100000, "operatingIncomeRatio": 0.1868424952, "totalOtherIncomeExpensesNet": -47200000, "incomeBeforeTax": 78900000, "incomeBeforeTaxRatio": 0.1169062083, "incomeTaxExpense": 13900000, "netIncome": 47300000, "netIncomeRatio": 0.070084457, "eps": 0.32, "epsdiluted": 0.32, "weightedAverageShsOut": 146215552, "weightedAverageShsOutDil": 146215552, "link": null, "finalLink": null, "calculatedOtherExpenses": 548800000, "calculatedOperatingExpenses": 548800000, "calculatedNetInterest": -64900000, "calculatedOtherIncome": 17700000, "calculatedIncomeNonControlling": 17700000, "calculatedEbitda": 126100000}, {"date": "1989-12-31", "symbol": "JEF", "reportedCurrency": "USD", "cik": "0000096223", "fillingDate": "1989-12-31", "acceptedDate": "1989-12-31 00:00:00", "calendarYear": "1989", "period": "FY", "revenue": 668800000, "costOfRevenue": 0, "grossProfit": 668800000, "grossProfitRatio": 1, "researchAndDevelopmentExpenses": 0, "generalAndAdministrativeExpenses": 0, "sellingAndMarketingExpenses": 0, "sellingGeneralAndAdministrativeExpenses": 0, "otherExpenses": 577600000, "operatingExpenses": 577600000, "costAndExpenses": 577600000, "interestIncome": 0, "interestExpense": 14600000, "depreciationAndAmortization": 0, "ebitda": 91200000, "ebitdaratio": 0.1363636364, "operatingIncome": 91200000, "operatingIncomeRatio": 0.1363636364, "totalOtherIncomeExpensesNet": -56200000, "incomeBeforeTax": 35000000, "incomeBeforeTaxRatio": 0.0523325359, "incomeTaxExpense": 12300000, "netIncome": 64300000, "netIncomeRatio": 0.0961423445, "eps": 0.4, "epsdiluted": 0.39, "weightedAverageShsOut": 159341817, "weightedAverageShsOutDil": 163392880, "link": null, "finalLink": null, "calculatedOtherExpenses": 577600000, "calculatedOperatingExpenses": 577600000, "calculatedNetInterest": -14600000, "calculatedOtherIncome": -41600000, "calculatedIncomeNonControlling": -41600000, "calculatedEbitda": 91200000}, {"date": "1988-12-31", "symbol": "JEF", "reportedCurrency": "USD", "cik": "0000096223", "fillingDate": "1988-12-31", "acceptedDate": "1988-12-31 00:00:00", "calendarYear": "1988", "period": "FY", "revenue": 900000000, "costOfRevenue": 0, "grossProfit": 900000000, "grossProfitRatio": 1, "researchAndDevelopmentExpenses": 0, "generalAndAdministrativeExpenses": 0, "sellingAndMarketingExpenses": 0, "sellingGeneralAndAdministrativeExpenses": 0, "otherExpenses": 806300000, "operatingExpenses": 806300000, "costAndExpenses": 806300000, "interestIncome": 0, "interestExpense": 61800000, "depreciationAndAmortization": 0, "ebitda": 93700000, "ebitdaratio": 0.1041111111, "operatingIncome": 93700000, "operatingIncomeRatio": 0.1041111111, "totalOtherIncomeExpensesNet": -61800000, "incomeBeforeTax": 31900000, "incomeBeforeTaxRatio": 0.0354444444, "incomeTaxExpense": 8200000, "netIncome": 23700000, "netIncomeRatio": 0.0263333333, "eps": 0.15, "epsdiluted": 0.15, "weightedAverageShsOut": 157921039, "weightedAverageShsOutDil": 161510154, "link": null, "finalLink": null, "calculatedOtherExpenses": 806300000, "calculatedOperatingExpenses": 806300000, "calculatedNetInterest": -61800000, "calculatedOtherIncome": 0, "calculatedIncomeNonControlling": 0, "calculatedEbitda": 93700000}, {"date": "1987-12-31", "symbol": "JEF", "reportedCurrency": "USD", "cik": "0000096223", "fillingDate": "1987-12-31", "acceptedDate": "1987-12-31 00:00:00", "calendarYear": "1987", "period": "FY", "revenue": 368100000, "costOfRevenue": 0, "grossProfit": 368100000, "grossProfitRatio": 1, "researchAndDevelopmentExpenses": 0, "generalAndAdministrativeExpenses": 0, "sellingAndMarketingExpenses": 0, "sellingGeneralAndAdministrativeExpenses": 0, "otherExpenses": 349800000, "operatingExpenses": 349800000, "costAndExpenses": 349800000, "interestIncome": 0, "interestExpense": 33100000, "depreciationAndAmortization": 0, "ebitda": 18300000, "ebitdaratio": 0.0497147514, "operatingIncome": 18300000, "operatingIncomeRatio": 0.0497147514, "totalOtherIncomeExpensesNet": -31200000, "incomeBeforeTax": -12900000, "incomeBeforeTaxRatio": -0.0350448248, "incomeTaxExpense": 3300000, "netIncome": -18100000, "netIncomeRatio": -0.0491714208, "eps": -0.11, "epsdiluted": -0.11, "weightedAverageShsOut": 159626069, "weightedAverageShsOutDil": 159626069, "link": null, "finalLink": null, "calculatedOtherExpenses": 349800000, "calculatedOperatingExpenses": 349800000, "calculatedNetInterest": -33100000, "calculatedOtherIncome": 1900000, "calculatedIncomeNonControlling": 1900000, "calculatedEbitda": 18300000}, {"date": "1986-12-31", "symbol": "JEF", "reportedCurrency": "USD", "cik": "0000096223", "fillingDate": "1986-12-31", "acceptedDate": "1986-12-31 00:00:00", "calendarYear": "1986", "period": "FY", "revenue": 320800000, "costOfRevenue": 0, "grossProfit": 320800000, "grossProfitRatio": 1, "researchAndDevelopmentExpenses": 0, "generalAndAdministrativeExpenses": 0, "sellingAndMarketingExpenses": 0, "sellingGeneralAndAdministrativeExpenses": 0, "otherExpenses": 288000000, "operatingExpenses": 288000000, "costAndExpenses": 288000000, "interestIncome": 0, "interestExpense": -23800000, "depreciationAndAmortization": 0, "ebitda": 32800000, "ebitdaratio": 0.102244389, "operatingIncome": 32800000, "operatingIncomeRatio": 0.102244389, "totalOtherIncomeExpensesNet": -29800000, "incomeBeforeTax": 3000000, "incomeBeforeTaxRatio": 0.0093516209, "incomeTaxExpense": -8100000, "netIncome": 64700000, "netIncomeRatio": 0.2016832918, "eps": 0.38, "epsdiluted": 0.37, "weightedAverageShsOut": 171684069, "weightedAverageShsOutDil": 173216963, "link": null, "finalLink": null, "calculatedOtherExpenses": 288000000, "calculatedOperatingExpenses": 288000000, "calculatedNetInterest": 23800000, "calculatedOtherIncome": -53600000, "calculatedIncomeNonControlling": -53600000, "calculatedEbitda": 32800000}, {"date": "1985-12-31", "symbol": "JEF", "reportedCurrency": "USD", "cik": "0000096223", "fillingDate": "1985-12-31", "acceptedDate": "1985-12-31 00:00:00", "calendarYear": "1985", "period": "FY", "revenue": 294600000, "costOfRevenue": 0, "grossProfit": 294600000, "grossProfitRatio": 1, "researchAndDevelopmentExpenses": 0, "generalAndAdministrativeExpenses": 0, "sellingAndMarketingExpenses": 0, "sellingGeneralAndAdministrativeExpenses": 0, "otherExpenses": 226400000, "operatingExpenses": 226400000, "costAndExpenses": 226400000, "interestIncome": 0, "interestExpense": 34100000, "depreciationAndAmortization": 0, "ebitda": 68200000, "ebitdaratio": 0.2315003394, "operatingIncome": 68200000, "operatingIncomeRatio": 0.2315003394, "totalOtherIncomeExpensesNet": -35000000, "incomeBeforeTax": 33200000, "incomeBeforeTaxRatio": 0.1126951799, "incomeTaxExpense": 11000000, "netIncome": 23100000, "netIncomeRatio": 0.0784114053, "eps": 0.12, "epsdiluted": 0.11, "weightedAverageShsOut": 178196616, "weightedAverageShsOutDil": 183437693, "link": null, "finalLink": null, "calculatedOtherExpenses": 226400000, "calculatedOperatingExpenses": 226400000, "calculatedNetInterest": -34100000, "calculatedOtherIncome": -900000, "calculatedIncomeNonControlling": -900000, "calculatedEbitda": 68200000}]}