{"originalCurrency": "USD", "convertedCurrency": "USD", "report": [{"date": "2023-09-30", "symbol": "JJSF", "reportedCurrency": "USD", "cik": "0000785956", "fillingDate": "2023-11-28", "acceptedDate": "2023-11-28 17:00:50", "calendarYear": "2023", "period": "FY", "revenue": 1558829000, "costOfRevenue": 1088964000, "grossProfit": 469865000, "grossProfitRatio": 0.3014217724, "researchAndDevelopmentExpenses": 1200000, "generalAndAdministrativeExpenses": 75607000, "sellingAndMarketingExpenses": 283062000, "sellingGeneralAndAdministrativeExpenses": 358669000, "otherExpenses": 250089000, "operatingExpenses": 358669000, "costAndExpenses": 1447633000, "interestIncome": 3443000, "interestExpense": 4747000, "depreciationAndAmortization": 63141000, "ebitda": 174337000, "ebitdaratio": 0.1118384377, "operatingIncome": 109518000, "operatingIncomeRatio": 0.0702565836, "totalOtherIncomeExpensesNet": 1065000, "incomeBeforeTax": 107514000, "incomeBeforeTaxRatio": 0.0689710032, "incomeTaxExpense": 28608000, "netIncome": 78906000, "netIncomeRatio": 0.0506187658, "eps": 4.1, "epsdiluted": 4.08, "weightedAverageShsOut": 19257000, "weightedAverageShsOutDil": 19324000, "link": "https://www.sec.gov/Archives/edgar/data/785956/000143774923033110/0001437749-23-033110-index.htm", "finalLink": "https://www.sec.gov/Archives/edgar/data/785956/000143774923033110/jjsf20230923_10k.htm", "calculatedOtherExpenses": 478000, "calculatedOperatingExpenses": 360347000, "calculatedNetInterest": -1304000, "calculatedOtherIncome": -700000, "calculatedIncomeNonControlling": 0, "calculatedEbitda": 172659000}, {"date": "2022-09-24", "symbol": "JJSF", "reportedCurrency": "USD", "cik": "0000785956", "fillingDate": "2022-11-22", "acceptedDate": "2022-11-22 17:00:44", "calendarYear": "2022", "period": "FY", "revenue": 1380656000, "costOfRevenue": 1011014000, "grossProfit": 369642000, "grossProfitRatio": 0.2677292533, "researchAndDevelopmentExpenses": 700000, "generalAndAdministrativeExpenses": 55560000, "sellingAndMarketingExpenses": 251273000, "sellingGeneralAndAdministrativeExpenses": 306833000, "otherExpenses": 216207000, "operatingExpenses": 306833000, "costAndExpenses": 1317847000, "interestIncome": 1280000, "interestExpense": 1025000, "depreciationAndAmortization": 54133000, "ebitda": 115932000, "ebitdaratio": 0.0839687801, "operatingIncome": 61799000, "operatingIncomeRatio": 0.0447606066, "totalOtherIncomeExpensesNet": -45000, "incomeBeforeTax": 61754000, "incomeBeforeTaxRatio": 0.0447280134, "incomeTaxExpense": 14519000, "netIncome": 47235000, "netIncomeRatio": 0.0342119978, "eps": 2.47, "epsdiluted": 2.46, "weightedAverageShsOut": 19148000, "weightedAverageShsOutDil": 19213000, "link": "https://www.sec.gov/Archives/edgar/data/785956/000143774922027923/0001437749-22-027923-index.htm", "finalLink": "https://www.sec.gov/Archives/edgar/data/785956/000143774922027923/jjsf20220924_10k.htm", "calculatedOtherExpenses": 310000, "calculatedOperatingExpenses": 307843000, "calculatedNetInterest": 255000, "calculatedOtherIncome": -300000, "calculatedIncomeNonControlling": 0, "calculatedEbitda": 115932000}, {"date": "2021-09-25", "symbol": "JJSF", "reportedCurrency": "USD", "cik": "0000785956", "fillingDate": "2021-11-23", "acceptedDate": "2021-11-23 17:00:53", "calendarYear": "2021", "period": "FY", "revenue": 1144579000, "costOfRevenue": 845651000, "grossProfit": 298928000, "grossProfitRatio": 0.261168517, "researchAndDevelopmentExpenses": 619000, "generalAndAdministrativeExpenses": 40538000, "sellingAndMarketingExpenses": 186219000, "sellingGeneralAndAdministrativeExpenses": 226757000, "otherExpenses": -320000, "operatingExpenses": 226437000, "costAndExpenses": 1072088000, "interestIncome": 2602000, "interestExpense": 7000, "depreciationAndAmortization": 50664000, "ebitda": 121882000, "ebitdaratio": 0.1064863151, "operatingIncome": 71218000, "operatingIncomeRatio": 0.0622220048, "totalOtherIncomeExpensesNet": 2808000, "incomeBeforeTax": 74026000, "incomeBeforeTaxRatio": 0.0646753086, "incomeTaxExpense": 18419000, "netIncome": 55607000, "netIncomeRatio": 0.0485829287, "eps": 2.92, "epsdiluted": 2.91, "weightedAverageShsOut": 19013000, "weightedAverageShsOutDil": 19133000, "link": "https://www.sec.gov/Archives/edgar/data/785956/000143774921027317/0001437749-21-027317-index.htm", "finalLink": "https://www.sec.gov/Archives/edgar/data/785956/000143774921027317/jjsf20210925_10k.htm", "calculatedOtherExpenses": 334000, "calculatedOperatingExpenses": 227710000, "calculatedNetInterest": 2595000, "calculatedOtherIncome": 213000, "calculatedIncomeNonControlling": 0, "calculatedEbitda": 121882000}, {"date": "2020-09-26", "symbol": "JJSF", "reportedCurrency": "USD", "cik": "0000785956", "fillingDate": "2020-11-25", "acceptedDate": "2020-11-25 13:08:13", "calendarYear": "2020", "period": "FY", "revenue": 1022038000, "costOfRevenue": 783611000, "grossProfit": 238427000, "grossProfitRatio": 0.2332858465, "researchAndDevelopmentExpenses": 680000, "generalAndAdministrativeExpenses": 36747000, "sellingAndMarketingExpenses": 177736000, "sellingGeneralAndAdministrativeExpenses": 214483000, "otherExpenses": 363000, "operatingExpenses": 214846000, "costAndExpenses": 998457000, "interestIncome": 5321000, "interestExpense": 84000, "depreciationAndAmortization": 53048000, "ebitda": 76629000, "ebitdaratio": 0.0749766643, "operatingIncome": 23581000, "operatingIncomeRatio": 0.0230725276, "totalOtherIncomeExpensesNet": -2115000, "incomeBeforeTax": 21466000, "incomeBeforeTaxRatio": 0.021003133, "incomeTaxExpense": 3161000, "netIncome": 18305000, "netIncomeRatio": 0.017910293, "eps": 0.97, "epsdiluted": 0.96, "weightedAverageShsOut": 18901000, "weightedAverageShsOutDil": 19032000, "link": "https://www.sec.gov/Archives/edgar/data/785956/000143774920024447/0001437749-20-024447-index.htm", "finalLink": "https://www.sec.gov/Archives/edgar/data/785956/000143774920024447/jjsf20200926_10k.htm", "calculatedOtherExpenses": -317000, "calculatedOperatingExpenses": 214846000, "calculatedNetInterest": 5237000, "calculatedOtherIncome": -7352000, "calculatedIncomeNonControlling": 0, "calculatedEbitda": 76629000}, {"date": "2019-09-28", "symbol": "JJSF", "reportedCurrency": "USD", "cik": "0000785956", "fillingDate": "2019-11-27", "acceptedDate": "2019-11-27 14:01:05", "calendarYear": "2019", "period": "FY", "revenue": 1186487000, "costOfRevenue": 836086000, "grossProfit": 350401000, "grossProfitRatio": 0.2953264553, "researchAndDevelopmentExpenses": 645000, "generalAndAdministrativeExpenses": 40721000, "sellingAndMarketingExpenses": 191316000, "sellingGeneralAndAdministrativeExpenses": 232037000, "otherExpenses": 1408000, "operatingExpenses": 233445000, "costAndExpenses": 1069531000, "interestIncome": 1880000, "interestExpense": 1880000, "depreciationAndAmortization": 40869000, "ebitda": 157825000, "ebitdaratio": 0.1330187351, "operatingIncome": 116956000, "operatingIncomeRatio": 0.0985733514, "totalOtherIncomeExpensesNet": 9621000, "incomeBeforeTax": 126577000, "incomeBeforeTaxRatio": 0.1066821634, "incomeTaxExpense": 31758000, "netIncome": 94819000, "netIncomeRatio": 0.0799157513, "eps": 5.04, "epsdiluted": 5, "weightedAverageShsOut": 18812000, "weightedAverageShsOutDil": 18959000, "link": "https://www.sec.gov/Archives/edgar/data/785956/000143774919023629/0001437749-19-023629-index.htm", "finalLink": "https://www.sec.gov/Archives/edgar/data/785956/000143774919023629/jjsf20190928_10k.htm", "calculatedOtherExpenses": 763000, "calculatedOperatingExpenses": 233445000, "calculatedNetInterest": 0, "calculatedOtherIncome": 9621000, "calculatedIncomeNonControlling": 0, "calculatedEbitda": 157825000}, {"date": "2018-09-29", "symbol": "JJSF", "reportedCurrency": "USD", "cik": "0000785956", "fillingDate": "2018-11-28", "acceptedDate": "2018-11-28 14:46:47", "calendarYear": "2018", "period": "FY", "revenue": 1138265000, "costOfRevenue": 801979000, "grossProfit": 336286000, "grossProfitRatio": 0.2954373542, "researchAndDevelopmentExpenses": 623000, "generalAndAdministrativeExpenses": 37825000, "sellingAndMarketingExpenses": 187686000, "sellingGeneralAndAdministrativeExpenses": 225511000, "otherExpenses": 130106000, "operatingExpenses": 225511000, "costAndExpenses": 1027490000, "interestIncome": 1110000, "interestExpense": -1110000, "depreciationAndAmortization": 46477000, "ebitda": 157252000, "ebitdaratio": 0.1381506064, "operatingIncome": 110775000, "operatingIncomeRatio": 0.0973191656, "totalOtherIncomeExpensesNet": 6267000, "incomeBeforeTax": 118152000, "incomeBeforeTaxRatio": 0.1038000817, "incomeTaxExpense": 14556000, "netIncome": 103596000, "netIncomeRatio": 0.0910121984, "eps": 5.54, "epsdiluted": 5.51, "weightedAverageShsOut": 18694000, "weightedAverageShsOutDil": 18817000, "link": "https://www.sec.gov/Archives/edgar/data/785956/000143774918021339/0001437749-18-021339-index.htm", "finalLink": "https://www.sec.gov/Archives/edgar/data/785956/000143774918021339/jjsf20180929_10k.htm", "calculatedOtherExpenses": -623000, "calculatedOperatingExpenses": 225511000, "calculatedNetInterest": 2220000, "calculatedOtherIncome": 5157000, "calculatedIncomeNonControlling": 0, "calculatedEbitda": 157252000}, {"date": "2017-09-30", "symbol": "JJSF", "reportedCurrency": "USD", "cik": "0000785956", "fillingDate": "2017-11-28", "acceptedDate": "2017-11-28 15:54:16", "calendarYear": "2017", "period": "FY", "revenue": 1084224000, "costOfRevenue": 753201000, "grossProfit": 331023000, "grossProfitRatio": 0.3053086816, "researchAndDevelopmentExpenses": 674000, "generalAndAdministrativeExpenses": 36698000, "sellingAndMarketingExpenses": 176218000, "sellingGeneralAndAdministrativeExpenses": 212916000, "otherExpenses": 118522000, "operatingExpenses": 212916000, "costAndExpenses": 966117000, "interestIncome": 0, "interestExpense": 1196000, "depreciationAndAmortization": 42445000, "ebitda": 160552000, "ebitdaratio": 0.1480801015, "operatingIncome": 118107000, "operatingIncomeRatio": 0.1089322871, "totalOtherIncomeExpensesNet": 5289000, "incomeBeforeTax": 122200000, "incomeBeforeTaxRatio": 0.1127073372, "incomeTaxExpense": 43026000, "netIncome": 79174000, "netIncomeRatio": 0.0730236556, "eps": 4.23, "epsdiluted": 4.21, "weightedAverageShsOut": 18707000, "weightedAverageShsOutDil": 18816000, "link": "https://www.sec.gov/Archives/edgar/data/785956/000143774917019872/0001437749-17-019872-index.htm", "finalLink": "https://www.sec.gov/Archives/edgar/data/785956/000143774917019872/jjsf20170930_10k.htm", "calculatedOtherExpenses": -674000, "calculatedOperatingExpenses": 212916000, "calculatedNetInterest": -1196000, "calculatedOtherIncome": 5289000, "calculatedIncomeNonControlling": 0, "calculatedEbitda": 160552000}, {"date": "2016-09-24", "symbol": "JJSF", "reportedCurrency": "USD", "cik": "0000785956", "fillingDate": "2016-11-22", "acceptedDate": "2016-11-22 17:30:21", "calendarYear": "2016", "period": "FY", "revenue": 992781000, "costOfRevenue": 688314000, "grossProfit": 304467000, "grossProfitRatio": 0.3066809296, "researchAndDevelopmentExpenses": 525000, "generalAndAdministrativeExpenses": 32580000, "sellingAndMarketingExpenses": 159077000, "sellingGeneralAndAdministrativeExpenses": 191657000, "otherExpenses": 105694000, "operatingExpenses": 191657000, "costAndExpenses": 879971000, "interestIncome": 0, "interestExpense": 123000, "depreciationAndAmortization": 40123000, "ebitda": 152933000, "ebitdaratio": 0.1540450512, "operatingIncome": 112810000, "operatingIncomeRatio": 0.1136302971, "totalOtherIncomeExpensesNet": 4132000, "incomeBeforeTax": 116819000, "incomeBeforeTaxRatio": 0.1176684485, "incomeTaxExpense": 40844000, "netIncome": 75975000, "netIncomeRatio": 0.0765274517, "eps": 4.07, "epsdiluted": 4.05, "weightedAverageShsOut": 18649000, "weightedAverageShsOutDil": 18769000, "link": "https://www.sec.gov/Archives/edgar/data/785956/000143774916042541/0001437749-16-042541-index.htm", "finalLink": "https://www.sec.gov/Archives/edgar/data/785956/000143774916042541/jjsf20160817_10k.htm", "calculatedOtherExpenses": -525000, "calculatedOperatingExpenses": 191657000, "calculatedNetInterest": -123000, "calculatedOtherIncome": 4132000, "calculatedIncomeNonControlling": 0, "calculatedEbitda": 152933000}, {"date": "2015-09-26", "symbol": "JJSF", "reportedCurrency": "USD", "cik": "0000785956", "fillingDate": "2015-11-23", "acceptedDate": "2015-11-23 17:21:24", "calendarYear": "2015", "period": "FY", "revenue": 976256000, "costOfRevenue": 675366000, "grossProfit": 300890000, "grossProfitRatio": 0.308208093, "researchAndDevelopmentExpenses": 506000, "generalAndAdministrativeExpenses": 30684000, "sellingAndMarketingExpenses": 159318000, "sellingGeneralAndAdministrativeExpenses": 190002000, "otherExpenses": 0, "operatingExpenses": 190002000, "costAndExpenses": 865368000, "interestIncome": 0, "interestExpense": 126000, "depreciationAndAmortization": 38271000, "ebitda": 149159000, "ebitdaratio": 0.152786769, "operatingIncome": 110888000, "operatingIncomeRatio": 0.1135849613, "totalOtherIncomeExpensesNet": 1157000, "incomeBeforeTax": 111919000, "incomeBeforeTaxRatio": 0.1146410368, "incomeTaxExpense": 41736000, "netIncome": 70183000, "netIncomeRatio": 0.0718899551, "eps": 3.76, "epsdiluted": 3.73, "weightedAverageShsOut": 18685000, "weightedAverageShsOutDil": 18819000, "link": "https://www.sec.gov/Archives/edgar/data/785956/000143774915021364/0001437749-15-021364-index.htm", "finalLink": "https://www.sec.gov/Archives/edgar/data/785956/000143774915021364/jjsf20150926_10k.htm", "calculatedOtherExpenses": -506000, "calculatedOperatingExpenses": 190002000, "calculatedNetInterest": -126000, "calculatedOtherIncome": 1157000, "calculatedIncomeNonControlling": 0, "calculatedEbitda": 149159000}, {"date": "2014-09-27", "symbol": "JJSF", "reportedCurrency": "USD", "cik": "0000785956", "fillingDate": "2014-11-25", "acceptedDate": "2014-11-25 15:07:14", "calendarYear": "2014", "period": "FY", "revenue": 919451000, "costOfRevenue": 631874000, "grossProfit": 287577000, "grossProfitRatio": 0.312770338, "researchAndDevelopmentExpenses": 499000, "generalAndAdministrativeExpenses": 30938000, "sellingAndMarketingExpenses": 149791000, "sellingGeneralAndAdministrativeExpenses": 180729000, "otherExpenses": 102097000, "operatingExpenses": 180729000, "costAndExpenses": 812603000, "interestIncome": 0, "interestExpense": 115000, "depreciationAndAmortization": 37093000, "ebitda": 143941000, "ebitdaratio": 0.1565510288, "operatingIncome": 106848000, "operatingIncomeRatio": 0.1162084766, "totalOtherIncomeExpensesNet": 4473000, "incomeBeforeTax": 111206000, "incomeBeforeTaxRatio": 0.1209482615, "incomeTaxExpense": 39392000, "netIncome": 71814000, "netIncomeRatio": 0.0781053041, "eps": 3.85, "epsdiluted": 3.82, "weightedAverageShsOut": 18677000, "weightedAverageShsOutDil": 18807000, "link": "https://www.sec.gov/Archives/edgar/data/785956/000143774914021361/0001437749-14-021361-index.htm", "finalLink": "https://www.sec.gov/Archives/edgar/data/785956/000143774914021361/jjsf20140930_10k.htm", "calculatedOtherExpenses": -499000, "calculatedOperatingExpenses": 180729000, "calculatedNetInterest": -115000, "calculatedOtherIncome": 4473000, "calculatedIncomeNonControlling": 0, "calculatedEbitda": 143941000}, {"date": "2013-09-28", "symbol": "JJSF", "reportedCurrency": "USD", "cik": "0000785956", "fillingDate": "2013-11-26", "acceptedDate": "2013-11-26 16:35:39", "calendarYear": "2013", "period": "FY", "revenue": 867683000, "costOfRevenue": 604381000, "grossProfit": 263302000, "grossProfitRatio": 0.3034541417, "researchAndDevelopmentExpenses": 478000, "generalAndAdministrativeExpenses": 26797000, "sellingAndMarketingExpenses": 139101000, "sellingGeneralAndAdministrativeExpenses": 165898000, "otherExpenses": 0, "operatingExpenses": 165898000, "costAndExpenses": 770279000, "interestIncome": 0, "interestExpense": 106000, "depreciationAndAmortization": 33552000, "ebitda": 130956000, "ebitdaratio": 0.1509260871, "operatingIncome": 97404000, "operatingIncomeRatio": 0.1122575872, "totalOtherIncomeExpensesNet": 3492000, "incomeBeforeTax": 100790000, "incomeBeforeTaxRatio": 0.116159934, "incomeTaxExpense": 36409000, "netIncome": 64381000, "netIncomeRatio": 0.0741987569, "eps": 3.43, "epsdiluted": 3.41, "weightedAverageShsOut": 18785000, "weightedAverageShsOutDil": 18878000, "link": "https://www.sec.gov/Archives/edgar/data/785956/000143774913015349/0001437749-13-015349-index.htm", "finalLink": "https://www.sec.gov/Archives/edgar/data/785956/000143774913015349/jjsf20130930_10k.htm", "calculatedOtherExpenses": -478000, "calculatedOperatingExpenses": 165898000, "calculatedNetInterest": -106000, "calculatedOtherIncome": 3492000, "calculatedIncomeNonControlling": 0, "calculatedEbitda": 130956000}, {"date": "2012-09-29", "symbol": "JJSF", "reportedCurrency": "USD", "cik": "0000785956", "fillingDate": "2012-11-27", "acceptedDate": "2012-11-27 08:01:25", "calendarYear": "2012", "period": "FY", "revenue": 830796000, "costOfRevenue": 580611000, "grossProfit": 250185000, "grossProfitRatio": 0.3011389077, "researchAndDevelopmentExpenses": 501000, "generalAndAdministrativeExpenses": 26650000, "sellingAndMarketingExpenses": 138568000, "sellingGeneralAndAdministrativeExpenses": 165218000, "otherExpenses": 0, "operatingExpenses": 165218000, "costAndExpenses": 745829000, "interestIncome": 0, "interestExpense": 73000, "depreciationAndAmortization": 30937000, "ebitda": 115904000, "ebitdaratio": 0.1395095788, "operatingIncome": 84967000, "operatingIncomeRatio": 0.1022717972, "totalOtherIncomeExpensesNet": 1392000, "incomeBeforeTax": 86286000, "incomeBeforeTaxRatio": 0.1038594312, "incomeTaxExpense": 32168000, "netIncome": 54118000, "netIncomeRatio": 0.0651399381, "eps": 2.87, "epsdiluted": 2.86, "weightedAverageShsOut": 18854000, "weightedAverageShsOutDil": 18917000, "link": "https://www.sec.gov/Archives/edgar/data/785956/000143774912012188/0001437749-12-012188-index.htm", "finalLink": "https://www.sec.gov/Archives/edgar/data/785956/000143774912012188/jj_10k-092912.htm", "calculatedOtherExpenses": -501000, "calculatedOperatingExpenses": 165218000, "calculatedNetInterest": -73000, "calculatedOtherIncome": 1392000, "calculatedIncomeNonControlling": 0, "calculatedEbitda": 115904000}, {"date": "2011-09-24", "symbol": "JJSF", "reportedCurrency": "USD", "cik": "0000785956", "fillingDate": "2011-12-06", "acceptedDate": "2011-12-06 06:04:19", "calendarYear": "2011", "period": "FY", "revenue": 744071000, "costOfRevenue": 514297000, "grossProfit": 229774000, "grossProfitRatio": 0.3088065521, "researchAndDevelopmentExpenses": 0, "generalAndAdministrativeExpenses": 82030000, "sellingAndMarketingExpenses": 70637000, "sellingGeneralAndAdministrativeExpenses": 152667000, "otherExpenses": 524000, "operatingExpenses": 153191000, "costAndExpenses": 667488000, "interestIncome": 0, "interestExpense": 138000, "depreciationAndAmortization": 30234000, "ebitda": 106817000, "ebitdaratio": 0.1435575368, "operatingIncome": 76583000, "operatingIncomeRatio": 0.1029243177, "totalOtherIncomeExpensesNet": 7621000, "incomeBeforeTax": 84066000, "incomeBeforeTaxRatio": 0.1129811537, "incomeTaxExpense": 29003000, "netIncome": 55063000, "netIncomeRatio": 0.0740023466, "eps": 2.95, "epsdiluted": 2.93, "weightedAverageShsOut": 18672000, "weightedAverageShsOutDil": 18789000, "link": "https://www.sec.gov/Archives/edgar/data/785956/000143774911009260/0001437749-11-009260-index.htm", "finalLink": "https://www.sec.gov/Archives/edgar/data/785956/000143774911009260/jjsf_10k-092411.htm", "calculatedOtherExpenses": 524000, "calculatedOperatingExpenses": 153191000, "calculatedNetInterest": -138000, "calculatedOtherIncome": 7621000, "calculatedIncomeNonControlling": 0, "calculatedEbitda": 106817000}, {"date": "2010-09-25", "symbol": "JJSF", "reportedCurrency": "USD", "cik": "0000785956", "fillingDate": "2010-12-07", "acceptedDate": "2010-12-06 17:38:30", "calendarYear": "2010", "period": "FY", "revenue": 696703000, "costOfRevenue": 468923000, "grossProfit": 227780000, "grossProfitRatio": 0.3269398869, "researchAndDevelopmentExpenses": 0, "generalAndAdministrativeExpenses": 26369000, "sellingAndMarketingExpenses": 124249000, "sellingGeneralAndAdministrativeExpenses": 150618000, "otherExpenses": 0, "operatingExpenses": 150618000, "costAndExpenses": 619541000, "interestIncome": 0, "interestExpense": 179000, "depreciationAndAmortization": 29852000, "ebitda": 107014000, "ebitdaratio": 0.1536006017, "operatingIncome": 77162000, "operatingIncomeRatio": 0.1107530756, "totalOtherIncomeExpensesNet": 1114000, "incomeBeforeTax": 78097000, "incomeBeforeTaxRatio": 0.1120951108, "incomeTaxExpense": 29688000, "netIncome": 48409000, "netIncomeRatio": 0.0694829791, "eps": 2.61, "epsdiluted": 2.59, "weightedAverageShsOut": 18528000, "weightedAverageShsOutDil": 18703000, "link": "https://www.sec.gov/Archives/edgar/data/785956/000114544310002802/0001145443-10-002802-index.htm", "finalLink": "https://www.sec.gov/Archives/edgar/data/785956/000114544310002802/d27493.htm", "calculatedOtherExpenses": 0, "calculatedOperatingExpenses": 150618000, "calculatedNetInterest": -179000, "calculatedOtherIncome": 1114000, "calculatedIncomeNonControlling": 0, "calculatedEbitda": 107014000}, {"date": "2009-09-26", "symbol": "JJSF", "reportedCurrency": "USD", "cik": "0000785956", "fillingDate": "2009-12-08", "acceptedDate": "2009-12-08 12:21:54", "calendarYear": "2009", "period": "FY", "revenue": 653047000, "costOfRevenue": 444203000, "grossProfit": 208844000, "grossProfitRatio": 0.3197993406, "researchAndDevelopmentExpenses": 0, "generalAndAdministrativeExpenses": 72418000, "sellingAndMarketingExpenses": 69493000, "sellingGeneralAndAdministrativeExpenses": 141911000, "otherExpenses": -5000, "operatingExpenses": 141906000, "costAndExpenses": 586109000, "interestIncome": 1386000, "interestExpense": 115000, "depreciationAndAmortization": 27753000, "ebitda": 94691000, "ebitdaratio": 0.144998752, "operatingIncome": 66938000, "operatingIncomeRatio": 0.1025010451, "totalOtherIncomeExpensesNet": 1271000, "incomeBeforeTax": 68209000, "incomeBeforeTaxRatio": 0.1044473062, "incomeTaxExpense": 26897000, "netIncome": 41312000, "netIncomeRatio": 0.0632603779, "eps": 2.23, "epsdiluted": 2.21, "weightedAverageShsOut": 18516000, "weightedAverageShsOutDil": 18713000, "link": "https://www.sec.gov/Archives/edgar/data/785956/000114544309003257/0001145443-09-003257-index.htm", "finalLink": "https://www.sec.gov/Archives/edgar/data/785956/000114544309003257/d25747.htm", "calculatedOtherExpenses": -5000, "calculatedOperatingExpenses": 141906000, "calculatedNetInterest": 1271000, "calculatedOtherIncome": 0, "calculatedIncomeNonControlling": 0, "calculatedEbitda": 94691000}, {"date": "2008-09-27", "symbol": "JJSF", "reportedCurrency": "USD", "cik": "0000785956", "fillingDate": "2008-12-09", "acceptedDate": "2008-12-09 10:02:00", "calendarYear": "2008", "period": "FY", "revenue": 629359000, "costOfRevenue": 442452000, "grossProfit": 186907000, "grossProfitRatio": 0.2969799431, "researchAndDevelopmentExpenses": 0, "generalAndAdministrativeExpenses": 74154000, "sellingAndMarketingExpenses": 69792000, "sellingGeneralAndAdministrativeExpenses": 143946000, "otherExpenses": -375000, "operatingExpenses": 143571000, "costAndExpenses": 586023000, "interestIncome": 0, "interestExpense": -5589000, "depreciationAndAmortization": 27470000, "ebitda": 67766000, "ebitdaratio": 0.107674634, "operatingIncome": 43336000, "operatingIncomeRatio": 0.0688573612, "totalOtherIncomeExpensesNet": 3040000, "incomeBeforeTax": 45885000, "incomeBeforeTaxRatio": 0.0729075138, "incomeTaxExpense": 17977000, "netIncome": 27908000, "netIncomeRatio": 0.0443435305, "eps": 1.49, "epsdiluted": 1.47, "weightedAverageShsOut": 18770000, "weightedAverageShsOutDil": 19008000, "link": "https://www.sec.gov/Archives/edgar/data/785956/000136110608000491/0001361106-08-000491-index.htm", "finalLink": "https://www.sec.gov/Archives/edgar/data/785956/000136110608000491/jjsnackfoods_10k-092708.htm", "calculatedOtherExpenses": -375000, "calculatedOperatingExpenses": 143571000, "calculatedNetInterest": 5589000, "calculatedOtherIncome": -3040000, "calculatedIncomeNonControlling": 0, "calculatedEbitda": 70806000}, {"date": "2007-09-29", "symbol": "JJSF", "reportedCurrency": "USD", "cik": "0000785956", "fillingDate": "2007-12-07", "acceptedDate": "2007-12-07 10:02:08", "calendarYear": "2007", "period": "FY", "revenue": 568901000, "costOfRevenue": 382374000, "grossProfit": 186527000, "grossProfitRatio": 0.3278725121, "researchAndDevelopmentExpenses": 0, "generalAndAdministrativeExpenses": 0, "sellingAndMarketingExpenses": 0, "sellingGeneralAndAdministrativeExpenses": 139335000, "otherExpenses": -1388000, "operatingExpenses": 137947000, "costAndExpenses": 520321000, "interestIncome": 0, "interestExpense": -6686000, "depreciationAndAmortization": 27008000, "ebitda": 71480000, "ebitdaratio": 0.1256457626, "operatingIncome": 48580000, "operatingIncomeRatio": 0.0853927133, "totalOtherIncomeExpensesNet": 4108000, "incomeBeforeTax": 51158000, "incomeBeforeTaxRatio": 0.0899242575, "incomeTaxExpense": 19046000, "netIncome": 32112000, "netIncomeRatio": 0.0564456733, "eps": 1.72, "epsdiluted": 1.69, "weightedAverageShsOut": 18635000, "weightedAverageShsOutDil": 19005000, "link": "https://www.sec.gov/Archives/edgar/data/785956/000089322007003918/0000893220-07-003918-index.htm", "finalLink": "https://www.sec.gov/Archives/edgar/data/785956/000089322007003918/w43136e10vk.htm", "calculatedOtherExpenses": -1388000, "calculatedOperatingExpenses": 137947000, "calculatedNetInterest": 6686000, "calculatedOtherIncome": -4108000, "calculatedIncomeNonControlling": 0, "calculatedEbitda": 75588000}, {"date": "2006-09-30", "symbol": "JJSF", "reportedCurrency": "USD", "cik": "0000785956", "fillingDate": "2006-12-08", "acceptedDate": "2006-12-08 14:59:09", "calendarYear": "2006", "period": "FY", "revenue": 514831000, "costOfRevenue": 342412000, "grossProfit": 172419000, "grossProfitRatio": 0.3349040753, "researchAndDevelopmentExpenses": 0, "generalAndAdministrativeExpenses": 0, "sellingAndMarketingExpenses": 0, "sellingGeneralAndAdministrativeExpenses": 126162000, "otherExpenses": 1193000, "operatingExpenses": 127355000, "costAndExpenses": 469767000, "interestIncome": 0, "interestExpense": -4952000, "depreciationAndAmortization": 24608000, "ebitda": 67728000, "ebitdaratio": 0.1315538497, "operatingIncome": 45064000, "operatingIncomeRatio": 0.0875316366, "totalOtherIncomeExpensesNet": 1944000, "incomeBeforeTax": 48072000, "incomeBeforeTaxRatio": 0.0933743306, "incomeTaxExpense": 18622000, "netIncome": 29450000, "netIncomeRatio": 0.0572032376, "eps": 1.6, "epsdiluted": 1.57, "weightedAverageShsOut": 18421000, "weightedAverageShsOutDil": 18807000, "link": "https://www.sec.gov/Archives/edgar/data/785956/000112528206007681/0001125282-06-007681-index.htm", "finalLink": "https://www.sec.gov/Archives/edgar/data/785956/000112528206007681/b415798_10k.htm", "calculatedOtherExpenses": 1193000, "calculatedOperatingExpenses": 127355000, "calculatedNetInterest": 4952000, "calculatedOtherIncome": -1944000, "calculatedIncomeNonControlling": 0, "calculatedEbitda": 69672000}, {"date": "2005-09-24", "symbol": "JJSF", "reportedCurrency": "USD", "cik": "0000785956", "fillingDate": "2005-12-07", "acceptedDate": "2005-12-07 11:40:22", "calendarYear": "2005", "period": "FY", "revenue": 457112000, "costOfRevenue": 302065000, "grossProfit": 155047000, "grossProfitRatio": 0.3391882077, "researchAndDevelopmentExpenses": 0, "generalAndAdministrativeExpenses": 0, "sellingAndMarketingExpenses": 0, "sellingGeneralAndAdministrativeExpenses": 114798000, "otherExpenses": 0, "operatingExpenses": 114798000, "costAndExpenses": 416863000, "interestIncome": 0, "interestExpense": -3242000, "depreciationAndAmortization": 24262000, "ebitda": 62822000, "ebitdaratio": 0.1374324017, "operatingIncome": 40249000, "operatingIncomeRatio": 0.0880506309, "totalOtherIncomeExpensesNet": 1689000, "incomeBeforeTax": 41802000, "incomeBeforeTaxRatio": 0.0914480477, "incomeTaxExpense": 15759000, "netIncome": 26043000, "netIncomeRatio": 0.0569729082, "eps": 0.72, "epsdiluted": 0.7, "weightedAverageShsOut": 18156000, "weightedAverageShsOutDil": 18566000, "link": "https://www.sec.gov/Archives/edgar/data/785956/000095011605003725/0000950116-05-003725-index.htm", "finalLink": "https://www.sec.gov/Archives/edgar/data/785956/000095011605003725/ten-k.htm", "calculatedOtherExpenses": 0, "calculatedOperatingExpenses": 114798000, "calculatedNetInterest": 3242000, "calculatedOtherIncome": -1689000, "calculatedIncomeNonControlling": 0, "calculatedEbitda": 64511000}, {"date": "2004-09-25", "symbol": "JJSF", "reportedCurrency": "USD", "cik": "0000785956", "fillingDate": "2004-12-08", "acceptedDate": "2004-12-08 11:14:55", "calendarYear": "2004", "period": "FY", "revenue": 416588000, "costOfRevenue": 276379000, "grossProfit": 140209000, "grossProfitRatio": 0.3365651435, "researchAndDevelopmentExpenses": 0, "generalAndAdministrativeExpenses": 0, "sellingAndMarketingExpenses": 0, "sellingGeneralAndAdministrativeExpenses": 105017000, "otherExpenses": 0, "operatingExpenses": 105017000, "costAndExpenses": 381396000, "interestIncome": 0, "interestExpense": -1019000, "depreciationAndAmortization": 24068000, "ebitda": 58694000, "ebitdaratio": 0.1408922004, "operatingIncome": 35192000, "operatingIncomeRatio": 0.0844767492, "totalOtherIncomeExpensesNet": 566000, "incomeBeforeTax": 35645000, "incomeBeforeTaxRatio": 0.0855641545, "incomeTaxExpense": 12935000, "netIncome": 22710000, "netIncomeRatio": 0.0545142923, "eps": 0.64, "epsdiluted": 0.62, "weightedAverageShsOut": 17746000, "weightedAverageShsOutDil": 18244000, "link": "https://www.sec.gov/Archives/edgar/data/785956/000095011604003710/0000950116-04-003710-index.htm", "finalLink": "https://www.sec.gov/Archives/edgar/data/785956/000095011604003710/ten-k.htm", "calculatedOtherExpenses": 0, "calculatedOperatingExpenses": 105017000, "calculatedNetInterest": 1019000, "calculatedOtherIncome": -566000, "calculatedIncomeNonControlling": 0, "calculatedEbitda": 59260000}, {"date": "2003-09-27", "symbol": "JJSF", "reportedCurrency": "USD", "cik": "0000785956", "fillingDate": "2003-12-18", "acceptedDate": "2003-12-18 08:58:36", "calendarYear": "2003", "period": "FY", "revenue": 364567000, "costOfRevenue": 239722000, "grossProfit": 124845000, "grossProfitRatio": 0.3424473416, "researchAndDevelopmentExpenses": 0, "generalAndAdministrativeExpenses": 0, "sellingAndMarketingExpenses": 0, "sellingGeneralAndAdministrativeExpenses": 93998000, "otherExpenses": 0, "operatingExpenses": 93998000, "costAndExpenses": 333720000, "interestIncome": 0, "interestExpense": -611000, "depreciationAndAmortization": 24963000, "ebitda": 55448000, "ebitdaratio": 0.1520927566, "operatingIncome": 30847000, "operatingIncomeRatio": 0.0846127049, "totalOtherIncomeExpensesNet": 362000, "incomeBeforeTax": 31096000, "incomeBeforeTaxRatio": 0.085295707, "incomeTaxExpense": 11194000, "netIncome": 19902000, "netIncomeRatio": 0.0545907885, "eps": 0.56, "epsdiluted": 0.55, "weightedAverageShsOut": 17360000, "weightedAverageShsOutDil": 18160000, "link": "https://www.sec.gov/Archives/edgar/data/785956/000078595603000010/0000785956-03-000010-index.htm", "finalLink": "https://www.sec.gov/Archives/edgar/data/785956/000078595603000010/r10good.txt", "calculatedOtherExpenses": 0, "calculatedOperatingExpenses": 93998000, "calculatedNetInterest": 611000, "calculatedOtherIncome": -362000, "calculatedIncomeNonControlling": 0, "calculatedEbitda": 55810000}, {"date": "2002-09-29", "symbol": "JJSF", "reportedCurrency": "USD", "cik": "0000785956", "fillingDate": "2002-12-18", "acceptedDate": "2002-12-18 09:17:06", "calendarYear": "2002", "period": "FY", "revenue": 353187000, "costOfRevenue": 233730000, "grossProfit": 119457000, "grossProfitRatio": 0.3382259256, "researchAndDevelopmentExpenses": 0, "generalAndAdministrativeExpenses": 39744000, "sellingAndMarketingExpenses": 51466000, "sellingGeneralAndAdministrativeExpenses": 91210000, "otherExpenses": -19000, "operatingExpenses": 91191000, "costAndExpenses": 324921000, "interestIncome": 0, "interestExpense": -34000, "depreciationAndAmortization": 30986000, "ebitda": 58965000, "ebitdaratio": 0.1669512185, "operatingIncome": 28266000, "operatingIncomeRatio": 0.0800312582, "totalOtherIncomeExpensesNet": 287000, "incomeBeforeTax": 28013000, "incomeBeforeTaxRatio": 0.0793149238, "incomeTaxExpense": 9900000, "netIncome": 18113000, "netIncomeRatio": 0.051284447, "eps": 1.03, "epsdiluted": 1, "weightedAverageShsOut": 17500483, "weightedAverageShsOutDil": 18204020, "link": "https://www.sec.gov/Archives/edgar/data/785956/000078595602000011/0000785956-02-000011-index.htm", "finalLink": "https://www.sec.gov/Archives/edgar/data/785956/000078595602000011/a10kwork.txt", "calculatedOtherExpenses": -19000, "calculatedOperatingExpenses": 91191000, "calculatedNetInterest": 34000, "calculatedOtherIncome": -287000, "calculatedIncomeNonControlling": 0, "calculatedEbitda": 59252000}, {"date": "2001-09-29", "symbol": "JJSF", "reportedCurrency": "USD", "cik": "0000785956", "fillingDate": "2001-12-20", "acceptedDate": "2001-12-20 00:00:00", "calendarYear": "2001", "period": "FY", "revenue": 351696000, "costOfRevenue": 178386000, "grossProfit": 173310000, "grossProfitRatio": 0.4927835403, "researchAndDevelopmentExpenses": 0, "generalAndAdministrativeExpenses": 39732000, "sellingAndMarketingExpenses": 110323000, "sellingGeneralAndAdministrativeExpenses": 150055000, "otherExpenses": 2706000, "operatingExpenses": 152761000, "costAndExpenses": 331147000, "interestIncome": 0, "interestExpense": 805000, "depreciationAndAmortization": 33516000, "ebitda": 52876000, "ebitdaratio": 0.1503457532, "operatingIncome": 20549000, "operatingIncomeRatio": 0.0584283017, "totalOtherIncomeExpensesNet": 1189000, "incomeBeforeTax": 18555000, "incomeBeforeTaxRatio": 0.0527586325, "incomeTaxExpense": 6679000, "netIncome": 11876000, "netIncomeRatio": 0.0337677995, "eps": 0.7, "epsdiluted": 0.68, "weightedAverageShsOut": 17004000, "weightedAverageShsOutDil": 17508000, "link": "https://www.sec.gov/Archives/edgar/data/785956/000078595601500011/0000785956-01-500011-index.htm", "finalLink": "https://www.sec.gov/Archives/edgar/data/785956/000078595601500011/r10ktest.txt", "calculatedOtherExpenses": 2706000, "calculatedOperatingExpenses": 152761000, "calculatedNetInterest": -805000, "calculatedOtherIncome": -1189000, "calculatedIncomeNonControlling": 0, "calculatedEbitda": 54065000}, {"date": "2000-09-30", "symbol": "JJSF", "reportedCurrency": "USD", "cik": "0000785956", "fillingDate": "2000-12-20", "acceptedDate": "2000-12-20 00:00:00", "calendarYear": "2000", "period": "FY", "revenue": 321112000, "costOfRevenue": 126746000, "grossProfit": 194366000, "grossProfitRatio": 0.605290366, "researchAndDevelopmentExpenses": 0, "generalAndAdministrativeExpenses": 0, "sellingAndMarketingExpenses": 0, "sellingGeneralAndAdministrativeExpenses": 145172000, "otherExpenses": 30382000, "operatingExpenses": 175554000, "costAndExpenses": 302300000, "interestIncome": 0, "interestExpense": 3223000, "depreciationAndAmortization": 30382000, "ebitda": 49428000, "ebitdaratio": 0.1539276016, "operatingIncome": 18812000, "operatingIncomeRatio": 0.0585839209, "totalOtherIncomeExpensesNet": -234000, "incomeBeforeTax": 15823000, "incomeBeforeTaxRatio": 0.0492756421, "incomeTaxExpense": 5855000, "netIncome": 9968000, "netIncomeRatio": 0.0310421286, "eps": 0.56, "epsdiluted": 0.55, "weightedAverageShsOut": 17642478, "weightedAverageShsOutDil": 18123636, "link": "https://www.sec.gov/Archives/edgar/data/785956/000078595600000010/0000785956-00-000010-index.htm", "finalLink": "https://www.sec.gov/Archives/edgar/data/785956/000078595600000010/0000785956-00-000010-0001.txt", "calculatedOtherExpenses": 30382000, "calculatedOperatingExpenses": 175554000, "calculatedNetInterest": -3223000, "calculatedOtherIncome": 234000, "calculatedIncomeNonControlling": 0, "calculatedEbitda": 49194000}, {"date": "1999-09-25", "symbol": "JJSF", "reportedCurrency": "USD", "cik": "0000785956", "fillingDate": "1999-12-21", "acceptedDate": "1999-12-21 00:00:00", "calendarYear": "1999", "period": "FY", "revenue": 288400000, "costOfRevenue": 110300000, "grossProfit": 178100000, "grossProfitRatio": 0.6175450763, "researchAndDevelopmentExpenses": 0, "generalAndAdministrativeExpenses": 0, "sellingAndMarketingExpenses": 0, "sellingGeneralAndAdministrativeExpenses": 125600000, "otherExpenses": 27700000, "operatingExpenses": 153300000, "costAndExpenses": 263600000, "interestIncome": 0, "interestExpense": 1200000, "depreciationAndAmortization": 27700000, "ebitda": 51600000, "ebitdaratio": 0.1789181692, "operatingIncome": 24800000, "operatingIncomeRatio": 0.0859916782, "totalOtherIncomeExpensesNet": 900000, "incomeBeforeTax": 22700000, "incomeBeforeTaxRatio": 0.0787101248, "incomeTaxExpense": 8400000, "netIncome": 14300000, "netIncomeRatio": 0.0495839112, "eps": 0.4, "epsdiluted": 0.38, "weightedAverageShsOut": 36100000, "weightedAverageShsOutDil": 38120000, "link": "https://www.sec.gov/Archives/edgar/data/785956/000078595699000009/0000785956-99-000009-index.htm", "finalLink": "https://www.sec.gov/Archives/edgar/data/785956/000078595699000009/", "calculatedOtherExpenses": 27700000, "calculatedOperatingExpenses": 153300000, "calculatedNetInterest": -1200000, "calculatedOtherIncome": -900000, "calculatedIncomeNonControlling": 0, "calculatedEbitda": 52500000}, {"date": "1998-09-26", "symbol": "JJSF", "reportedCurrency": "USD", "cik": "0000785956", "fillingDate": "1998-12-21", "acceptedDate": "1998-12-21 00:00:00", "calendarYear": "1998", "period": "FY", "revenue": 262400000, "costOfRevenue": 104400000, "grossProfit": 158000000, "grossProfitRatio": 0.6021341463, "researchAndDevelopmentExpenses": 0, "generalAndAdministrativeExpenses": 0, "sellingAndMarketingExpenses": 0, "sellingGeneralAndAdministrativeExpenses": 112300000, "otherExpenses": 25200000, "operatingExpenses": 137500000, "costAndExpenses": 241900000, "interestIncome": 0, "interestExpense": 200000, "depreciationAndAmortization": 25200000, "ebitda": 44300000, "ebitdaratio": 0.1688262195, "operatingIncome": 20500000, "operatingIncomeRatio": 0.078125, "totalOtherIncomeExpensesNet": 1400000, "incomeBeforeTax": 18900000, "incomeBeforeTaxRatio": 0.072027439, "incomeTaxExpense": 7000000, "netIncome": 11900000, "netIncomeRatio": 0.0453506098, "eps": 0.33, "epsdiluted": 0.32, "weightedAverageShsOut": 18072000, "weightedAverageShsOutDil": 18072000, "link": "https://www.sec.gov/Archives/edgar/data/785956/000078595698000010/0000785956-98-000010-index.html", "finalLink": "https://www.sec.gov/Archives/edgar/data/785956/", "calculatedOtherExpenses": 25200000, "calculatedOperatingExpenses": 137500000, "calculatedNetInterest": -200000, "calculatedOtherIncome": -1400000, "calculatedIncomeNonControlling": 0, "calculatedEbitda": 45700000}, {"date": "1997-09-27", "symbol": "JJSF", "reportedCurrency": "USD", "cik": "0000785956", "fillingDate": "1997-12-19", "acceptedDate": "1997-12-19 00:00:00", "calendarYear": "1997", "period": "FY", "revenue": 220300000, "costOfRevenue": 94700000, "grossProfit": 125600000, "grossProfitRatio": 0.5701316387, "researchAndDevelopmentExpenses": 0, "generalAndAdministrativeExpenses": 0, "sellingAndMarketingExpenses": 0, "sellingGeneralAndAdministrativeExpenses": 94800000, "otherExpenses": 19300000, "operatingExpenses": 114100000, "costAndExpenses": 208800000, "interestIncome": 0, "interestExpense": -1200000, "depreciationAndAmortization": 19300000, "ebitda": 30100000, "ebitdaratio": 0.1366318656, "operatingIncome": 11500000, "operatingIncomeRatio": 0.0522015433, "totalOtherIncomeExpensesNet": 700000, "incomeBeforeTax": 12000000, "incomeBeforeTaxRatio": 0.0544711757, "incomeTaxExpense": 3800000, "netIncome": 8200000, "netIncomeRatio": 0.03722197, "eps": 0.23, "epsdiluted": 0.23, "weightedAverageShsOut": 17700000, "weightedAverageShsOutDil": 17700000, "link": "https://www.sec.gov/Archives/edgar/data/785956/000078595697000006/0000785956-97-000006-index.htm", "finalLink": "https://www.sec.gov/Archives/edgar/data/785956/", "calculatedOtherExpenses": 19300000, "calculatedOperatingExpenses": 114100000, "calculatedNetInterest": 1200000, "calculatedOtherIncome": -700000, "calculatedIncomeNonControlling": 0, "calculatedEbitda": 30800000}, {"date": "1996-09-28", "symbol": "JJSF", "reportedCurrency": "USD", "cik": "0000785956", "fillingDate": "1996-12-20", "acceptedDate": "1996-12-20 00:00:00", "calendarYear": "1996", "period": "FY", "revenue": 186000000, "costOfRevenue": 78000000, "grossProfit": 108000000, "grossProfitRatio": 0.5806451613, "researchAndDevelopmentExpenses": 0, "generalAndAdministrativeExpenses": 0, "sellingAndMarketingExpenses": 0, "sellingGeneralAndAdministrativeExpenses": 83200000, "otherExpenses": 16900000, "operatingExpenses": 100100000, "costAndExpenses": 178100000, "interestIncome": 0, "interestExpense": -2600000, "depreciationAndAmortization": 16900000, "ebitda": 23300000, "ebitdaratio": 0.1252688172, "operatingIncome": 7900000, "operatingIncomeRatio": 0.0424731183, "totalOtherIncomeExpensesNet": 1500000, "incomeBeforeTax": 9000000, "incomeBeforeTaxRatio": 0.0483870968, "incomeTaxExpense": 3200000, "netIncome": 5800000, "netIncomeRatio": 0.0311827957, "eps": 0.16, "epsdiluted": 0.16, "weightedAverageShsOut": 17498000, "weightedAverageShsOutDil": 17498000, "link": "https://www.sec.gov/Archives/edgar/data/785956/000078595696000006/0000785956-96-000006-index.htm", "finalLink": "https://www.sec.gov/Archives/edgar/data/785956/", "calculatedOtherExpenses": 16900000, "calculatedOperatingExpenses": 100100000, "calculatedNetInterest": 2600000, "calculatedOtherIncome": -1500000, "calculatedIncomeNonControlling": 0, "calculatedEbitda": 24800000}, {"date": "1995-09-30", "symbol": "JJSF", "reportedCurrency": "USD", "cik": "0000785956", "fillingDate": "1995-12-22", "acceptedDate": "1995-12-22 00:00:00", "calendarYear": "1995", "period": "FY", "revenue": 185400000, "costOfRevenue": 77600000, "grossProfit": 107800000, "grossProfitRatio": 0.5814455232, "researchAndDevelopmentExpenses": 0, "generalAndAdministrativeExpenses": 0, "sellingAndMarketingExpenses": 0, "sellingGeneralAndAdministrativeExpenses": 84600000, "otherExpenses": 16100000, "operatingExpenses": 100700000, "costAndExpenses": 178300000, "interestIncome": 0, "interestExpense": -4900000, "depreciationAndAmortization": 16100000, "ebitda": 20500000, "ebitdaratio": 0.1105717368, "operatingIncome": 7100000, "operatingIncomeRatio": 0.0382955771, "totalOtherIncomeExpensesNet": 2700000, "incomeBeforeTax": 9300000, "incomeBeforeTaxRatio": 0.0501618123, "incomeTaxExpense": 3500000, "netIncome": 5800000, "netIncomeRatio": 0.0312837109, "eps": 0.31, "epsdiluted": 0.31, "weightedAverageShsOut": 19088000, "weightedAverageShsOutDil": 19088000, "link": "https://www.sec.gov/Archives/edgar/data/785956/000078595695000014/0000785956-95-000014-index.html", "finalLink": "https://www.sec.gov/Archives/edgar/data/785956/", "calculatedOtherExpenses": 16100000, "calculatedOperatingExpenses": 100700000, "calculatedNetInterest": 4900000, "calculatedOtherIncome": -2700000, "calculatedIncomeNonControlling": 0, "calculatedEbitda": 23200000}, {"date": "1994-09-30", "symbol": "JJSF", "reportedCurrency": "USD", "cik": "0000785956", "fillingDate": "1994-09-30", "acceptedDate": "1994-09-30 00:00:00", "calendarYear": "1994", "period": "FY", "revenue": 174400000, "costOfRevenue": 68800000, "grossProfit": 105600000, "grossProfitRatio": 0.6055045872, "researchAndDevelopmentExpenses": 0, "generalAndAdministrativeExpenses": 0, "sellingAndMarketingExpenses": 0, "sellingGeneralAndAdministrativeExpenses": 78400000, "otherExpenses": 14800000, "operatingExpenses": 93200000, "costAndExpenses": 162000000, "interestIncome": 0, "interestExpense": -2900000, "depreciationAndAmortization": 14800000, "ebitda": 25500000, "ebitdaratio": 0.1462155963, "operatingIncome": 12400000, "operatingIncomeRatio": 0.0711009174, "totalOtherIncomeExpensesNet": 1700000, "incomeBeforeTax": 13600000, "incomeBeforeTaxRatio": 0.0779816514, "incomeTaxExpense": 5100000, "netIncome": 8500000, "netIncomeRatio": 0.0487385321, "eps": 0.21, "epsdiluted": 0.21, "weightedAverageShsOut": 19778000, "weightedAverageShsOutDil": 19778000, "link": null, "finalLink": null, "calculatedOtherExpenses": 14800000, "calculatedOperatingExpenses": 93200000, "calculatedNetInterest": 2900000, "calculatedOtherIncome": -1700000, "calculatedIncomeNonControlling": 0, "calculatedEbitda": 27200000}, {"date": "1993-09-30", "symbol": "JJSF", "reportedCurrency": "USD", "cik": "0000785956", "fillingDate": "1993-09-30", "acceptedDate": "1993-09-30 00:00:00", "calendarYear": "1993", "period": "FY", "revenue": 147200000, "costOfRevenue": 54100000, "grossProfit": 93100000, "grossProfitRatio": 0.6324728261, "researchAndDevelopmentExpenses": 0, "generalAndAdministrativeExpenses": 0, "sellingAndMarketingExpenses": 0, "sellingGeneralAndAdministrativeExpenses": 68100000, "otherExpenses": 12800000, "operatingExpenses": 80900000, "costAndExpenses": 135000000, "interestIncome": 0, "interestExpense": -2300000, "depreciationAndAmortization": 12800000, "ebitda": 23700000, "ebitdaratio": 0.1610054348, "operatingIncome": 12200000, "operatingIncomeRatio": 0.0828804348, "totalOtherIncomeExpensesNet": 1300000, "incomeBeforeTax": 13200000, "incomeBeforeTaxRatio": 0.089673913, "incomeTaxExpense": 4800000, "netIncome": 8400000, "netIncomeRatio": 0.0570652174, "eps": 0.2, "epsdiluted": 0.2, "weightedAverageShsOut": 20800000, "weightedAverageShsOutDil": 20800000, "link": null, "finalLink": null, "calculatedOtherExpenses": 12800000, "calculatedOperatingExpenses": 80900000, "calculatedNetInterest": 2300000, "calculatedOtherIncome": -1300000, "calculatedIncomeNonControlling": 0, "calculatedEbitda": 25000000}, {"date": "1992-09-30", "symbol": "JJSF", "reportedCurrency": "USD", "cik": "0000785956", "fillingDate": "1992-09-30", "acceptedDate": "1992-09-30 00:00:00", "calendarYear": "1992", "period": "FY", "revenue": 126900000, "costOfRevenue": 51300000, "grossProfit": 75600000, "grossProfitRatio": 0.5957446809, "researchAndDevelopmentExpenses": 0, "generalAndAdministrativeExpenses": 0, "sellingAndMarketingExpenses": 0, "sellingGeneralAndAdministrativeExpenses": 57500000, "otherExpenses": 9100000, "operatingExpenses": 66600000, "costAndExpenses": 117900000, "interestIncome": 0, "interestExpense": -400000, "depreciationAndAmortization": 9100000, "ebitda": 17700000, "ebitdaratio": 0.1394799054, "operatingIncome": 9000000, "operatingIncomeRatio": 0.0709219858, "totalOtherIncomeExpensesNet": 400000, "incomeBeforeTax": 9000000, "incomeBeforeTaxRatio": 0.0709219858, "incomeTaxExpense": 3100000, "netIncome": 5900000, "netIncomeRatio": 0.0464933018, "eps": 0.14, "epsdiluted": 0.14, "weightedAverageShsOut": 20800000, "weightedAverageShsOutDil": 20800000, "link": null, "finalLink": null, "calculatedOtherExpenses": 9100000, "calculatedOperatingExpenses": 66600000, "calculatedNetInterest": 400000, "calculatedOtherIncome": -400000, "calculatedIncomeNonControlling": 0, "calculatedEbitda": 18100000}, {"date": "1991-09-30", "symbol": "JJSF", "reportedCurrency": "USD", "cik": "0000785956", "fillingDate": "1991-09-30", "acceptedDate": "1991-09-30 00:00:00", "calendarYear": "1991", "period": "FY", "revenue": 109700000, "costOfRevenue": 45600000, "grossProfit": 64100000, "grossProfitRatio": 0.5843208751, "researchAndDevelopmentExpenses": 0, "generalAndAdministrativeExpenses": 0, "sellingAndMarketingExpenses": 0, "sellingGeneralAndAdministrativeExpenses": 46400000, "otherExpenses": 7200000, "operatingExpenses": 53600000, "costAndExpenses": 99200000, "interestIncome": 0, "interestExpense": 1400000, "depreciationAndAmortization": 7200000, "ebitda": 18000000, "ebitdaratio": 0.1640838651, "operatingIncome": 10500000, "operatingIncomeRatio": 0.095715588, "totalOtherIncomeExpensesNet": -300000, "incomeBeforeTax": 9400000, "incomeBeforeTaxRatio": 0.0856882407, "incomeTaxExpense": 3300000, "netIncome": 6100000, "netIncomeRatio": 0.0556061987, "eps": 0.17, "epsdiluted": 0.17, "weightedAverageShsOut": 21282000, "weightedAverageShsOutDil": 21282000, "link": null, "finalLink": null, "calculatedOtherExpenses": 7200000, "calculatedOperatingExpenses": 53600000, "calculatedNetInterest": -1400000, "calculatedOtherIncome": 300000, "calculatedIncomeNonControlling": 0, "calculatedEbitda": 17700000}, {"date": "1990-09-30", "symbol": "JJSF", "reportedCurrency": "USD", "cik": "0000785956", "fillingDate": "1990-09-30", "acceptedDate": "1990-09-30 00:00:00", "calendarYear": "1990", "period": "FY", "revenue": 96400000, "costOfRevenue": 43300000, "grossProfit": 53100000, "grossProfitRatio": 0.5508298755, "researchAndDevelopmentExpenses": 0, "generalAndAdministrativeExpenses": 0, "sellingAndMarketingExpenses": 0, "sellingGeneralAndAdministrativeExpenses": 40500000, "otherExpenses": 5600000, "operatingExpenses": 46100000, "costAndExpenses": 89400000, "interestIncome": 0, "interestExpense": 1500000, "depreciationAndAmortization": 5600000, "ebitda": 12900000, "ebitdaratio": 0.1338174274, "operatingIncome": 7000000, "operatingIncomeRatio": 0.0726141079, "totalOtherIncomeExpensesNet": -300000, "incomeBeforeTax": 5800000, "incomeBeforeTaxRatio": 0.0601659751, "incomeTaxExpense": 2100000, "netIncome": 3700000, "netIncomeRatio": 0.0383817427, "eps": 0.11, "epsdiluted": 0.11, "weightedAverageShsOut": 16490000, "weightedAverageShsOutDil": 16490000, "link": null, "finalLink": null, "calculatedOtherExpenses": 5600000, "calculatedOperatingExpenses": 46100000, "calculatedNetInterest": -1500000, "calculatedOtherIncome": 300000, "calculatedIncomeNonControlling": 0, "calculatedEbitda": 12600000}, {"date": "1989-09-30", "symbol": "JJSF", "reportedCurrency": "USD", "cik": "0000785956", "fillingDate": "1989-09-30", "acceptedDate": "1989-09-30 00:00:00", "calendarYear": "1989", "period": "FY", "revenue": 86900000, "costOfRevenue": 37200000, "grossProfit": 49700000, "grossProfitRatio": 0.5719217491, "researchAndDevelopmentExpenses": 0, "generalAndAdministrativeExpenses": 0, "sellingAndMarketingExpenses": 0, "sellingGeneralAndAdministrativeExpenses": 33800000, "otherExpenses": 4700000, "operatingExpenses": 38500000, "costAndExpenses": 75700000, "interestIncome": 0, "interestExpense": 1800000, "depreciationAndAmortization": 4700000, "ebitda": 15900000, "ebitdaratio": 0.1829689298, "operatingIncome": 11200000, "operatingIncomeRatio": 0.1288837745, "totalOtherIncomeExpensesNet": -1800000, "incomeBeforeTax": 9400000, "incomeBeforeTaxRatio": 0.1081703107, "incomeTaxExpense": 3500000, "netIncome": 5900000, "netIncomeRatio": 0.0678941312, "eps": 0.2, "epsdiluted": 0.19, "weightedAverageShsOut": 16616000, "weightedAverageShsOutDil": 16616000, "link": null, "finalLink": null, "calculatedOtherExpenses": 4700000, "calculatedOperatingExpenses": 38500000, "calculatedNetInterest": -1800000, "calculatedOtherIncome": 0, "calculatedIncomeNonControlling": 0, "calculatedEbitda": 15900000}, {"date": "1988-09-30", "symbol": "JJSF", "reportedCurrency": "USD", "cik": "0000785956", "fillingDate": "1988-09-30", "acceptedDate": "1988-09-30 00:00:00", "calendarYear": "1988", "period": "FY", "revenue": 71100000, "costOfRevenue": 30000000, "grossProfit": 41100000, "grossProfitRatio": 0.5780590717, "researchAndDevelopmentExpenses": 0, "generalAndAdministrativeExpenses": 0, "sellingAndMarketingExpenses": 0, "sellingGeneralAndAdministrativeExpenses": 28700000, "otherExpenses": 4300000, "operatingExpenses": 33000000, "costAndExpenses": 63000000, "interestIncome": 0, "interestExpense": 1000000, "depreciationAndAmortization": 4300000, "ebitda": 11800000, "ebitdaratio": 0.1659634318, "operatingIncome": 8100000, "operatingIncomeRatio": 0.1139240506, "totalOtherIncomeExpensesNet": 600000, "incomeBeforeTax": 6500000, "incomeBeforeTaxRatio": 0.0914205345, "incomeTaxExpense": 2300000, "netIncome": 4200000, "netIncomeRatio": 0.05907173, "eps": 0.085, "epsdiluted": 0.0775, "weightedAverageShsOut": 12500000, "weightedAverageShsOutDil": 12500000, "link": null, "finalLink": null, "calculatedOtherExpenses": 4300000, "calculatedOperatingExpenses": 33000000, "calculatedNetInterest": -1000000, "calculatedOtherIncome": -600000, "calculatedIncomeNonControlling": 0, "calculatedEbitda": 12400000}, {"date": "1987-09-30", "symbol": "JJSF", "reportedCurrency": "USD", "cik": "0000785956", "fillingDate": "1987-09-30", "acceptedDate": "1987-09-30 00:00:00", "calendarYear": "1987", "period": "FY", "revenue": 47700000, "costOfRevenue": 21600000, "grossProfit": 26100000, "grossProfitRatio": 0.5471698113, "researchAndDevelopmentExpenses": 0, "generalAndAdministrativeExpenses": 0, "sellingAndMarketingExpenses": 0, "sellingGeneralAndAdministrativeExpenses": 17100000, "otherExpenses": 3000000, "operatingExpenses": 20100000, "costAndExpenses": 41700000, "interestIncome": 0, "interestExpense": 700000, "depreciationAndAmortization": 3000000, "ebitda": 8500000, "ebitdaratio": 0.178197065, "operatingIncome": 6000000, "operatingIncomeRatio": 0.1257861635, "totalOtherIncomeExpensesNet": 500000, "incomeBeforeTax": 4800000, "incomeBeforeTaxRatio": 0.1006289308, "incomeTaxExpense": 2100000, "netIncome": 2700000, "netIncomeRatio": 0.0566037736, "eps": 0.0575, "epsdiluted": 0.0575, "weightedAverageShsOut": 11692000, "weightedAverageShsOutDil": 11692000, "link": null, "finalLink": null, "calculatedOtherExpenses": 3000000, "calculatedOperatingExpenses": 20100000, "calculatedNetInterest": -700000, "calculatedOtherIncome": -500000, "calculatedIncomeNonControlling": 0, "calculatedEbitda": 9000000}, {"date": "1986-09-30", "symbol": "JJSF", "reportedCurrency": "USD", "cik": "0000785956", "fillingDate": "1986-09-30", "acceptedDate": "1986-09-30 00:00:00", "calendarYear": "1986", "period": "FY", "revenue": 25400000, "costOfRevenue": 21300000, "grossProfit": 4100000, "grossProfitRatio": 0.1614173228, "researchAndDevelopmentExpenses": 0, "generalAndAdministrativeExpenses": 0, "sellingAndMarketingExpenses": 0, "sellingGeneralAndAdministrativeExpenses": 0, "otherExpenses": 1500000, "operatingExpenses": 1500000, "costAndExpenses": 22800000, "interestIncome": 0, "interestExpense": -600000, "depreciationAndAmortization": 1500000, "ebitda": 3600000, "ebitdaratio": 0.1417322835, "operatingIncome": 2600000, "operatingIncomeRatio": 0.1023622047, "totalOtherIncomeExpensesNet": 500000, "incomeBeforeTax": 2700000, "incomeBeforeTaxRatio": 0.1062992126, "incomeTaxExpense": 1100000, "netIncome": 1600000, "netIncomeRatio": 0.062992126, "eps": 0.0388, "epsdiluted": 0.0388, "weightedAverageShsOut": 11672000, "weightedAverageShsOutDil": 11672000, "link": null, "finalLink": null, "calculatedOtherExpenses": 1500000, "calculatedOperatingExpenses": 1500000, "calculatedNetInterest": 600000, "calculatedOtherIncome": -500000, "calculatedIncomeNonControlling": 0, "calculatedEbitda": 4100000}, {"date": "1985-09-30", "symbol": "JJSF", "reportedCurrency": "USD", "cik": "0000785956", "fillingDate": "1985-09-30", "acceptedDate": "1985-09-30 00:00:00", "calendarYear": "1985", "period": "FY", "revenue": 18800000, "costOfRevenue": 9500000, "grossProfit": 9300000, "grossProfitRatio": 0.4946808511, "researchAndDevelopmentExpenses": 0, "generalAndAdministrativeExpenses": 0, "sellingAndMarketingExpenses": 0, "sellingGeneralAndAdministrativeExpenses": 5900000, "otherExpenses": 500000, "operatingExpenses": 6400000, "costAndExpenses": 15900000, "interestIncome": 0, "interestExpense": 500000, "depreciationAndAmortization": 500000, "ebitda": 3400000, "ebitdaratio": 0.1808510638, "operatingIncome": 2900000, "operatingIncomeRatio": 0.1542553191, "totalOtherIncomeExpensesNet": -500000, "incomeBeforeTax": 2400000, "incomeBeforeTaxRatio": 0.1276595745, "incomeTaxExpense": 1100000, "netIncome": 1300000, "netIncomeRatio": 0.0691489362, "eps": 0.0258, "epsdiluted": 0.0258, "weightedAverageShsOut": 8456000, "weightedAverageShsOutDil": 8456000, "link": null, "finalLink": null, "calculatedOtherExpenses": 500000, "calculatedOperatingExpenses": 6400000, "calculatedNetInterest": -500000, "calculatedOtherIncome": 0, "calculatedIncomeNonControlling": 0, "calculatedEbitda": 3400000}]}