{"originalCurrency": "USD", "convertedCurrency": "USD", "report": [{"date": "2023-12-31", "symbol": "JLL", "reportedCurrency": "USD", "cik": "0001037976", "fillingDate": "2024-02-27", "acceptedDate": "2024-02-27 15:43:00", "calendarYear": "2023", "period": "FY", "revenue": 20760800000, "costOfRevenue": 238400000, "grossProfit": 20522400000, "grossProfitRatio": 0.9885168202, "researchAndDevelopmentExpenses": 0, "generalAndAdministrativeExpenses": 19845200000, "sellingAndMarketingExpenses": 0, "sellingGeneralAndAdministrativeExpenses": 19845200000, "otherExpenses": -19845200000, "operatingExpenses": 19845200000, "costAndExpenses": 20083600000, "interestIncome": 0, "interestExpense": 135400000, "depreciationAndAmortization": 238400000, "ebitda": 915600000, "ebitdaratio": 0.0441023467, "operatingIncome": 677200000, "operatingIncomeRatio": 0.0326191669, "totalOtherIncomeExpensesNet": -425300000, "incomeBeforeTax": 251900000, "incomeBeforeTaxRatio": 0.0121334438, "incomeTaxExpense": 25700000, "netIncome": 225400000, "netIncomeRatio": 0.0108569997, "eps": 4.73, "epsdiluted": 4.67, "weightedAverageShsOut": 47628000, "weightedAverageShsOutDil": 48288000, "link": "https://www.sec.gov/Archives/edgar/data/1037976/000103797624000010/0001037976-24-000010-index.htm", "finalLink": "https://www.sec.gov/Archives/edgar/data/1037976/000103797624000010/jll-20231231.htm", "calculatedOtherExpenses": 0, "calculatedOperatingExpenses": 19845200000, "calculatedNetInterest": -135400000, "calculatedOtherIncome": -289900000, "calculatedIncomeNonControlling": 800000, "calculatedEbitda": 915600000}, {"date": "2022-12-31", "symbol": "JLL", "reportedCurrency": "USD", "cik": "0001037976", "fillingDate": "2023-02-28", "acceptedDate": "2023-02-28 14:25:36", "calendarYear": "2022", "period": "FY", "revenue": 20862100000, "costOfRevenue": 10010800000, "grossProfit": 10851300000, "grossProfitRatio": 0.5201441849, "researchAndDevelopmentExpenses": 0, "generalAndAdministrativeExpenses": 19661100000, "sellingAndMarketingExpenses": 0, "sellingGeneralAndAdministrativeExpenses": 19661100000, "otherExpenses": 228100000, "operatingExpenses": 19889200000, "costAndExpenses": 19889200000, "interestIncome": 75200000, "interestExpense": 75200000, "depreciationAndAmortization": 437700000, "ebitda": 1305800000, "ebitdaratio": 0.062591973, "operatingIncome": 868100000, "operatingIncomeRatio": 0.0416113431, "totalOtherIncomeExpensesNet": 126100000, "incomeBeforeTax": 994200000, "incomeBeforeTaxRatio": 0.0476557969, "incomeTaxExpense": 200800000, "netIncome": 654500000, "netIncomeRatio": 0.0313726806, "eps": 13.51, "epsdiluted": 13.26, "weightedAverageShsOut": 48453000, "weightedAverageShsOutDil": 49341000, "link": "https://www.sec.gov/Archives/edgar/data/1037976/000103797623000007/0001037976-23-000007-index.htm", "finalLink": "https://www.sec.gov/Archives/edgar/data/1037976/000103797623000007/jll-20221231.htm", "calculatedOtherExpenses": -9677900000, "calculatedOperatingExpenses": 9983200000, "calculatedNetInterest": 0, "calculatedOtherIncome": 126100000, "calculatedIncomeNonControlling": 138900000, "calculatedEbitda": 1305800000}, {"date": "2021-12-31", "symbol": "JLL", "reportedCurrency": "USD", "cik": "0001037976", "fillingDate": "2022-02-28", "acceptedDate": "2022-02-28 14:06:27", "calendarYear": "2021", "period": "FY", "revenue": 19367000000, "costOfRevenue": 8321400000, "grossProfit": 11045600000, "grossProfitRatio": 0.5703309754, "researchAndDevelopmentExpenses": 0, "generalAndAdministrativeExpenses": 9699900000, "sellingAndMarketingExpenses": 0, "sellingGeneralAndAdministrativeExpenses": 9699900000, "otherExpenses": 217500000, "operatingExpenses": 9917400000, "costAndExpenses": 18238800000, "interestIncome": 40100000, "interestExpense": 40100000, "depreciationAndAmortization": 386900000, "ebitda": 1430400000, "ebitdaratio": 0.0738575928, "operatingIncome": 1043500000, "operatingIncomeRatio": 0.0538803119, "totalOtherIncomeExpensesNet": 180100000, "incomeBeforeTax": 1223600000, "incomeBeforeTaxRatio": 0.0631796355, "incomeTaxExpense": 264300000, "netIncome": 961600000, "netIncomeRatio": 0.049651469, "eps": 18.89, "epsdiluted": 18.47, "weightedAverageShsOut": 50917000, "weightedAverageShsOutDil": 52071000, "link": "https://www.sec.gov/Archives/edgar/data/1037976/000103797622000006/0001037976-22-000006-index.htm", "finalLink": "https://www.sec.gov/Archives/edgar/data/1037976/000103797622000006/jll-20211231.htm", "calculatedOtherExpenses": 302200000, "calculatedOperatingExpenses": 10002100000, "calculatedNetInterest": 0, "calculatedOtherIncome": 180100000, "calculatedIncomeNonControlling": -2300000, "calculatedEbitda": 1430400000}, {"date": "2020-12-31", "symbol": "JLL", "reportedCurrency": "USD", "cik": "0001037976", "fillingDate": "2021-02-18", "acceptedDate": "2021-02-18 16:45:38", "calendarYear": "2020", "period": "FY", "revenue": 16589900000, "costOfRevenue": 7689800000, "grossProfit": 8900100000, "grossProfitRatio": 0.5364770131, "researchAndDevelopmentExpenses": 0, "generalAndAdministrativeExpenses": 7972200000, "sellingAndMarketingExpenses": 0, "sellingGeneralAndAdministrativeExpenses": 7972200000, "otherExpenses": 226400000, "operatingExpenses": 8198600000, "costAndExpenses": 15888400000, "interestIncome": 52800000, "interestExpense": 52800000, "depreciationAndAmortization": 226400000, "ebitda": 1070300000, "ebitdaratio": 0.0645151568, "operatingIncome": 843900000, "operatingIncomeRatio": 0.0508682994, "totalOtherIncomeExpensesNet": -314300000, "incomeBeforeTax": 529600000, "incomeBeforeTaxRatio": 0.0319230375, "incomeTaxExpense": 106900000, "netIncome": 402500000, "netIncomeRatio": 0.0242617496, "eps": 7.79, "epsdiluted": 7.7, "weightedAverageShsOut": 51683000, "weightedAverageShsOutDil": 52282000, "link": "https://www.sec.gov/Archives/edgar/data/1037976/000103797621000009/0001037976-21-000009-index.htm", "finalLink": "https://www.sec.gov/Archives/edgar/data/1037976/000103797621000009/jll-20201231.htm", "calculatedOtherExpenses": 84000000, "calculatedOperatingExpenses": 8056200000, "calculatedNetInterest": 0, "calculatedOtherIncome": -314300000, "calculatedIncomeNonControlling": 20200000, "calculatedEbitda": 1070300000}, {"date": "2019-12-31", "symbol": "JLL", "reportedCurrency": "USD", "cik": "0001037976", "fillingDate": "2020-02-27", "acceptedDate": "2020-02-27 16:10:13", "calendarYear": "2019", "period": "FY", "revenue": 17983200000, "costOfRevenue": 7952600000, "grossProfit": 10030600000, "grossProfitRatio": 0.5577761466, "researchAndDevelopmentExpenses": 0, "generalAndAdministrativeExpenses": 8928400000, "sellingAndMarketingExpenses": 0, "sellingGeneralAndAdministrativeExpenses": 8928400000, "otherExpenses": 202400000, "operatingExpenses": 9130800000, "costAndExpenses": 17083400000, "interestIncome": 56400000, "interestExpense": 56400000, "depreciationAndAmortization": 202400000, "ebitda": 1286600000, "ebitdaratio": 0.0715445527, "operatingIncome": 1084200000, "operatingIncomeRatio": 0.0602896036, "totalOtherIncomeExpensesNet": -386600000, "incomeBeforeTax": 697600000, "incomeBeforeTaxRatio": 0.0387917612, "incomeTaxExpense": 159700000, "netIncome": 535300000, "netIncomeRatio": 0.0297666711, "eps": 10.99, "epsdiluted": 10.87, "weightedAverageShsOut": 48647000, "weightedAverageShsOutDil": 49154000, "link": "https://www.sec.gov/Archives/edgar/data/1037976/000103797620000011/0001037976-20-000011-index.htm", "finalLink": "https://www.sec.gov/Archives/edgar/data/1037976/000103797620000011/jll10kq42019.htm", "calculatedOtherExpenses": 18000000, "calculatedOperatingExpenses": 8946400000, "calculatedNetInterest": 0, "calculatedOtherIncome": -386600000, "calculatedIncomeNonControlling": 2600000, "calculatedEbitda": 1286600000}, {"date": "2018-12-31", "symbol": "JLL", "reportedCurrency": "USD", "cik": "0001037976", "fillingDate": "2019-02-26", "acceptedDate": "2019-02-25 21:07:38", "calendarYear": "2018", "period": "FY", "revenue": 16318400000, "costOfRevenue": 7228900000, "grossProfit": 9089500000, "grossProfitRatio": 0.5570092656, "researchAndDevelopmentExpenses": 0, "generalAndAdministrativeExpenses": 8157700000, "sellingAndMarketingExpenses": 0, "sellingGeneralAndAdministrativeExpenses": 8157700000, "otherExpenses": 17400000, "operatingExpenses": 8343800000, "costAndExpenses": 15572700000, "interestIncome": 0, "interestExpense": 51100000, "depreciationAndAmortization": 186100000, "ebitda": 970600000, "ebitdaratio": 0.0594788705, "operatingIncome": 706900000, "operatingIncomeRatio": 0.043319198, "totalOtherIncomeExpensesNet": 11400000, "incomeBeforeTax": 706000000, "incomeBeforeTaxRatio": 0.0432640455, "incomeTaxExpense": 214300000, "netIncome": 484500000, "netIncomeRatio": 0.0296904108, "eps": 10.64, "epsdiluted": 10.55, "weightedAverageShsOut": 45517000, "weightedAverageShsOutDil": 45931000, "link": "https://www.sec.gov/Archives/edgar/data/1037976/000103797619000008/0001037976-19-000008-index.htm", "finalLink": "https://www.sec.gov/Archives/edgar/data/1037976/000103797619000008/jll10kq42018.htm", "calculatedOtherExpenses": 224900000, "calculatedOperatingExpenses": 8382600000, "calculatedNetInterest": -51100000, "calculatedOtherIncome": 50200000, "calculatedIncomeNonControlling": 7200000, "calculatedEbitda": 893000000}, {"date": "2017-12-31", "symbol": "JLL", "reportedCurrency": "USD", "cik": "0001037976", "fillingDate": "2018-02-23", "acceptedDate": "2018-02-23 14:10:52", "calendarYear": "2017", "period": "FY", "revenue": 7932400000, "costOfRevenue": 4572200000, "grossProfit": 3360200000, "grossProfitRatio": 0.4236044577, "researchAndDevelopmentExpenses": 0, "generalAndAdministrativeExpenses": 7197600000, "sellingAndMarketingExpenses": 0, "sellingGeneralAndAdministrativeExpenses": 7197600000, "otherExpenses": 167200000, "operatingExpenses": 7364800000, "costAndExpenses": 7364800000, "interestIncome": 0, "interestExpense": 56200000, "depreciationAndAmortization": 167200000, "ebitda": 765500000, "ebitdaratio": 0.0965029499, "operatingIncome": 536900000, "operatingIncomeRatio": 0.0676844335, "totalOtherIncomeExpensesNet": 13700000, "incomeBeforeTax": 525100000, "incomeBeforeTaxRatio": 0.0661968635, "incomeTaxExpense": 267800000, "netIncome": 254200000, "netIncomeRatio": 0.0320457869, "eps": 6.09, "epsdiluted": 6.03, "weightedAverageShsOut": 45316000, "weightedAverageShsOutDil": 45758000, "link": "https://www.sec.gov/Archives/edgar/data/1037976/000103797618000008/0001037976-18-000008-index.htm", "finalLink": "https://www.sec.gov/Archives/edgar/data/1037976/000103797618000008/jll10kq42017.htm", "calculatedOtherExpenses": -4374300000, "calculatedOperatingExpenses": 2823300000, "calculatedNetInterest": -56200000, "calculatedOtherIncome": 44400000, "calculatedIncomeNonControlling": 3100000, "calculatedEbitda": 704100000}, {"date": "2016-12-31", "symbol": "JLL", "reportedCurrency": "USD", "cik": "0001037976", "fillingDate": "2017-02-23", "acceptedDate": "2017-02-23 15:23:40", "calendarYear": "2016", "period": "FY", "revenue": 6803800000, "costOfRevenue": 3983100000, "grossProfit": 2820700000, "grossProfitRatio": 0.4145771481, "researchAndDevelopmentExpenses": 0, "generalAndAdministrativeExpenses": 6152900000, "sellingAndMarketingExpenses": 0, "sellingGeneralAndAdministrativeExpenses": 6152900000, "otherExpenses": 13300000, "operatingExpenses": 6294700000, "costAndExpenses": 6294700000, "interestIncome": 0, "interestExpense": 45300000, "depreciationAndAmortization": 141800000, "ebitda": 719400000, "ebitdaratio": 0.1057350304, "operatingIncome": 440600000, "operatingIncomeRatio": 0.0647579294, "totalOtherIncomeExpensesNet": -21400000, "incomeBeforeTax": 442400000, "incomeBeforeTaxRatio": 0.0650224874, "incomeTaxExpense": 108000000, "netIncome": 318200000, "netIncomeRatio": 0.0467679826, "eps": 7.29, "epsdiluted": 7.23, "weightedAverageShsOut": 45154000, "weightedAverageShsOutDil": 45528000, "link": "https://www.sec.gov/Archives/edgar/data/1037976/000103797617000012/0001037976-17-000012-index.htm", "finalLink": "https://www.sec.gov/Archives/edgar/data/1037976/000103797617000012/jll-20161231x10kq4.htm", "calculatedOtherExpenses": -3772800000, "calculatedOperatingExpenses": 2380100000, "calculatedNetInterest": -45300000, "calculatedOtherIncome": 47100000, "calculatedIncomeNonControlling": 16200000, "calculatedEbitda": 582400000}, {"date": "2015-12-31", "symbol": "JLL", "reportedCurrency": "USD", "cik": "0001037976", "fillingDate": "2016-02-25", "acceptedDate": "2016-02-25 16:18:52", "calendarYear": "2015", "period": "FY", "revenue": 5965671000, "costOfRevenue": 3564536000000, "grossProfit": -3558570329000, "grossProfitRatio": -596.5079752135, "researchAndDevelopmentExpenses": 0, "generalAndAdministrativeExpenses": 5293615000, "sellingAndMarketingExpenses": 0, "sellingGeneralAndAdministrativeExpenses": 5293615000, "otherExpenses": 108142000, "operatingExpenses": 5401757000, "costAndExpenses": 5401757000, "interestIncome": 0, "interestExpense": 28127000, "depreciationAndAmortization": 108142000, "ebitda": 706172000, "ebitdaratio": 0.1183726022, "operatingIncome": 529798000, "operatingIncomeRatio": 0.0888077804, "totalOtherIncomeExpensesNet": 43359000, "incomeBeforeTax": 579146000, "incomeBeforeTaxRatio": 0.0970797753, "incomeTaxExpense": 132805000, "netIncome": 438672000, "netIncomeRatio": 0.0735327174, "eps": 9.75, "epsdiluted": 9.65, "weightedAverageShsOut": 44940000, "weightedAverageShsOutDil": 45415000, "link": "https://www.sec.gov/Archives/edgar/data/1037976/000103797616000086/0001037976-16-000086-index.htm", "finalLink": "https://www.sec.gov/Archives/edgar/data/1037976/000103797616000086/jll-20151231x10kq4.htm", "calculatedOtherExpenses": -3564393742000, "calculatedOperatingExpenses": -3559100127000, "calculatedNetInterest": -28127000, "calculatedOtherIncome": 77475000, "calculatedIncomeNonControlling": 7669000, "calculatedEbitda": 637940000}, {"date": "2014-12-31", "symbol": "JLL", "reportedCurrency": "USD", "cik": "0001037976", "fillingDate": "2015-02-27", "acceptedDate": "2015-02-27 16:37:40", "calendarYear": "2014", "period": "FY", "revenue": 5429603000, "costOfRevenue": 1568400000, "grossProfit": 3861203000, "grossProfitRatio": 0.7111391017, "researchAndDevelopmentExpenses": 0, "generalAndAdministrativeExpenses": 4827097000, "sellingAndMarketingExpenses": 0, "sellingGeneralAndAdministrativeExpenses": 4827097000, "otherExpenses": 94337000, "operatingExpenses": 4921434000, "costAndExpenses": 4921434000, "interestIncome": 0, "interestExpense": 28321000, "depreciationAndAmortization": 94337000, "ebitda": 645011000, "ebitdaratio": 0.1187952416, "operatingIncome": 465664000, "operatingIncomeRatio": 0.0857639131, "totalOtherIncomeExpensesNet": 5760000, "incomeBeforeTax": 485608000, "incomeBeforeTaxRatio": 0.0894371099, "incomeTaxExpense": 97588000, "netIncome": 386063000, "netIncomeRatio": 0.0711033569, "eps": 8.63, "epsdiluted": 8.52, "weightedAverageShsOut": 44684000, "weightedAverageShsOutDil": 45261000, "link": "https://www.sec.gov/Archives/edgar/data/1037976/000103797615000018/0001037976-15-000018-index.htm", "finalLink": "https://www.sec.gov/Archives/edgar/data/1037976/000103797615000018/jll-20141231x10kq4.htm", "calculatedOtherExpenses": -1431558000, "calculatedOperatingExpenses": 3395539000, "calculatedNetInterest": -28321000, "calculatedOtherIncome": 48265000, "calculatedIncomeNonControlling": 1957000, "calculatedEbitda": 560001000}, {"date": "2013-12-31", "symbol": "JLL", "reportedCurrency": "USD", "cik": "0001037976", "fillingDate": "2014-02-27", "acceptedDate": "2014-02-27 17:06:46", "calendarYear": "2013", "period": "FY", "revenue": 4461591000, "costOfRevenue": 1177545000, "grossProfit": 3284046000, "grossProfitRatio": 0.736070608, "researchAndDevelopmentExpenses": 0, "generalAndAdministrativeExpenses": 3994604000, "sellingAndMarketingExpenses": 0, "sellingGeneralAndAdministrativeExpenses": 3994604000, "otherExpenses": 79853000, "operatingExpenses": 4074457000, "costAndExpenses": 4074457000, "interestIncome": 0, "interestExpense": 34718000, "depreciationAndAmortization": 79853000, "ebitda": 485302000, "ebitdaratio": 0.1087733053, "operatingIncome": 368819000, "operatingIncomeRatio": 0.0826653541, "totalOtherIncomeExpensesNet": 13028000, "incomeBeforeTax": 365444000, "incomeBeforeTaxRatio": 0.0819088975, "incomeTaxExpense": 92092000, "netIncome": 269865000, "netIncomeRatio": 0.0604862705, "eps": 6.09, "epsdiluted": 5.98, "weightedAverageShsOut": 44258878, "weightedAverageShsOutDil": 45072120, "link": "https://www.sec.gov/Archives/edgar/data/1037976/000103797614000017/0001037976-14-000017-index.htm", "finalLink": "https://www.sec.gov/Archives/edgar/data/1037976/000103797614000017/jll-20131231x10kq4.htm", "calculatedOtherExpenses": -1079377000, "calculatedOperatingExpenses": 2915227000, "calculatedNetInterest": -34718000, "calculatedOtherIncome": 31343000, "calculatedIncomeNonControlling": 3487000, "calculatedEbitda": 448672000}, {"date": "2012-12-31", "symbol": "JLL", "reportedCurrency": "USD", "cik": "0001037976", "fillingDate": "2013-02-26", "acceptedDate": "2013-02-26 16:56:38", "calendarYear": "2012", "period": "FY", "revenue": 3932830000, "costOfRevenue": 972231000, "grossProfit": 2960599000, "grossProfitRatio": 0.7527909927, "researchAndDevelopmentExpenses": 0, "generalAndAdministrativeExpenses": 3519196000, "sellingAndMarketingExpenses": 0, "sellingGeneralAndAdministrativeExpenses": 3519196000, "otherExpenses": 78810000, "operatingExpenses": 3598006000, "costAndExpenses": 3598006000, "interestIncome": 0, "interestExpense": 35173000, "depreciationAndAmortization": 78810000, "ebitda": 459055000, "ebitdaratio": 0.116723835, "operatingIncome": 289403000, "operatingIncomeRatio": 0.0735864505, "totalOtherIncomeExpensesNet": -21564000, "incomeBeforeTax": 278087000, "incomeBeforeTaxRatio": 0.0707091331, "incomeTaxExpense": 69244000, "netIncome": 208050000, "netIncomeRatio": 0.0529008373, "eps": 4.73, "epsdiluted": 4.63, "weightedAverageShsOut": 43848737, "weightedAverageShsOutDil": 44799437, "link": "https://www.sec.gov/Archives/edgar/data/1037976/000114036113009386/0001140361-13-009386-index.htm", "finalLink": "https://www.sec.gov/Archives/edgar/data/1037976/000114036113009386/form10k.htm", "calculatedOtherExpenses": -848000000, "calculatedOperatingExpenses": 2671196000, "calculatedNetInterest": -35173000, "calculatedOtherIncome": 23857000, "calculatedIncomeNonControlling": 793000, "calculatedEbitda": 368213000}, {"date": "2011-12-31", "symbol": "JLL", "reportedCurrency": "USD", "cik": "0001037976", "fillingDate": "2012-02-27", "acceptedDate": "2012-02-27 15:23:01", "calendarYear": "2011", "period": "FY", "revenue": 3584544000, "costOfRevenue": 0, "grossProfit": 3584544000, "grossProfitRatio": 1, "researchAndDevelopmentExpenses": 0, "generalAndAdministrativeExpenses": 3194380000, "sellingAndMarketingExpenses": 0, "sellingGeneralAndAdministrativeExpenses": 3194380000, "otherExpenses": 82832000, "operatingExpenses": 3277212000, "costAndExpenses": 3277212000, "interestIncome": 0, "interestExpense": 35591000, "depreciationAndAmortization": 82832000, "ebitda": 396549000, "ebitdaratio": 0.1106274606, "operatingIncome": 251205000, "operatingIncomeRatio": 0.0700800437, "totalOtherIncomeExpensesNet": -49742000, "incomeBeforeTax": 221999000, "incomeBeforeTaxRatio": 0.0619322848, "incomeTaxExpense": 56387000, "netIncome": 164384000, "netIncomeRatio": 0.0458591107, "eps": 3.8, "epsdiluted": 3.7, "weightedAverageShsOut": 43170383, "weightedAverageShsOutDil": 44367359, "link": "https://www.sec.gov/Archives/edgar/data/1037976/000114036112011117/0001140361-12-011117-index.htm", "finalLink": "https://www.sec.gov/Archives/edgar/data/1037976/000114036112011117/form10k.htm", "calculatedOtherExpenses": 138959000, "calculatedOperatingExpenses": 3333339000, "calculatedNetInterest": -35591000, "calculatedOtherIncome": 6385000, "calculatedIncomeNonControlling": 1228000, "calculatedEbitda": 334037000}, {"date": "2010-12-31", "symbol": "JLL", "reportedCurrency": "USD", "cik": "0001037976", "fillingDate": "2011-02-25", "acceptedDate": "2011-02-25 13:30:50", "calendarYear": "2010", "period": "FY", "revenue": 2925613000, "costOfRevenue": 0, "grossProfit": 2925613000, "grossProfitRatio": 1, "researchAndDevelopmentExpenses": 0, "generalAndAdministrativeExpenses": 2586996000, "sellingAndMarketingExpenses": 0, "sellingGeneralAndAdministrativeExpenses": 2586996000, "otherExpenses": 71573000, "operatingExpenses": 2658569000, "costAndExpenses": 2658569000, "interestIncome": 0, "interestExpense": 45802000, "depreciationAndAmortization": 71573000, "ebitda": 327237000, "ebitdaratio": 0.1118524562, "operatingIncome": 260658000, "operatingIncomeRatio": 0.0890951742, "totalOtherIncomeExpensesNet": -17766000, "incomeBeforeTax": 203476000, "incomeBeforeTaxRatio": 0.0695498687, "incomeTaxExpense": 49038000, "netIncome": 153147000, "netIncomeRatio": 0.0523469782, "eps": 3.63, "epsdiluted": 3.48, "weightedAverageShsOut": 42295526, "weightedAverageShsOutDil": 44084154, "link": "https://www.sec.gov/Archives/edgar/data/1037976/000119312511047001/0001193125-11-047001-index.htm", "finalLink": "https://www.sec.gov/Archives/edgar/data/1037976/000119312511047001/d10k.htm", "calculatedOtherExpenses": 77959000, "calculatedOperatingExpenses": 2664955000, "calculatedNetInterest": -45802000, "calculatedOtherIncome": -11380000, "calculatedIncomeNonControlling": 1291000, "calculatedEbitda": 332231000}, {"date": "2009-12-31", "symbol": "JLL", "reportedCurrency": "USD", "cik": "0001037976", "fillingDate": "2010-02-26", "acceptedDate": "2010-02-26 16:55:44", "calendarYear": "2009", "period": "FY", "revenue": 2480736000, "costOfRevenue": 0, "grossProfit": 2480736000, "grossProfitRatio": 1, "researchAndDevelopmentExpenses": 0, "generalAndAdministrativeExpenses": 2233574000, "sellingAndMarketingExpenses": 0, "sellingGeneralAndAdministrativeExpenses": 2233574000, "otherExpenses": 83335000, "operatingExpenses": 2316909000, "costAndExpenses": 2316909000, "interestIncome": 0, "interestExpense": 55018000, "depreciationAndAmortization": 83335000, "ebitda": 353452000, "ebitdaratio": 0.1424786837, "operatingIncome": 116404000, "operatingIncomeRatio": 0.0469231712, "totalOtherIncomeExpensesNet": -106290000, "incomeBeforeTax": 2519000, "incomeBeforeTaxRatio": 0.0010154245, "incomeTaxExpense": 5677000, "netIncome": -4109000, "netIncomeRatio": -0.0016563633, "eps": -0.11, "epsdiluted": -0.11, "weightedAverageShsOut": 38543087, "weightedAverageShsOutDil": 38543087, "link": "https://www.sec.gov/Archives/edgar/data/1037976/000119312510043072/0001193125-10-043072-index.htm", "finalLink": "https://www.sec.gov/Archives/edgar/data/1037976/000119312510043072/d10k.htm", "calculatedOtherExpenses": 130758000, "calculatedOperatingExpenses": 2364332000, "calculatedNetInterest": -55018000, "calculatedOtherIncome": -58867000, "calculatedIncomeNonControlling": 951000, "calculatedEbitda": 199739000}, {"date": "2008-12-31", "symbol": "JLL", "reportedCurrency": "USD", "cik": "0001037976", "fillingDate": "2009-02-27", "acceptedDate": "2009-02-27 17:19:43", "calendarYear": "2008", "period": "FY", "revenue": 2697586000, "costOfRevenue": 0, "grossProfit": 2697586000, "grossProfitRatio": 1, "researchAndDevelopmentExpenses": 0, "generalAndAdministrativeExpenses": 2425138000, "sellingAndMarketingExpenses": 0, "sellingGeneralAndAdministrativeExpenses": 2425138000, "otherExpenses": 90584000, "operatingExpenses": 2515722000, "costAndExpenses": 2515722000, "interestIncome": 0, "interestExpense": 30568000, "depreciationAndAmortization": 153268000, "ebitda": 329670000, "ebitdaratio": 0.1222092641, "operatingIncome": 151463000, "operatingIncomeRatio": 0.0561476075, "totalOtherIncomeExpensesNet": -35863000, "incomeBeforeTax": 115433000, "incomeBeforeTaxRatio": 0.0427912215, "incomeTaxExpense": 28743000, "netIncome": 84883000, "netIncomeRatio": 0.0314662813, "eps": 2.52, "epsdiluted": 2.44, "weightedAverageShsOut": 33098228, "weightedAverageShsOutDil": 34205120, "link": "https://www.sec.gov/Archives/edgar/data/1037976/000119312509041207/0001193125-09-041207-index.htm", "finalLink": "https://www.sec.gov/Archives/edgar/data/1037976/000119312509041207/d10k.htm", "calculatedOtherExpenses": 120985000, "calculatedOperatingExpenses": 2546123000, "calculatedNetInterest": -30568000, "calculatedOtherIncome": -5462000, "calculatedIncomeNonControlling": 1807000, "calculatedEbitda": 304731000}, {"date": "2007-12-31", "symbol": "JLL", "reportedCurrency": "USD", "cik": "0001037976", "fillingDate": "2008-02-29", "acceptedDate": "2008-02-29 13:16:41", "calendarYear": "2007", "period": "FY", "revenue": 2652075000, "costOfRevenue": 0, "grossProfit": 2652075000, "grossProfitRatio": 1, "researchAndDevelopmentExpenses": 0, "generalAndAdministrativeExpenses": 2254586000, "sellingAndMarketingExpenses": 0, "sellingGeneralAndAdministrativeExpenses": 2254586000, "otherExpenses": 55169000, "operatingExpenses": 2309755000, "costAndExpenses": 2309755000, "interestIncome": 0, "interestExpense": 13064000, "depreciationAndAmortization": 55580000, "ebitda": 410116000, "ebitdaratio": 0.1546396689, "operatingIncome": 342320000, "operatingIncomeRatio": 0.1290762893, "totalOtherIncomeExpensesNet": 18345000, "incomeBeforeTax": 347601000, "incomeBeforeTaxRatio": 0.1310675603, "incomeTaxExpense": 87595000, "netIncome": 257832000, "netIncomeRatio": 0.0972189701, "eps": 8.01, "epsdiluted": 7.64, "weightedAverageShsOut": 32021380, "weightedAverageShsOutDil": 33577927, "link": "https://www.sec.gov/Archives/edgar/data/1037976/000119312508043269/0001193125-08-043269-index.htm", "finalLink": "https://www.sec.gov/Archives/edgar/data/1037976/000119312508043269/d10k.htm", "calculatedOtherExpenses": 55169000, "calculatedOperatingExpenses": 2309755000, "calculatedNetInterest": -13064000, "calculatedOtherIncome": 18345000, "calculatedIncomeNonControlling": 2174000, "calculatedEbitda": 397900000}, {"date": "2006-12-31", "symbol": "JLL", "reportedCurrency": "USD", "cik": "0001037976", "fillingDate": "2007-02-28", "acceptedDate": "2007-02-28 17:16:45", "calendarYear": "2006", "period": "FY", "revenue": 2013578000, "costOfRevenue": 0, "grossProfit": 2013578000, "grossProfitRatio": 1, "researchAndDevelopmentExpenses": 0, "generalAndAdministrativeExpenses": 407985000, "sellingAndMarketingExpenses": 0, "sellingGeneralAndAdministrativeExpenses": 407985000, "otherExpenses": 1361514000, "operatingExpenses": 1769499000, "costAndExpenses": 1769499000, "interestIncome": 0, "interestExpense": 14254000, "depreciationAndAmortization": 93520000, "ebitda": 346820000, "ebitdaratio": 0.1722406582, "operatingIncome": 244079000, "operatingIncomeRatio": 0.1212165608, "totalOtherIncomeExpensesNet": 9221000, "incomeBeforeTax": 239046000, "incomeBeforeTaxRatio": 0.1187170301, "incomeTaxExpense": 63825000, "netIncome": 176401000, "netIncomeRatio": 0.0876057446, "eps": 5.5, "epsdiluted": 5.24, "weightedAverageShsOut": 31872112, "weightedAverageShsOutDil": 33447939, "link": "https://www.sec.gov/Archives/edgar/data/1037976/000114036107004553/0001140361-07-004553-index.htm", "finalLink": "https://www.sec.gov/Archives/edgar/data/1037976/000114036107004553/form10k.htm", "calculatedOtherExpenses": 1361514000, "calculatedOperatingExpenses": 1769499000, "calculatedNetInterest": -14254000, "calculatedOtherIncome": 9221000, "calculatedIncomeNonControlling": -1180000, "calculatedEbitda": 337599000}, {"date": "2005-12-31", "symbol": "JLL", "reportedCurrency": "USD", "cik": "0001037976", "fillingDate": "2006-03-03", "acceptedDate": "2006-03-03 16:24:57", "calendarYear": "2005", "period": "FY", "revenue": 1390610000, "costOfRevenue": 0, "grossProfit": 1390610000, "grossProfitRatio": 1, "researchAndDevelopmentExpenses": 0, "generalAndAdministrativeExpenses": 320934000, "sellingAndMarketingExpenses": 0, "sellingGeneralAndAdministrativeExpenses": 320934000, "otherExpenses": 936548000, "operatingExpenses": 1257482000, "costAndExpenses": 1257482000, "interestIncome": 0, "interestExpense": 3999000, "depreciationAndAmortization": 65429000, "ebitda": 210713000, "ebitdaratio": 0.1515255895, "operatingIncome": 131751000, "operatingIncomeRatio": 0.0947433141, "totalOtherIncomeExpensesNet": 10779000, "incomeBeforeTax": 139908000, "incomeBeforeTaxRatio": 0.1006090852, "incomeTaxExpense": 36236000, "netIncome": 103672000, "netIncomeRatio": 0.0745514558, "eps": 3.29, "epsdiluted": 3.12, "weightedAverageShsOut": 31383828, "weightedAverageShsOutDil": 33109261, "link": "https://www.sec.gov/Archives/edgar/data/1037976/000114036106003410/0001140361-06-003410-index.htm", "finalLink": "https://www.sec.gov/Archives/edgar/data/1037976/000114036106003410/form10-k.htm", "calculatedOtherExpenses": 937925000, "calculatedOperatingExpenses": 1258859000, "calculatedNetInterest": -3999000, "calculatedOtherIncome": 12156000, "calculatedIncomeNonControlling": 0, "calculatedEbitda": 197180000}, {"date": "2004-12-31", "symbol": "JLL", "reportedCurrency": "USD", "cik": "0001037976", "fillingDate": "2005-03-11", "acceptedDate": "2005-03-11 17:23:35", "calendarYear": "2004", "period": "FY", "revenue": 1166958000, "costOfRevenue": 0, "grossProfit": 1166958000, "grossProfitRatio": 1, "researchAndDevelopmentExpenses": 0, "generalAndAdministrativeExpenses": 277757000, "sellingAndMarketingExpenses": 0, "sellingGeneralAndAdministrativeExpenses": 277757000, "otherExpenses": 799680000, "operatingExpenses": 1077437000, "costAndExpenses": 1077437000, "interestIncome": 0, "interestExpense": 9292000, "depreciationAndAmortization": 33136000, "ebitda": 117227000, "ebitdaratio": 0.1004552006, "operatingIncome": 89521000, "operatingIncomeRatio": 0.0767131293, "totalOtherIncomeExpensesNet": 29008000, "incomeBeforeTax": 86115000, "incomeBeforeTaxRatio": 0.0737944296, "incomeTaxExpense": 21873000, "netIncome": 64242000, "netIncomeRatio": 0.0550508245, "eps": 2.08, "epsdiluted": 1.96, "weightedAverageShsOut": 30887868, "weightedAverageShsOutDil": 32845281, "link": "https://www.sec.gov/Archives/edgar/data/1037976/000101540205001269/0001015402-05-001269-index.htm", "finalLink": "https://www.sec.gov/Archives/edgar/data/1037976/000101540205001269/body.htm", "calculatedOtherExpenses": 799680000, "calculatedOperatingExpenses": 1077437000, "calculatedNetInterest": -9292000, "calculatedOtherIncome": 5886000, "calculatedIncomeNonControlling": 0, "calculatedEbitda": 122657000}, {"date": "2003-12-31", "symbol": "JLL", "reportedCurrency": "USD", "cik": "0001037976", "fillingDate": "2004-03-12", "acceptedDate": "2004-03-12 16:15:07", "calendarYear": "2003", "period": "FY", "revenue": 941894000, "costOfRevenue": 0, "grossProfit": 941894000, "grossProfitRatio": 1, "researchAndDevelopmentExpenses": 0, "generalAndAdministrativeExpenses": 242994000, "sellingAndMarketingExpenses": 0, "sellingGeneralAndAdministrativeExpenses": 242994000, "otherExpenses": 644665000, "operatingExpenses": 887659000, "costAndExpenses": 887659000, "interestIncome": 0, "interestExpense": 17861000, "depreciationAndAmortization": 36944000, "ebitda": 99130000, "ebitdaratio": 0.1052453885, "operatingIncome": 62186000, "operatingIncomeRatio": 0.0660222913, "totalOtherIncomeExpensesNet": 7951000, "incomeBeforeTax": 44325000, "incomeBeforeTaxRatio": 0.0470594356, "incomeTaxExpense": 8260000, "netIncome": 36065000, "netIncomeRatio": 0.0382898713, "eps": 1.17, "epsdiluted": 1.12, "weightedAverageShsOut": 30951563, "weightedAverageShsOutDil": 32226306, "link": "https://www.sec.gov/Archives/edgar/data/1037976/000089262604000068/0000892626-04-000068-index.htm", "finalLink": "https://www.sec.gov/Archives/edgar/data/1037976/000089262604000068/jll_k03.txt", "calculatedOtherExpenses": 636714000, "calculatedOperatingExpenses": 879708000, "calculatedNetInterest": -17861000, "calculatedOtherIncome": 0, "calculatedIncomeNonControlling": 0, "calculatedEbitda": 99130000}, {"date": "2002-12-31", "symbol": "JLL", "reportedCurrency": "USD", "cik": "0001037976", "fillingDate": "2003-03-06", "acceptedDate": "2003-03-06 14:23:31", "calendarYear": "2002", "period": "FY", "revenue": 837848000, "costOfRevenue": 0, "grossProfit": 837848000, "grossProfitRatio": 1, "researchAndDevelopmentExpenses": 0, "generalAndAdministrativeExpenses": 218082000, "sellingAndMarketingExpenses": 0, "sellingGeneralAndAdministrativeExpenses": 218082000, "otherExpenses": 567652000, "operatingExpenses": 785734000, "costAndExpenses": 785734000, "interestIncome": 0, "interestExpense": 17024000, "depreciationAndAmortization": 49056000, "ebitda": 103751000, "ebitdaratio": 0.1238303368, "operatingIncome": 54695000, "operatingIncomeRatio": 0.0652803372, "totalOtherIncomeExpensesNet": 2581000, "incomeBeforeTax": 37671000, "incomeBeforeTaxRatio": 0.0449616159, "incomeTaxExpense": 11037000, "netIncome": 27110000, "netIncomeRatio": 0.0323567043, "eps": 0.89, "epsdiluted": 0.85, "weightedAverageShsOut": 30486842, "weightedAverageShsOutDil": 31854397, "link": "https://www.sec.gov/Archives/edgar/data/1037976/000089262603000097/0000892626-03-000097-index.htm", "finalLink": "https://www.sec.gov/Archives/edgar/data/1037976/000089262603000097/jll_10k.txt", "calculatedOtherExpenses": 565071000, "calculatedOperatingExpenses": 783153000, "calculatedNetInterest": -17024000, "calculatedOtherIncome": 0, "calculatedIncomeNonControlling": -476000, "calculatedEbitda": 103751000}, {"date": "2001-12-31", "symbol": "JLL", "reportedCurrency": "USD", "cik": "0001037976", "fillingDate": "2002-04-01", "acceptedDate": "2002-04-01 00:00:00", "calendarYear": "2001", "period": "FY", "revenue": 873116000, "costOfRevenue": 0, "grossProfit": 873116000, "grossProfitRatio": 1, "researchAndDevelopmentExpenses": 0, "generalAndAdministrativeExpenses": 744065000, "sellingAndMarketingExpenses": 0, "sellingGeneralAndAdministrativeExpenses": 744065000, "otherExpenses": 47420000, "operatingExpenses": 791485000, "costAndExpenses": 791485000, "interestIncome": 0, "interestExpense": 20156000, "depreciationAndAmortization": 47420000, "ebitda": 137611000, "ebitdaratio": 0.1576090691, "operatingIncome": 12959000, "operatingIncomeRatio": 0.0148422432, "totalOtherIncomeExpensesNet": -68672000, "incomeBeforeTax": -7197000, "incomeBeforeTaxRatio": -0.008242891, "incomeTaxExpense": 7986000, "netIncome": -15411000, "netIncomeRatio": -0.0176505756, "eps": -0.51, "epsdiluted": -0.51, "weightedAverageShsOut": 30016122, "weightedAverageShsOutDil": 30016122, "link": "https://www.sec.gov/Archives/edgar/data/1037976/000089262602000148/0000892626-02-000148-index.htm", "finalLink": "https://www.sec.gov/Archives/edgar/data/1037976/000089262602000148/jll_10k.txt", "calculatedOtherExpenses": 116092000, "calculatedOperatingExpenses": 860157000, "calculatedNetInterest": -20156000, "calculatedOtherIncome": 0, "calculatedIncomeNonControlling": 228000, "calculatedEbitda": 60379000}, {"date": "2000-12-31", "symbol": "JLL", "reportedCurrency": "USD", "cik": "0001037976", "fillingDate": "2001-04-02", "acceptedDate": "2001-04-02 00:00:00", "calendarYear": "2000", "period": "FY", "revenue": 909130000, "costOfRevenue": 0, "grossProfit": 909130000, "grossProfitRatio": 1, "researchAndDevelopmentExpenses": 0, "generalAndAdministrativeExpenses": 790499000, "sellingAndMarketingExpenses": 0, "sellingGeneralAndAdministrativeExpenses": 790499000, "otherExpenses": 43126000, "operatingExpenses": 833625000, "costAndExpenses": 833625000, "interestIncome": 0, "interestExpense": 27182000, "depreciationAndAmortization": 43126000, "ebitda": 135324000, "ebitdaratio": 0.1488499995, "operatingIncome": 6403000, "operatingIncomeRatio": 0.0070429972, "totalOtherIncomeExpensesNet": -69102000, "incomeBeforeTax": -20779000, "incomeBeforeTaxRatio": -0.0228559172, "incomeTaxExpense": 22053000, "netIncome": -57060000, "netIncomeRatio": -0.0627633012, "eps": -2.3, "epsdiluted": -2.3, "weightedAverageShsOut": 24851823, "weightedAverageShsOutDil": 24851823, "link": "https://www.sec.gov/Archives/edgar/data/1037976/000089262601000155/0000892626-01-000155-index.htm", "finalLink": "https://www.sec.gov/Archives/edgar/data/1037976/000089262601000155/0000892626-01-000155-0001.txt", "calculatedOtherExpenses": 112228000, "calculatedOperatingExpenses": 902727000, "calculatedNetInterest": -27182000, "calculatedOtherIncome": 0, "calculatedIncomeNonControlling": 14228000, "calculatedEbitda": 49529000}, {"date": "1999-12-31", "symbol": "JLL", "reportedCurrency": "USD", "cik": "0001037976", "fillingDate": "2000-03-30", "acceptedDate": "2000-03-30 00:00:00", "calendarYear": "1999", "period": "FY", "revenue": 749221000, "costOfRevenue": 0, "grossProfit": 749221000, "grossProfitRatio": 1, "researchAndDevelopmentExpenses": 0, "generalAndAdministrativeExpenses": 638665000, "sellingAndMarketingExpenses": 0, "sellingGeneralAndAdministrativeExpenses": 638665000, "otherExpenses": 36676000, "operatingExpenses": 675341000, "costAndExpenses": 675341000, "interestIncome": 0, "interestExpense": 18211000, "depreciationAndAmortization": 36676000, "ebitda": 116774000, "ebitdaratio": 0.1558605538, "operatingIncome": -71303000, "operatingIncomeRatio": -0.0951695161, "totalOtherIncomeExpensesNet": -145183000, "incomeBeforeTax": -89514000, "incomeBeforeTaxRatio": -0.1194760958, "incomeTaxExpense": 5328000, "netIncome": -94842000, "netIncomeRatio": -0.1265874822, "eps": -4.2, "epsdiluted": -4.2, "weightedAverageShsOut": 22607350, "weightedAverageShsOutDil": 22607350, "link": "https://www.sec.gov/Archives/edgar/data/1037976/000089262600000144/0000892626-00-000144-index.html", "finalLink": "https://www.sec.gov/Archives/edgar/data/1037976/000089262600000144/", "calculatedOtherExpenses": 181859000, "calculatedOperatingExpenses": 820524000, "calculatedNetInterest": -18211000, "calculatedOtherIncome": 0, "calculatedIncomeNonControlling": 0, "calculatedEbitda": -34627000}, {"date": "1998-12-31", "symbol": "JLL", "reportedCurrency": "USD", "cik": "0001037976", "fillingDate": "1999-03-04", "acceptedDate": "1999-03-04 00:00:00", "calendarYear": "1998", "period": "FY", "revenue": 300553000, "costOfRevenue": 0, "grossProfit": 300553000, "grossProfitRatio": 1, "researchAndDevelopmentExpenses": 0, "generalAndAdministrativeExpenses": 243146000, "sellingAndMarketingExpenses": 0, "sellingGeneralAndAdministrativeExpenses": 243146000, "otherExpenses": 13455000, "operatingExpenses": 256601000, "costAndExpenses": 256601000, "interestIncome": 0, "interestExpense": 4153000, "depreciationAndAmortization": 13455000, "ebitda": 61318000, "ebitdaratio": 0.2040172615, "operatingIncome": 37842000, "operatingIncomeRatio": 0.1259079098, "totalOtherIncomeExpensesNet": -6110000, "incomeBeforeTax": 33689000, "incomeBeforeTaxRatio": 0.1120900473, "incomeTaxExpense": 13224000, "netIncome": 20465000, "netIncomeRatio": 0.068091152, "eps": 1.26, "epsdiluted": 1.25, "weightedAverageShsOut": 16215478, "weightedAverageShsOutDil": 16387721, "link": "https://www.sec.gov/Archives/edgar/data/1037976/000089262699000116/0000892626-99-000116-index.html", "finalLink": "https://www.sec.gov/Archives/edgar/data/1037976/", "calculatedOtherExpenses": 19565000, "calculatedOperatingExpenses": 262711000, "calculatedNetInterest": -4153000, "calculatedOtherIncome": 0, "calculatedIncomeNonControlling": 0, "calculatedEbitda": 51297000}, {"date": "1997-12-31", "symbol": "JLL", "reportedCurrency": "USD", "cik": "0001037976", "fillingDate": "1998-03-27", "acceptedDate": "1998-03-27 00:00:00", "calendarYear": "1997", "period": "FY", "revenue": 221535000, "costOfRevenue": 0, "grossProfit": 221535000, "grossProfitRatio": 1, "researchAndDevelopmentExpenses": 0, "generalAndAdministrativeExpenses": 180566000, "sellingAndMarketingExpenses": 0, "sellingGeneralAndAdministrativeExpenses": 180566000, "otherExpenses": 9093000, "operatingExpenses": 189659000, "costAndExpenses": 189659000, "interestIncome": 0, "interestExpense": 3995000, "depreciationAndAmortization": 9093000, "ebitda": 44207000, "ebitdaratio": 0.1995486041, "operatingIncome": 35114000, "operatingIncomeRatio": 0.1585031711, "totalOtherIncomeExpensesNet": 3238000, "incomeBeforeTax": 31119000, "incomeBeforeTaxRatio": 0.1404699032, "incomeTaxExpense": 5279000, "netIncome": 25840000, "netIncomeRatio": 0.1166407114, "eps": 1.5, "epsdiluted": 1.49, "weightedAverageShsOut": 16200000, "weightedAverageShsOutDil": 16329613, "link": "https://www.sec.gov/Archives/edgar/data/1037976/000089262698000136/0000892626-98-000136-index.html", "finalLink": "https://www.sec.gov/Archives/edgar/data/1037976/", "calculatedOtherExpenses": 5855000, "calculatedOperatingExpenses": 186421000, "calculatedNetInterest": -3995000, "calculatedOtherIncome": 0, "calculatedIncomeNonControlling": 0, "calculatedEbitda": 44207000}, {"date": "1996-12-31", "symbol": "JLL", "reportedCurrency": "USD", "cik": "0001037976", "fillingDate": "1996-12-31", "acceptedDate": "1996-12-30 19:00:00", "calendarYear": "1996", "period": "FY", "revenue": 156233000, "costOfRevenue": 0, "grossProfit": 156233000, "grossProfitRatio": 1, "researchAndDevelopmentExpenses": 0, "generalAndAdministrativeExpenses": 127136000, "sellingAndMarketingExpenses": 0, "sellingGeneralAndAdministrativeExpenses": 127136000, "otherExpenses": 5416000, "operatingExpenses": 132552000, "costAndExpenses": 132552000, "interestIncome": 0, "interestExpense": 5730000, "depreciationAndAmortization": 5416000, "ebitda": 32317000, "ebitdaratio": 0.2068513054, "operatingIncome": 26901000, "operatingIncomeRatio": 0.1721851337, "totalOtherIncomeExpensesNet": 3220000, "incomeBeforeTax": 21171000, "incomeBeforeTaxRatio": 0.1355091434, "incomeTaxExpense": 1207000, "netIncome": 19964000, "netIncomeRatio": 0.1277835028, "eps": 1.23, "epsdiluted": 1.23, "weightedAverageShsOut": 16200000, "weightedAverageShsOutDil": 16200000, "link": "", "finalLink": "", "calculatedOtherExpenses": 2196000, "calculatedOperatingExpenses": 129332000, "calculatedNetInterest": -5730000, "calculatedOtherIncome": 0, "calculatedIncomeNonControlling": 0, "calculatedEbitda": 32317000}]}