{"originalCurrency": "USD", "convertedCurrency": "USD", "report": [{"date": "2023-12-31", "symbol": "JNPR", "reportedCurrency": "USD", "cik": "0001043604", "fillingDate": "2024-02-07", "acceptedDate": "2024-02-07 16:44:28", "calendarYear": "2023", "period": "FY", "revenue": 5564500000, "costOfRevenue": 2362600000, "grossProfit": 3201900000, "grossProfitRatio": 0.5754155809, "researchAndDevelopmentExpenses": 1144400000, "generalAndAdministrativeExpenses": 255500000, "sellingAndMarketingExpenses": 1233900000, "sellingGeneralAndAdministrativeExpenses": 1489400000, "otherExpenses": -400000, "operatingExpenses": 2633800000, "costAndExpenses": 4996400000, "interestIncome": 50600000, "interestExpense": 80000000, "depreciationAndAmortization": 194700000, "ebitda": 813000000, "ebitdaratio": 0.1461047713, "operatingIncome": 470100000, "operatingIncomeRatio": 0.084481984, "totalOtherIncomeExpensesNet": -189700000, "incomeBeforeTax": 349000000, "incomeBeforeTaxRatio": 0.0627190224, "incomeTaxExpense": 29200000, "netIncome": 310200000, "netIncomeRatio": 0.0557462485, "eps": 0.97, "epsdiluted": 0.95, "weightedAverageShsOut": 320000000, "weightedAverageShsOutDil": 325900000, "link": "https://www.sec.gov/Archives/edgar/data/1043604/000104360424000014/0001043604-24-000014-index.htm", "finalLink": "https://www.sec.gov/Archives/edgar/data/1043604/000104360424000014/jnpr-20231231.htm", "calculatedOtherExpenses": 98000000, "calculatedOperatingExpenses": 2731800000, "calculatedNetInterest": -29400000, "calculatedOtherIncome": -91700000, "calculatedIncomeNonControlling": 9600000, "calculatedEbitda": 664800000}, {"date": "2022-12-31", "symbol": "JNPR", "reportedCurrency": "USD", "cik": "0001043604", "fillingDate": "2023-02-10", "acceptedDate": "2023-02-10 16:30:07", "calendarYear": "2022", "period": "FY", "revenue": 5301200000, "costOfRevenue": 2342900000, "grossProfit": 2958300000, "grossProfitRatio": 0.5580434619, "researchAndDevelopmentExpenses": 1036100000, "generalAndAdministrativeExpenses": 249500000, "sellingAndMarketingExpenses": 1133400000, "sellingGeneralAndAdministrativeExpenses": 1382900000, "otherExpenses": -28600000, "operatingExpenses": 2419000000, "costAndExpenses": 4761900000, "interestIncome": 19600000, "interestExpense": 58600000, "depreciationAndAmortization": 212300000, "ebitda": 731400000, "ebitdaratio": 0.1379687618, "operatingIncome": 519100000, "operatingIncomeRatio": 0.0979212254, "totalOtherIncomeExpensesNet": 17200000, "incomeBeforeTax": 536300000, "incomeBeforeTaxRatio": 0.1011657738, "incomeTaxExpense": 60500000, "netIncome": 471000000, "netIncomeRatio": 0.088847808, "eps": 1.46, "epsdiluted": 1.43, "weightedAverageShsOut": 322100000, "weightedAverageShsOutDil": 329500000, "link": "https://www.sec.gov/Archives/edgar/data/1043604/000104360423000016/0001043604-23-000016-index.htm", "finalLink": "https://www.sec.gov/Archives/edgar/data/1043604/000104360423000016/jnpr-20221231.htm", "calculatedOtherExpenses": 20200000, "calculatedOperatingExpenses": 2439200000, "calculatedNetInterest": -39000000, "calculatedOtherIncome": 56200000, "calculatedIncomeNonControlling": 4800000, "calculatedEbitda": 731400000}, {"date": "2021-12-31", "symbol": "JNPR", "reportedCurrency": "USD", "cik": "0001043604", "fillingDate": "2022-02-11", "acceptedDate": "2022-02-11 17:01:13", "calendarYear": "2021", "period": "FY", "revenue": 4735400000, "costOfRevenue": 1995300000, "grossProfit": 2740100000, "grossProfitRatio": 0.5786417198, "researchAndDevelopmentExpenses": 1007200000, "generalAndAdministrativeExpenses": 249800000, "sellingAndMarketingExpenses": 1052700000, "sellingGeneralAndAdministrativeExpenses": 1302500000, "otherExpenses": -16800000, "operatingExpenses": 2309700000, "costAndExpenses": 4305000000, "interestIncome": 14900000, "interestExpense": 50800000, "depreciationAndAmortization": 237400000, "ebitda": 771300000, "ebitdaratio": 0.1628795878, "operatingIncome": 533900000, "operatingIncomeRatio": 0.1127465473, "totalOtherIncomeExpensesNet": -223800000, "incomeBeforeTax": 310100000, "incomeBeforeTaxRatio": 0.0654854922, "incomeTaxExpense": 57400000, "netIncome": 252700000, "netIncomeRatio": 0.0533640242, "eps": 0.78, "epsdiluted": 0.76, "weightedAverageShsOut": 324400000, "weightedAverageShsOutDil": 331600000, "link": "https://www.sec.gov/Archives/edgar/data/1043604/000104360422000017/0001043604-22-000017-index.htm", "finalLink": "https://www.sec.gov/Archives/edgar/data/1043604/000104360422000017/jnpr-20211231.htm", "calculatedOtherExpenses": -103500000, "calculatedOperatingExpenses": 2206200000, "calculatedNetInterest": -35900000, "calculatedOtherIncome": -187900000, "calculatedIncomeNonControlling": 0, "calculatedEbitda": 771300000}, {"date": "2020-12-31", "symbol": "JNPR", "reportedCurrency": "USD", "cik": "0001043604", "fillingDate": "2021-02-12", "acceptedDate": "2021-02-12 16:45:13", "calendarYear": "2020", "period": "FY", "revenue": 4445100000, "costOfRevenue": 1871400000, "grossProfit": 2573700000, "grossProfitRatio": 0.5789970979, "researchAndDevelopmentExpenses": 958400000, "generalAndAdministrativeExpenses": 255400000, "sellingAndMarketingExpenses": 938800000, "sellingGeneralAndAdministrativeExpenses": 1194200000, "otherExpenses": -32900000, "operatingExpenses": 2152600000, "costAndExpenses": 4024000000, "interestIncome": 36300000, "interestExpense": 77000000, "depreciationAndAmortization": 212400000, "ebitda": 756500000, "ebitdaratio": 0.1701873974, "operatingIncome": 544100000, "operatingIncomeRatio": 0.1224044453, "totalOtherIncomeExpensesNet": -278900000, "incomeBeforeTax": 265200000, "incomeBeforeTaxRatio": 0.0596612, "incomeTaxExpense": 7400000, "netIncome": 257800000, "netIncomeRatio": 0.0579964455, "eps": 0.78, "epsdiluted": 0.77, "weightedAverageShsOut": 330400000, "weightedAverageShsOutDil": 335200000, "link": "https://www.sec.gov/Archives/edgar/data/1043604/000104360421000013/0001043604-21-000013-index.htm", "finalLink": "https://www.sec.gov/Archives/edgar/data/1043604/000104360421000013/jnpr-20201231.htm", "calculatedOtherExpenses": -123000000, "calculatedOperatingExpenses": 2029600000, "calculatedNetInterest": -40700000, "calculatedOtherIncome": -238200000, "calculatedIncomeNonControlling": 0, "calculatedEbitda": 756500000}, {"date": "2019-12-31", "symbol": "JNPR", "reportedCurrency": "USD", "cik": "0001043604", "fillingDate": "2020-02-20", "acceptedDate": "2020-02-20 16:35:50", "calendarYear": "2019", "period": "FY", "revenue": 4445400000, "costOfRevenue": 1828600000, "grossProfit": 2616800000, "grossProfitRatio": 0.5886534395, "researchAndDevelopmentExpenses": 955700000, "generalAndAdministrativeExpenses": 244300000, "sellingAndMarketingExpenses": 939300000, "sellingGeneralAndAdministrativeExpenses": 1183600000, "otherExpenses": -27800000, "operatingExpenses": 2139300000, "costAndExpenses": 3967900000, "interestIncome": 79100000, "interestExpense": 88700000, "depreciationAndAmortization": 280900000, "ebitda": 723100000, "ebitdaratio": 0.1626625276, "operatingIncome": 442200000, "operatingIncomeRatio": 0.0994736132, "totalOtherIncomeExpensesNet": -27800000, "incomeBeforeTax": 414400000, "incomeBeforeTaxRatio": 0.0932199577, "incomeTaxExpense": 69400000, "netIncome": 345000000, "netIncomeRatio": 0.0776083142, "eps": 1.01, "epsdiluted": 0.99, "weightedAverageShsOut": 343200000, "weightedAverageShsOutDil": 348200000, "link": "https://www.sec.gov/Archives/edgar/data/1043604/000104360420000021/0001043604-20-000021-index.htm", "finalLink": "https://www.sec.gov/Archives/edgar/data/1043604/000104360420000021/jnpr-10k20191231.htm", "calculatedOtherExpenses": 35300000, "calculatedOperatingExpenses": 2174600000, "calculatedNetInterest": -9600000, "calculatedOtherIncome": -18200000, "calculatedIncomeNonControlling": 0, "calculatedEbitda": 723100000}, {"date": "2018-12-31", "symbol": "JNPR", "reportedCurrency": "USD", "cik": "0001043604", "fillingDate": "2019-02-22", "acceptedDate": "2019-02-22 16:33:50", "calendarYear": "2018", "period": "FY", "revenue": 4647500000, "costOfRevenue": 1906300000, "grossProfit": 2741200000, "grossProfitRatio": 0.5898224852, "researchAndDevelopmentExpenses": 1003200000, "generalAndAdministrativeExpenses": 231100000, "sellingAndMarketingExpenses": 927400000, "sellingGeneralAndAdministrativeExpenses": 1158500000, "otherExpenses": -39500000, "operatingExpenses": 2161700000, "costAndExpenses": 4068000000, "interestIncome": 72700000, "interestExpense": 103200000, "depreciationAndAmortization": 210500000, "ebitda": 797300000, "ebitdaratio": 0.1715545992, "operatingIncome": 572200000, "operatingIncomeRatio": 0.123119957, "totalOtherIncomeExpensesNet": -46800000, "incomeBeforeTax": 532700000, "incomeBeforeTaxRatio": 0.1146207639, "incomeTaxExpense": -34200000, "netIncome": 566900000, "netIncomeRatio": 0.1219795589, "eps": 1.62, "epsdiluted": 1.6, "weightedAverageShsOut": 349000000, "weightedAverageShsOutDil": 354400000, "link": "https://www.sec.gov/Archives/edgar/data/1043604/000104360419000012/0001043604-19-000012-index.htm", "finalLink": "https://www.sec.gov/Archives/edgar/data/1043604/000104360419000012/jnpr-10k20181231.htm", "calculatedOtherExpenses": 7300000, "calculatedOperatingExpenses": 2169000000, "calculatedNetInterest": -30500000, "calculatedOtherIncome": -9000000, "calculatedIncomeNonControlling": 0, "calculatedEbitda": 782700000}, {"date": "2017-12-31", "symbol": "JNPR", "reportedCurrency": "USD", "cik": "0001043604", "fillingDate": "2018-02-23", "acceptedDate": "2018-02-23 16:06:18", "calendarYear": "2017", "period": "FY", "revenue": 5027200000, "costOfRevenue": 1955100000, "grossProfit": 3072100000, "grossProfitRatio": 0.6110956397, "researchAndDevelopmentExpenses": 980700000, "generalAndAdministrativeExpenses": 227500000, "sellingAndMarketingExpenses": 950200000, "sellingGeneralAndAdministrativeExpenses": 1177700000, "otherExpenses": -36300000, "operatingExpenses": 2158400000, "costAndExpenses": 4113500000, "interestIncome": 53000000, "interestExpense": 101200000, "depreciationAndAmortization": 225600000, "ebitda": 1204900000, "ebitdaratio": 0.2396761617, "operatingIncome": 848100000, "operatingIncomeRatio": 0.1687022597, "totalOtherIncomeExpensesNet": -101900000, "incomeBeforeTax": 811800000, "incomeBeforeTaxRatio": 0.1614815404, "incomeTaxExpense": 505600000, "netIncome": 306200000, "netIncomeRatio": 0.0609086569, "eps": 0.81, "epsdiluted": 0.8, "weightedAverageShsOut": 377700000, "weightedAverageShsOutDil": 384200000, "link": "https://www.sec.gov/Archives/edgar/data/1043604/000104360418000011/0001043604-18-000011-index.htm", "finalLink": "https://www.sec.gov/Archives/edgar/data/1043604/000104360418000011/jnpr-10k20171231.htm", "calculatedOtherExpenses": 65600000, "calculatedOperatingExpenses": 2224000000, "calculatedNetInterest": -48200000, "calculatedOtherIncome": 11900000, "calculatedIncomeNonControlling": 0, "calculatedEbitda": 1073700000}, {"date": "2016-12-31", "symbol": "JNPR", "reportedCurrency": "USD", "cik": "0001043604", "fillingDate": "2017-02-24", "acceptedDate": "2017-02-24 17:25:56", "calendarYear": "2016", "period": "FY", "revenue": 4990100000, "costOfRevenue": 1874800000, "grossProfit": 3115300000, "grossProfitRatio": 0.6242961063, "researchAndDevelopmentExpenses": 1013700000, "generalAndAdministrativeExpenses": 224900000, "sellingAndMarketingExpenses": 972900000, "sellingGeneralAndAdministrativeExpenses": 1197800000, "otherExpenses": -62300000, "operatingExpenses": 2211500000, "costAndExpenses": 4086300000, "interestIncome": 35400000, "interestExpense": 97700000, "depreciationAndAmortization": 206700000, "ebitda": 1113800000, "ebitdaratio": 0.2232019398, "operatingIncome": 900500000, "operatingIncomeRatio": 0.1804573055, "totalOtherIncomeExpensesNet": -65600000, "incomeBeforeTax": 838200000, "incomeBeforeTaxRatio": 0.1679725857, "incomeTaxExpense": 237000000, "netIncome": 601200000, "netIncomeRatio": 0.1204785475, "eps": 1.55, "epsdiluted": 1.53, "weightedAverageShsOut": 381700000, "weightedAverageShsOutDil": 387800000, "link": "https://www.sec.gov/Archives/edgar/data/1043604/000104360417000045/0001043604-17-000045-index.htm", "finalLink": "https://www.sec.gov/Archives/edgar/data/1043604/000104360417000045/jnpr-10k20161231.htm", "calculatedOtherExpenses": 3300000, "calculatedOperatingExpenses": 2214800000, "calculatedNetInterest": -62300000, "calculatedOtherIncome": 0, "calculatedIncomeNonControlling": 0, "calculatedEbitda": 1107200000}, {"date": "2015-12-31", "symbol": "JNPR", "reportedCurrency": "USD", "cik": "0001043604", "fillingDate": "2016-02-19", "acceptedDate": "2016-02-19 16:06:03", "calendarYear": "2015", "period": "FY", "revenue": 4857800000, "costOfRevenue": 1779200000, "grossProfit": 3078600000, "grossProfitRatio": 0.63374367, "researchAndDevelopmentExpenses": 994500000, "generalAndAdministrativeExpenses": 228900000, "sellingAndMarketingExpenses": 943800000, "sellingGeneralAndAdministrativeExpenses": 1172700000, "otherExpenses": -59800000, "operatingExpenses": 2167200000, "costAndExpenses": 3946400000, "interestIncome": 21800000, "interestExpense": 83300000, "depreciationAndAmortization": 176500000, "ebitda": 1087300000, "ebitdaratio": 0.2238256001, "operatingIncome": 912000000, "operatingIncomeRatio": 0.1877393059, "totalOtherIncomeExpensesNet": -59200000, "incomeBeforeTax": 852200000, "incomeBeforeTaxRatio": 0.1754292066, "incomeTaxExpense": 218500000, "netIncome": 633700000, "netIncomeRatio": 0.1304499979, "eps": 1.62, "epsdiluted": 1.59, "weightedAverageShsOut": 390600000, "weightedAverageShsOutDil": 399400000, "link": "https://www.sec.gov/Archives/edgar/data/1043604/000104360416000219/0001043604-16-000219-index.htm", "finalLink": "https://www.sec.gov/Archives/edgar/data/1043604/000104360416000219/jnpr-10k20151231.htm", "calculatedOtherExpenses": -600000, "calculatedOperatingExpenses": 2166600000, "calculatedNetInterest": -61500000, "calculatedOtherIncome": 1700000, "calculatedIncomeNonControlling": 0, "calculatedEbitda": 1088500000}, {"date": "2014-12-31", "symbol": "JNPR", "reportedCurrency": "USD", "cik": "0001043604", "fillingDate": "2015-02-20", "acceptedDate": "2015-02-20 17:06:56", "calendarYear": "2014", "period": "FY", "revenue": 4627100000, "costOfRevenue": 1768900000, "grossProfit": 2858200000, "grossProfitRatio": 0.617708716, "researchAndDevelopmentExpenses": 1006200000, "generalAndAdministrativeExpenses": 231100000, "sellingAndMarketingExpenses": 1023600000, "sellingGeneralAndAdministrativeExpenses": 1254700000, "otherExpenses": 333400000, "operatingExpenses": 2260900000, "costAndExpenses": 4029800000, "interestIncome": 10000000, "interestExpense": 66900000, "depreciationAndAmortization": 186100000, "ebitda": 1800400000, "ebitdaratio": 0.3890990037, "operatingIncome": -419700000, "operatingIncomeRatio": -0.0907047611, "totalOtherIncomeExpensesNet": -683600000, "incomeBeforeTax": -86300000, "incomeBeforeTaxRatio": -0.0186509909, "incomeTaxExpense": 248000000, "netIncome": -334300000, "netIncomeRatio": -0.0722482765, "eps": -0.73, "epsdiluted": -0.73, "weightedAverageShsOut": 457400000, "weightedAverageShsOutDil": 457400000, "link": "https://www.sec.gov/Archives/edgar/data/1043604/000104360415000022/0001043604-15-000022-index.htm", "finalLink": "https://www.sec.gov/Archives/edgar/data/1043604/000104360415000022/jnpr-10k20141231.htm", "calculatedOtherExpenses": 1017000000, "calculatedOperatingExpenses": 3277900000, "calculatedNetInterest": -56900000, "calculatedOtherIncome": 390300000, "calculatedIncomeNonControlling": 0, "calculatedEbitda": -233600000}, {"date": "2013-12-31", "symbol": "JNPR", "reportedCurrency": "USD", "cik": "0001043604", "fillingDate": "2014-02-26", "acceptedDate": "2014-02-25 18:45:12", "calendarYear": "2013", "period": "FY", "revenue": 4669100000, "costOfRevenue": 1727700000, "grossProfit": 2941400000, "grossProfitRatio": 0.6299715149, "researchAndDevelopmentExpenses": 1043200000, "generalAndAdministrativeExpenses": 217300000, "sellingAndMarketingExpenses": 1075900000, "sellingGeneralAndAdministrativeExpenses": 1293200000, "otherExpenses": -40400000, "operatingExpenses": 2336400000, "costAndExpenses": 4064100000, "interestIncome": 8700000, "interestExpense": 58400000, "depreciationAndAmortization": 189900000, "ebitda": 834000000, "ebitdaratio": 0.1786211475, "operatingIncome": 565900000, "operatingIncomeRatio": 0.121201088, "totalOtherIncomeExpensesNet": -79500000, "incomeBeforeTax": 525500000, "incomeBeforeTaxRatio": 0.1125484569, "incomeTaxExpense": 85700000, "netIncome": 439800000, "netIncomeRatio": 0.0941937418, "eps": 0.88, "epsdiluted": 0.86, "weightedAverageShsOut": 501800000, "weightedAverageShsOutDil": 510300000, "link": "https://www.sec.gov/Archives/edgar/data/1043604/000104360414000038/0001043604-14-000038-index.htm", "finalLink": "https://www.sec.gov/Archives/edgar/data/1043604/000104360414000038/jnpr-10k20131231.htm", "calculatedOtherExpenses": 39100000, "calculatedOperatingExpenses": 2375500000, "calculatedNetInterest": -49700000, "calculatedOtherIncome": 9300000, "calculatedIncomeNonControlling": 0, "calculatedEbitda": 755800000}, {"date": "2012-12-31", "symbol": "JNPR", "reportedCurrency": "USD", "cik": "0001043604", "fillingDate": "2013-02-26", "acceptedDate": "2013-02-26 17:25:49", "calendarYear": "2012", "period": "FY", "revenue": 4365400000, "costOfRevenue": 1656600000, "grossProfit": 2708800000, "grossProfitRatio": 0.6205158748, "researchAndDevelopmentExpenses": 1101600000, "generalAndAdministrativeExpenses": 203600000, "sellingAndMarketingExpenses": 1042000000, "sellingGeneralAndAdministrativeExpenses": 1245600000, "otherExpenses": -16600000, "operatingExpenses": 2351900000, "costAndExpenses": 4008500000, "interestIncome": 11000000, "interestExpense": 52900000, "depreciationAndAmortization": 187000000, "ebitda": 592700000, "ebitdaratio": 0.1357722087, "operatingIncome": 308100000, "operatingIncomeRatio": 0.0705777248, "totalOtherIncomeExpensesNet": -65400000, "incomeBeforeTax": 291500000, "incomeBeforeTaxRatio": 0.0667750951, "incomeTaxExpense": 105000000, "netIncome": 186500000, "netIncomeRatio": 0.0427223164, "eps": 0.36, "epsdiluted": 0.35, "weightedAverageShsOut": 520900000, "weightedAverageShsOutDil": 526200000, "link": "https://www.sec.gov/Archives/edgar/data/1043604/000104360413000022/0001043604-13-000022-index.htm", "finalLink": "https://www.sec.gov/Archives/edgar/data/1043604/000104360413000022/juniper201210k.htm", "calculatedOtherExpenses": 53500000, "calculatedOperatingExpenses": 2400700000, "calculatedNetInterest": -41900000, "calculatedOtherIncome": 25300000, "calculatedIncomeNonControlling": 0, "calculatedEbitda": 495100000}, {"date": "2011-12-31", "symbol": "JNPR", "reportedCurrency": "USD", "cik": "0001043604", "fillingDate": "2012-02-24", "acceptedDate": "2012-02-24 17:30:07", "calendarYear": "2011", "period": "FY", "revenue": 4448709000, "costOfRevenue": 1580119000, "grossProfit": 2868590000, "grossProfitRatio": 0.6448140348, "researchAndDevelopmentExpenses": 1026790000, "generalAndAdministrativeExpenses": 179132000, "sellingAndMarketingExpenses": 1001060000, "sellingGeneralAndAdministrativeExpenses": 1180192000, "otherExpenses": 5366000, "operatingExpenses": 2212348000, "costAndExpenses": 3792467000, "interestIncome": 9700000, "interestExpense": 49500000, "depreciationAndAmortization": 170038000, "ebitda": 910806000, "ebitdaratio": 0.2047349017, "operatingIncome": 618524000, "operatingIncomeRatio": 0.1390344929, "totalOtherIncomeExpensesNet": -84526000, "incomeBeforeTax": 571716000, "incomeBeforeTaxRatio": 0.1285127888, "incomeTaxExpense": 146704000, "netIncome": 425136000, "netIncomeRatio": 0.095563904, "eps": 0.8, "epsdiluted": 0.79, "weightedAverageShsOut": 529800000, "weightedAverageShsOutDil": 541400000, "link": "https://www.sec.gov/Archives/edgar/data/1043604/000104360412000006/0001043604-12-000006-index.htm", "finalLink": "https://www.sec.gov/Archives/edgar/data/1043604/000104360412000006/juniper201110k.htm", "calculatedOtherExpenses": 43084000, "calculatedOperatingExpenses": 2250066000, "calculatedNetInterest": -39800000, "calculatedOtherIncome": -7008000, "calculatedIncomeNonControlling": -124000, "calculatedEbitda": 788562000}, {"date": "2010-12-31", "symbol": "JNPR", "reportedCurrency": "USD", "cik": "0001043604", "fillingDate": "2011-02-25", "acceptedDate": "2011-02-25 15:42:47", "calendarYear": "2010", "period": "FY", "revenue": 4093266000, "costOfRevenue": 1351519000, "grossProfit": 2741747000, "grossProfitRatio": 0.6698189172, "researchAndDevelopmentExpenses": 917855000, "generalAndAdministrativeExpenses": 177859000, "sellingAndMarketingExpenses": 857072000, "sellingGeneralAndAdministrativeExpenses": 1034931000, "otherExpenses": 4230000, "operatingExpenses": 1957016000, "costAndExpenses": 3308535000, "interestIncome": 1917000, "interestExpense": 0, "depreciationAndAmortization": 155288000, "ebitda": 955249000, "ebitdaratio": 0.2333708584, "operatingIncome": 767584000, "operatingIncomeRatio": 0.1875236058, "totalOtherIncomeExpensesNet": -6577000, "incomeBeforeTax": 778154000, "incomeBeforeTaxRatio": 0.1901058959, "incomeTaxExpense": 158781000, "netIncome": 618402000, "netIncomeRatio": 0.1510778923, "eps": 1.18, "epsdiluted": 1.15, "weightedAverageShsOut": 522400000, "weightedAverageShsOutDil": 538800000, "link": "https://www.sec.gov/Archives/edgar/data/1043604/000144530511000332/0001445305-11-000332-index.htm", "finalLink": "https://www.sec.gov/Archives/edgar/data/1043604/000144530511000332/juniper10k123110.htm", "calculatedOtherExpenses": 21377000, "calculatedOperatingExpenses": 1974163000, "calculatedNetInterest": 1917000, "calculatedOtherIncome": 8653000, "calculatedIncomeNonControlling": 971000, "calculatedEbitda": 922872000}, {"date": "2009-12-31", "symbol": "JNPR", "reportedCurrency": "USD", "cik": "0001043604", "fillingDate": "2010-02-26", "acceptedDate": "2010-02-26 16:18:38", "calendarYear": "2009", "period": "FY", "revenue": 3315912000, "costOfRevenue": 1157802000, "grossProfit": 2158110000, "grossProfitRatio": 0.6508345215, "researchAndDevelopmentExpenses": 741708000, "generalAndAdministrativeExpenses": 159459000, "sellingAndMarketingExpenses": 734038000, "sellingGeneralAndAdministrativeExpenses": 893497000, "otherExpenses": 352206000, "operatingExpenses": 1658621000, "costAndExpenses": 2816423000, "interestIncome": 6928000, "interestExpense": 0, "depreciationAndAmortization": 148373000, "ebitda": 667325000, "ebitdaratio": 0.2012493094, "operatingIncome": 480026000, "operatingIncomeRatio": 0.1447643966, "totalOtherIncomeExpensesNet": -19463000, "incomeBeforeTax": 481392000, "incomeBeforeTaxRatio": 0.1451763497, "incomeTaxExpense": 258111000, "netIncome": 225052000, "netIncomeRatio": 0.0678703174, "eps": 0.22, "epsdiluted": 0.22, "weightedAverageShsOut": 523603000, "weightedAverageShsOutDil": 534015000, "link": "https://www.sec.gov/Archives/edgar/data/1043604/000095012310018160/0000950123-10-018160-index.htm", "finalLink": "https://www.sec.gov/Archives/edgar/data/1043604/000095012310018160/f54104e10vk.htm", "calculatedOtherExpenses": 42879000, "calculatedOperatingExpenses": 1678084000, "calculatedNetInterest": 6928000, "calculatedOtherIncome": -5562000, "calculatedIncomeNonControlling": -1771000, "calculatedEbitda": 628399000}, {"date": "2008-12-31", "symbol": "JNPR", "reportedCurrency": "USD", "cik": "0001043604", "fillingDate": "2009-03-02", "acceptedDate": "2009-03-02 14:09:29", "calendarYear": "2008", "period": "FY", "revenue": 3572376000, "costOfRevenue": 1165966000, "grossProfit": 2406410000, "grossProfitRatio": 0.6736161031, "researchAndDevelopmentExpenses": 731151000, "generalAndAdministrativeExpenses": 144837000000, "sellingAndMarketingExpenses": 782940000000, "sellingGeneralAndAdministrativeExpenses": 927777000, "otherExpenses": 52508000, "operatingExpenses": 1711436000, "costAndExpenses": 2877402000, "interestIncome": 0, "interestExpense": 0, "depreciationAndAmortization": 167474000, "ebitda": 891259000, "ebitdaratio": 0.2494863363, "operatingIncome": 694974000, "operatingIncomeRatio": 0.1945411121, "totalOtherIncomeExpensesNet": -28811000, "incomeBeforeTax": 728891000, "incomeBeforeTaxRatio": 0.2040353535, "incomeTaxExpense": 217142000, "netIncome": 511749000, "netIncomeRatio": 0.1432517182, "eps": 0.96, "epsdiluted": 0.93, "weightedAverageShsOut": 530337000, "weightedAverageShsOutDil": 551433000, "link": "https://www.sec.gov/Archives/edgar/data/1043604/000095013409004211/0000950134-09-004211-index.htm", "finalLink": "https://www.sec.gov/Archives/edgar/data/1043604/000095013409004211/f50665e10vk.htm", "calculatedOtherExpenses": 52508000, "calculatedOperatingExpenses": 1711436000, "calculatedNetInterest": 0, "calculatedOtherIncome": 33917000, "calculatedIncomeNonControlling": 0, "calculatedEbitda": 862448000}, {"date": "2007-12-31", "symbol": "JNPR", "reportedCurrency": "USD", "cik": "0001043604", "fillingDate": "2008-02-29", "acceptedDate": "2008-02-29 06:01:53", "calendarYear": "2007", "period": "FY", "revenue": 2836088000, "costOfRevenue": 927638000, "grossProfit": 1908450000, "grossProfitRatio": 0.6729163552, "researchAndDevelopmentExpenses": 622961000, "generalAndAdministrativeExpenses": 116489000000, "sellingAndMarketingExpenses": 666688000000, "sellingGeneralAndAdministrativeExpenses": 783177000, "otherExpenses": 94550000, "operatingExpenses": 1500688000, "costAndExpenses": 2428326000, "interestIncome": 0, "interestExpense": 0, "depreciationAndAmortization": 193166000, "ebitda": 603537000, "ebitdaratio": 0.2128061612, "operatingIncome": 407062000, "operatingIncomeRatio": 0.1435293968, "totalOtherIncomeExpensesNet": -2609000, "incomeBeforeTax": 510583000, "incomeBeforeTaxRatio": 0.1800307325, "incomeTaxExpense": 149753000, "netIncome": 360830000, "netIncomeRatio": 0.1272280691, "eps": 0.67, "epsdiluted": 0.62, "weightedAverageShsOut": 537767000, "weightedAverageShsOutDil": 579145000, "link": "https://www.sec.gov/Archives/edgar/data/1043604/000095013408003762/0000950134-08-003762-index.htm", "finalLink": "https://www.sec.gov/Archives/edgar/data/1043604/000095013408003762/f38434e10vk.htm", "calculatedOtherExpenses": 95250000, "calculatedOperatingExpenses": 1501388000, "calculatedNetInterest": 0, "calculatedOtherIncome": 103521000, "calculatedIncomeNonControlling": 0, "calculatedEbitda": 600228000}, {"date": "2006-12-31", "symbol": "JNPR", "reportedCurrency": "USD", "cik": "0001043604", "fillingDate": "2007-03-09", "acceptedDate": "2007-03-09 17:17:27", "calendarYear": "2006", "period": "FY", "revenue": 2303580000, "costOfRevenue": 754290000, "grossProfit": 1549290000, "grossProfitRatio": 0.6725574975, "researchAndDevelopmentExpenses": 480247000, "generalAndAdministrativeExpenses": 0, "sellingAndMarketingExpenses": 0, "sellingGeneralAndAdministrativeExpenses": 655067000, "otherExpenses": 1375244000, "operatingExpenses": 2510558000, "costAndExpenses": 3264848000, "interestIncome": 0, "interestExpense": 0, "depreciationAndAmortization": 173490000, "ebitda": 532157000, "ebitdaratio": 0.2310130319, "operatingIncome": -997782000, "operatingIncomeRatio": -0.4331440627, "totalOtherIncomeExpensesNet": -1319935000, "incomeBeforeTax": -897049000, "incomeBeforeTaxRatio": -0.3894151712, "incomeTaxExpense": 104388000, "netIncome": -1001437000, "netIncomeRatio": -0.4347307235, "eps": -1.76, "epsdiluted": -1.76, "weightedAverageShsOut": 567454000, "weightedAverageShsOutDil": 567454000, "link": "https://www.sec.gov/Archives/edgar/data/1043604/000089161807000146/0000891618-07-000146-index.htm", "finalLink": "https://www.sec.gov/Archives/edgar/data/1043604/000089161807000146/f27855e10vk.htm", "calculatedOtherExpenses": 1411758000, "calculatedOperatingExpenses": 2547072000, "calculatedNetInterest": 0, "calculatedOtherIncome": 100733000, "calculatedIncomeNonControlling": 0, "calculatedEbitda": -824292000}, {"date": "2005-12-31", "symbol": "JNPR", "reportedCurrency": "USD", "cik": "0001043604", "fillingDate": "2006-03-07", "acceptedDate": "2006-03-07 17:15:03", "calendarYear": "2005", "period": "FY", "revenue": 2063957000, "costOfRevenue": 652866000, "grossProfit": 1411091000, "grossProfitRatio": 0.6836823635, "researchAndDevelopmentExpenses": 355417000, "generalAndAdministrativeExpenses": 74756000000, "sellingAndMarketingExpenses": 439596000000, "sellingGeneralAndAdministrativeExpenses": 514352000, "otherExpenses": 85174000, "operatingExpenses": 954943000, "costAndExpenses": 1607809000, "interestIncome": 0, "interestExpense": -3925000000, "depreciationAndAmortization": 138904000, "ebitda": 604220000, "ebitdaratio": 0.292748347, "operatingIncome": 445730000, "operatingIncomeRatio": 0.2159589565, "totalOtherIncomeExpensesNet": -9168000, "incomeBeforeTax": 502199000, "incomeBeforeTaxRatio": 0.2433185381, "incomeTaxExpense": 148170000, "netIncome": 354029000, "netIncomeRatio": 0.1715292518, "eps": 0.63, "epsdiluted": 0.58, "weightedAverageShsOut": 554223000, "weightedAverageShsOutDil": 600189000, "link": "https://www.sec.gov/Archives/edgar/data/1043604/000095013406004424/0000950134-06-004424-index.htm", "finalLink": "https://www.sec.gov/Archives/edgar/data/1043604/000095013406004424/f17833e10vk.htm", "calculatedOtherExpenses": 95592000, "calculatedOperatingExpenses": 965361000, "calculatedNetInterest": 3925000000, "calculatedOtherIncome": -3868531000, "calculatedIncomeNonControlling": 0, "calculatedEbitda": 584634000}, {"date": "2004-12-31", "symbol": "JNPR", "reportedCurrency": "USD", "cik": "0001043604", "fillingDate": "2005-03-04", "acceptedDate": "2005-03-04 15:34:21", "calendarYear": "2004", "period": "FY", "revenue": 1336019000, "costOfRevenue": 410574000, "grossProfit": 925445000, "grossProfitRatio": 0.6926885022, "researchAndDevelopmentExpenses": 238363000, "generalAndAdministrativeExpenses": 53261000, "sellingAndMarketingExpenses": 302345000, "sellingGeneralAndAdministrativeExpenses": 355606000, "otherExpenses": 105824000, "operatingExpenses": 699793000, "costAndExpenses": 1110367000, "interestIncome": 0, "interestExpense": -5379000, "depreciationAndAmortization": 145674000, "ebitda": 405901000, "ebitdaratio": 0.3038137931, "operatingIncome": 203210000, "operatingIncomeRatio": 0.1521011303, "totalOtherIncomeExpensesNet": -34575000, "incomeBeforeTax": 219018000, "incomeBeforeTaxRatio": 0.1639332974, "incomeTaxExpense": 83272000, "netIncome": 135746000, "netIncomeRatio": 0.1016048424, "eps": 0.26, "epsdiluted": 0.24, "weightedAverageShsOut": 493100000, "weightedAverageShsOutDil": 543700000, "link": "https://www.sec.gov/Archives/edgar/data/1043604/000095013405004228/0000950134-05-004228-index.htm", "finalLink": "https://www.sec.gov/Archives/edgar/data/1043604/000095013405004228/f06213e10vk.htm", "calculatedOtherExpenses": 128266000, "calculatedOperatingExpenses": 722235000, "calculatedNetInterest": 5379000, "calculatedOtherIncome": 10429000, "calculatedIncomeNonControlling": 0, "calculatedEbitda": 348884000}, {"date": "2003-12-31", "symbol": "JNPR", "reportedCurrency": "USD", "cik": "0001043604", "fillingDate": "2004-02-20", "acceptedDate": "2004-02-20 17:12:42", "calendarYear": "2003", "period": "FY", "revenue": 701393000, "costOfRevenue": 257349000, "grossProfit": 444044000, "grossProfitRatio": 0.6330887249, "researchAndDevelopmentExpenses": 176104000, "generalAndAdministrativeExpenses": 28462000, "sellingAndMarketingExpenses": 145784000, "sellingGeneralAndAdministrativeExpenses": 174246000, "otherExpenses": 22698000, "operatingExpenses": 373048000, "costAndExpenses": 630397000, "interestIncome": 0, "interestExpense": -39099000, "depreciationAndAmortization": 70040000, "ebitda": 147367000, "ebitdaratio": 0.2101061744, "operatingIncome": 57011000, "operatingIncomeRatio": 0.0812825335, "totalOtherIncomeExpensesNet": -6331000, "incomeBeforeTax": 58994000, "incomeBeforeTaxRatio": 0.0841097644, "incomeTaxExpense": 19795000, "netIncome": 39199000, "netIncomeRatio": 0.0558873556, "eps": 0.08, "epsdiluted": 0.07, "weightedAverageShsOut": 382200000, "weightedAverageShsOutDil": 414100000, "link": "https://www.sec.gov/Archives/edgar/data/1043604/000089161804000620/0000891618-04-000620-index.htm", "finalLink": "https://www.sec.gov/Archives/edgar/data/1043604/000089161804000620/f96584e10vk.htm", "calculatedOtherExpenses": 36683000, "calculatedOperatingExpenses": 387033000, "calculatedNetInterest": 39099000, "calculatedOtherIncome": -37116000, "calculatedIncomeNonControlling": 0, "calculatedEbitda": 127051000}, {"date": "2002-12-31", "symbol": "JNPR", "reportedCurrency": "USD", "cik": "0001043604", "fillingDate": "2003-03-11", "acceptedDate": "2003-03-11 15:40:39", "calendarYear": "2002", "period": "FY", "revenue": 546547000, "costOfRevenue": 230108000, "grossProfit": 316439000, "grossProfitRatio": 0.5789785691, "researchAndDevelopmentExpenses": 161891000, "generalAndAdministrativeExpenses": 34263000, "sellingAndMarketingExpenses": 126803000, "sellingGeneralAndAdministrativeExpenses": 161066000, "otherExpenses": 14304000, "operatingExpenses": 337261000, "costAndExpenses": 567369000, "interestIncome": 56404000, "interestExpense": -55605000, "depreciationAndAmortization": 63047000, "ebitda": 136036000, "ebitdaratio": 0.2489008265, "operatingIncome": -127037000, "operatingIncomeRatio": -0.2324356368, "totalOtherIncomeExpensesNet": -95127000, "incomeBeforeTax": -115150000, "incomeBeforeTaxRatio": -0.2106863637, "incomeTaxExpense": 4500000, "netIncome": -119650000, "netIncomeRatio": -0.2189198733, "eps": -0.34, "epsdiluted": -0.34, "weightedAverageShsOut": 350695000, "weightedAverageShsOutDil": 350695000, "link": "https://www.sec.gov/Archives/edgar/data/1043604/000089161803001207/0000891618-03-001207-index.htm", "finalLink": "https://www.sec.gov/Archives/edgar/data/1043604/000089161803001207/f88273e10vk.htm", "calculatedOtherExpenses": 120519000, "calculatedOperatingExpenses": 443476000, "calculatedNetInterest": 112009000, "calculatedOtherIncome": -100122000, "calculatedIncomeNonControlling": 0, "calculatedEbitda": -63990000}, {"date": "2001-12-31", "symbol": "JNPR", "reportedCurrency": "USD", "cik": "0001043604", "fillingDate": "2002-04-01", "acceptedDate": "2002-04-01 00:00:00", "calendarYear": "2001", "period": "FY", "revenue": 887022000, "costOfRevenue": 372771000, "grossProfit": 514251000, "grossProfitRatio": 0.5797499949, "researchAndDevelopmentExpenses": 159730000, "generalAndAdministrativeExpenses": 190301000, "sellingAndMarketingExpenses": 0, "sellingGeneralAndAdministrativeExpenses": 190301000, "otherExpenses": 123357000, "operatingExpenses": 473388000, "costAndExpenses": 846159000, "interestIncome": 0, "interestExpense": 0, "depreciationAndAmortization": 147678000, "ebitda": 188541000, "ebitdaratio": 0.2125550437, "operatingIncome": 40863000, "operatingIncomeRatio": 0.0460676285, "totalOtherIncomeExpensesNet": -24326000, "incomeBeforeTax": 16537000, "incomeBeforeTaxRatio": 0.0186432805, "incomeTaxExpense": 29954000, "netIncome": -13417000, "netIncomeRatio": -0.0151258932, "eps": -0.042, "epsdiluted": -0.042, "weightedAverageShsOut": 319378000, "weightedAverageShsOutDil": 319378000, "link": "https://www.sec.gov/Archives/edgar/data/1043604/000089161802001586/0000891618-02-001586-index.htm", "finalLink": "https://www.sec.gov/Archives/edgar/data/1043604/000089161802001586/f80369e10-k.txt", "calculatedOtherExpenses": 123357000, "calculatedOperatingExpenses": 473388000, "calculatedNetInterest": 0, "calculatedOtherIncome": -24326000, "calculatedIncomeNonControlling": 0, "calculatedEbitda": 188541000}, {"date": "2000-12-31", "symbol": "JNPR", "reportedCurrency": "USD", "cik": "0001043604", "fillingDate": "2001-03-27", "acceptedDate": "2001-03-27 00:00:00", "calendarYear": "2000", "period": "FY", "revenue": 673501000, "costOfRevenue": 237554000, "grossProfit": 435947000, "grossProfitRatio": 0.6472848593, "researchAndDevelopmentExpenses": 87833000, "generalAndAdministrativeExpenses": 110205000, "sellingAndMarketingExpenses": 0, "sellingGeneralAndAdministrativeExpenses": 110205000, "otherExpenses": 33820000, "operatingExpenses": 231858000, "costAndExpenses": 469412000, "interestIncome": 0, "interestExpense": 0, "depreciationAndAmortization": 38001000, "ebitda": 262090000, "ebitdaratio": 0.3891456731, "operatingIncome": 194089000, "operatingIncomeRatio": 0.2881792306, "totalOtherIncomeExpensesNet": -20000000, "incomeBeforeTax": 230372000, "incomeBeforeTaxRatio": 0.3420514595, "incomeTaxExpense": 82456000, "netIncome": 147916000, "netIncomeRatio": 0.2196225395, "eps": 0.49, "epsdiluted": 0.43, "weightedAverageShsOut": 304381000, "weightedAverageShsOutDil": 347858000, "link": "https://www.sec.gov/Archives/edgar/data/1043604/000089161801000244/0000891618-01-000244-index.htm", "finalLink": "https://www.sec.gov/Archives/edgar/data/1043604/000089161801000244/f70571e10-k.txt", "calculatedOtherExpenses": 43820000, "calculatedOperatingExpenses": 241858000, "calculatedNetInterest": 0, "calculatedOtherIncome": 36283000, "calculatedIncomeNonControlling": 0, "calculatedEbitda": 232090000}, {"date": "1999-12-31", "symbol": "JNPR", "reportedCurrency": "USD", "cik": "0001043604", "fillingDate": "2000-03-29", "acceptedDate": "2000-03-29 00:00:00", "calendarYear": "1999", "period": "FY", "revenue": 102600000, "costOfRevenue": 45300000, "grossProfit": 57300000, "grossProfitRatio": 0.5584795322, "researchAndDevelopmentExpenses": 41500000, "generalAndAdministrativeExpenses": 26200000, "sellingAndMarketingExpenses": 0, "sellingGeneralAndAdministrativeExpenses": 26200000, "otherExpenses": 4200000, "operatingExpenses": 71900000, "costAndExpenses": 117200000, "interestIncome": 0, "interestExpense": 0, "depreciationAndAmortization": 10200000, "ebitda": -4400000, "ebitdaratio": -0.0428849903, "operatingIncome": -14600000, "operatingIncomeRatio": -0.1423001949, "totalOtherIncomeExpensesNet": 8000000, "incomeBeforeTax": -6600000, "incomeBeforeTaxRatio": -0.0643274854, "incomeTaxExpense": 2400000, "netIncome": -9000000, "netIncomeRatio": -0.0877192982, "eps": -0.0079, "epsdiluted": -0.0079, "weightedAverageShsOut": 1135932000, "weightedAverageShsOutDil": 1135932000, "link": "https://www.sec.gov/Archives/edgar/data/1043604/000089161800001805/0000891618-00-001805-index.html", "finalLink": "https://www.sec.gov/Archives/edgar/data/1043604/000089161800001805/", "calculatedOtherExpenses": 4200000, "calculatedOperatingExpenses": 71900000, "calculatedNetInterest": 0, "calculatedOtherIncome": 8000000, "calculatedIncomeNonControlling": 0, "calculatedEbitda": -4400000}, {"date": "1998-12-31", "symbol": "JNPR", "reportedCurrency": "USD", "cik": "0001043604", "fillingDate": "1998-12-31", "acceptedDate": "1998-12-31 00:00:00", "calendarYear": "1998", "period": "FY", "revenue": 3800000, "costOfRevenue": 1900000, "grossProfit": 1900000, "grossProfitRatio": 0.5, "researchAndDevelopmentExpenses": 24000000, "generalAndAdministrativeExpenses": 0, "sellingAndMarketingExpenses": 0, "sellingGeneralAndAdministrativeExpenses": 6400000, "otherExpenses": 3800000, "operatingExpenses": 34200000, "costAndExpenses": 36100000, "interestIncome": 0, "interestExpense": -31000000, "depreciationAndAmortization": 3800000, "ebitda": -30500000, "ebitdaratio": -8.0263157895, "operatingIncome": -32300000, "operatingIncomeRatio": -8.5, "totalOtherIncomeExpensesNet": 2000000, "incomeBeforeTax": -31000000, "incomeBeforeTaxRatio": -8.1578947368, "incomeTaxExpense": 31000000, "netIncome": -31000000, "netIncomeRatio": -8.1578947368, "eps": -0.13, "epsdiluted": -0.13, "weightedAverageShsOut": 233226000, "weightedAverageShsOutDil": 233226000, "link": null, "finalLink": null, "calculatedOtherExpenses": 3800000, "calculatedOperatingExpenses": 34200000, "calculatedNetInterest": 31000000, "calculatedOtherIncome": -29700000, "calculatedIncomeNonControlling": -31000000, "calculatedEbitda": -28500000}]}