{"originalCurrency": "USD", "convertedCurrency": "USD", "report": [{"date": "2023-12-31", "symbol": "JOE", "reportedCurrency": "USD", "cik": "0000745308", "fillingDate": "2024-02-21", "acceptedDate": "2024-02-21 16:18:41", "calendarYear": "2023", "period": "FY", "revenue": 389285000, "costOfRevenue": 235979000, "grossProfit": 153306000, "grossProfitRatio": 0.3938143006, "researchAndDevelopmentExpenses": 0, "generalAndAdministrativeExpenses": 23797000, "sellingAndMarketingExpenses": 0, "sellingGeneralAndAdministrativeExpenses": 23797000, "otherExpenses": 651000, "operatingExpenses": 62573000, "costAndExpenses": 298552000, "interestIncome": 13282000, "interestExpense": 30618000, "depreciationAndAmortization": 38776000, "ebitda": 166861000, "ebitdaratio": 0.428634548, "operatingIncome": 90733000, "operatingIncomeRatio": 0.233076024, "totalOtherIncomeExpensesNet": 26664000, "incomeBeforeTax": 100061000, "incomeBeforeTaxRatio": 0.2570379028, "incomeTaxExpense": 26009000, "netIncome": 77712000, "netIncomeRatio": 0.1996275223, "eps": 1.33, "epsdiluted": 1.33, "weightedAverageShsOut": 58312878, "weightedAverageShsOutDil": 58324254, "link": "https://www.sec.gov/Archives/edgar/data/745308/000155837024001435/0001558370-24-001435-index.htm", "finalLink": "https://www.sec.gov/Archives/edgar/data/745308/000155837024001435/joe-20231231x10k.htm", "calculatedOtherExpenses": 38776000, "calculatedOperatingExpenses": 62573000, "calculatedNetInterest": -17336000, "calculatedOtherIncome": 26664000, "calculatedIncomeNonControlling": -3660000, "calculatedEbitda": 129509000}, {"date": "2022-12-31", "symbol": "JOE", "reportedCurrency": "USD", "cik": "0000745308", "fillingDate": "2023-02-22", "acceptedDate": "2023-02-22 16:22:05", "calendarYear": "2022", "period": "FY", "revenue": 252300000, "costOfRevenue": 146600000, "grossProfit": 105700000, "grossProfitRatio": 0.4189456996, "researchAndDevelopmentExpenses": 0, "generalAndAdministrativeExpenses": 13300000, "sellingAndMarketingExpenses": 1100000, "sellingGeneralAndAdministrativeExpenses": 14400000, "otherExpenses": 29900000, "operatingExpenses": 44300000, "costAndExpenses": 190900000, "interestIncome": 9888000, "interestExpense": 18400000, "depreciationAndAmortization": 22888000, "ebitda": 126000000, "ebitdaratio": 0.4994054697, "operatingIncome": 103112000, "operatingIncomeRatio": 0.4086880698, "totalOtherIncomeExpensesNet": -8512000, "incomeBeforeTax": 94600000, "incomeBeforeTaxRatio": 0.3749504558, "incomeTaxExpense": 24400000, "netIncome": 70927000, "netIncomeRatio": 0.2811216805, "eps": 1.21, "epsdiluted": 1.21, "weightedAverageShsOut": 58720050, "weightedAverageShsOutDil": 58721338, "link": "https://www.sec.gov/Archives/edgar/data/745308/000155837023001760/0001558370-23-001760-index.htm", "finalLink": "https://www.sec.gov/Archives/edgar/data/745308/000155837023001760/joe-20221231x10k.htm", "calculatedOtherExpenses": -11812000, "calculatedOperatingExpenses": 2588000, "calculatedNetInterest": -8512000, "calculatedOtherIncome": 0, "calculatedIncomeNonControlling": -727000, "calculatedEbitda": 126000000}, {"date": "2021-12-31", "symbol": "JOE", "reportedCurrency": "USD", "cik": "0000745308", "fillingDate": "2022-02-23", "acceptedDate": "2022-02-23 16:37:30", "calendarYear": "2021", "period": "FY", "revenue": 267000000, "costOfRevenue": 132000000, "grossProfit": 135000000, "grossProfitRatio": 0.5056179775, "researchAndDevelopmentExpenses": 0, "generalAndAdministrativeExpenses": 13600000, "sellingAndMarketingExpenses": 1600000, "sellingGeneralAndAdministrativeExpenses": 15200000, "otherExpenses": 25300000, "operatingExpenses": 40500000, "costAndExpenses": 172500000, "interestIncome": 9109000, "interestExpense": 15900000, "depreciationAndAmortization": 32000000, "ebitda": 126500000, "ebitdaratio": 0.4737827715, "operatingIncome": 94500000, "operatingIncomeRatio": 0.3539325843, "totalOtherIncomeExpensesNet": 5100000, "incomeBeforeTax": 99600000, "incomeBeforeTaxRatio": 0.3730337079, "incomeTaxExpense": 25000000, "netIncome": 74553000, "netIncomeRatio": 0.2792247191, "eps": 1.27, "epsdiluted": 1.27, "weightedAverageShsOut": 58882549, "weightedAverageShsOutDil": 58882549, "link": "https://www.sec.gov/Archives/edgar/data/745308/000155837022001751/0001558370-22-001751-index.htm", "finalLink": "https://www.sec.gov/Archives/edgar/data/745308/000155837022001751/joe-20211231x10k.htm", "calculatedOtherExpenses": 25300000, "calculatedOperatingExpenses": 40500000, "calculatedNetInterest": -6791000, "calculatedOtherIncome": 11891000, "calculatedIncomeNonControlling": 47000, "calculatedEbitda": 126500000}, {"date": "2020-12-31", "symbol": "JOE", "reportedCurrency": "USD", "cik": "0000745308", "fillingDate": "2021-02-24", "acceptedDate": "2021-02-24 17:15:39", "calendarYear": "2020", "period": "FY", "revenue": 160500000, "costOfRevenue": 77700000, "grossProfit": 82800000, "grossProfitRatio": 0.5158878505, "researchAndDevelopmentExpenses": 0, "generalAndAdministrativeExpenses": 22906000, "sellingAndMarketingExpenses": 0, "sellingGeneralAndAdministrativeExpenses": 22906000, "otherExpenses": 35700000, "operatingExpenses": 35700000, "costAndExpenses": 113400000, "interestIncome": 9645000, "interestExpense": 13600000, "depreciationAndAmortization": 12788000, "ebitda": 81200000, "ebitdaratio": 0.5059190031, "operatingIncome": 68412000, "operatingIncomeRatio": 0.4262429907, "totalOtherIncomeExpensesNet": -8612000, "incomeBeforeTax": 59800000, "incomeBeforeTaxRatio": 0.3725856698, "incomeTaxExpense": 13700000, "netIncome": 45203000, "netIncomeRatio": 0.2816386293, "eps": 0.77, "epsdiluted": 0.77, "weightedAverageShsOut": 59009865, "weightedAverageShsOutDil": 59009865, "link": "https://www.sec.gov/Archives/edgar/data/745308/000155837021001636/0001558370-21-001636-index.htm", "finalLink": "https://www.sec.gov/Archives/edgar/data/745308/000155837021001636/joe-20201231x10k.htm", "calculatedOtherExpenses": -8518000, "calculatedOperatingExpenses": 14388000, "calculatedNetInterest": -3955000, "calculatedOtherIncome": -4657000, "calculatedIncomeNonControlling": 897000, "calculatedEbitda": 81200000}, {"date": "2019-12-31", "symbol": "JOE", "reportedCurrency": "USD", "cik": "0000745308", "fillingDate": "2020-02-26", "acceptedDate": "2020-02-26 16:48:49", "calendarYear": "2019", "period": "FY", "revenue": 127100000, "costOfRevenue": 64100000, "grossProfit": 63000000, "grossProfitRatio": 0.4956726987, "researchAndDevelopmentExpenses": 0, "generalAndAdministrativeExpenses": 21389000, "sellingAndMarketingExpenses": 0, "sellingGeneralAndAdministrativeExpenses": 21389000, "otherExpenses": 31700000, "operatingExpenses": 31700000, "costAndExpenses": 95800000, "interestIncome": 15885000, "interestExpense": 12300000, "depreciationAndAmortization": 16800000, "ebitda": 48100000, "ebitdaratio": 0.3784421715, "operatingIncome": 31300000, "operatingIncomeRatio": 0.2462627852, "totalOtherIncomeExpensesNet": 4900000, "incomeBeforeTax": 36200000, "incomeBeforeTaxRatio": 0.2848151062, "incomeTaxExpense": 9400000, "netIncome": 26800000, "netIncomeRatio": 0.2108575924, "eps": 0.45, "epsdiluted": 0.45, "weightedAverageShsOut": 59994527, "weightedAverageShsOutDil": 59994527, "link": "https://www.sec.gov/Archives/edgar/data/745308/000155837020001483/0001558370-20-001483-index.htm", "finalLink": "https://www.sec.gov/Archives/edgar/data/745308/000155837020001483/joe-20191231x10k.htm", "calculatedOtherExpenses": 10311000, "calculatedOperatingExpenses": 31700000, "calculatedNetInterest": 3585000, "calculatedOtherIncome": 1315000, "calculatedIncomeNonControlling": 0, "calculatedEbitda": 48100000}, {"date": "2018-12-31", "symbol": "JOE", "reportedCurrency": "USD", "cik": "0000745308", "fillingDate": "2019-02-27", "acceptedDate": "2019-02-27 17:04:19", "calendarYear": "2018", "period": "FY", "revenue": 110300000, "costOfRevenue": 51300000, "grossProfit": 59000000, "grossProfitRatio": 0.5349048051, "researchAndDevelopmentExpenses": 0, "generalAndAdministrativeExpenses": 20600000, "sellingAndMarketingExpenses": 0, "sellingGeneralAndAdministrativeExpenses": 20600000, "otherExpenses": 1100000, "operatingExpenses": 29600000, "costAndExpenses": 80900000, "interestIncome": 17804000, "interestExpense": 11800000, "depreciationAndAmortization": 8998000, "ebitda": 39500000, "ebitdaratio": 0.3581142339, "operatingIncome": 29400000, "operatingIncomeRatio": 0.2665457842, "totalOtherIncomeExpensesNet": 13300000, "incomeBeforeTax": 30900000, "incomeBeforeTaxRatio": 0.2801450589, "incomeTaxExpense": -700000, "netIncome": 32400000, "netIncomeRatio": 0.2937443336, "eps": 0.52, "epsdiluted": 0.52, "weightedAverageShsOut": 62725954, "weightedAverageShsOutDil": 62725954, "link": "https://www.sec.gov/Archives/edgar/data/745308/000155837019001206/0001558370-19-001206-index.htm", "finalLink": "https://www.sec.gov/Archives/edgar/data/745308/000155837019001206/joe-20181231x10k.htm", "calculatedOtherExpenses": 9000000, "calculatedOperatingExpenses": 29600000, "calculatedNetInterest": 6004000, "calculatedOtherIncome": -4504000, "calculatedIncomeNonControlling": -800000, "calculatedEbitda": 38398000}, {"date": "2017-12-31", "symbol": "JOE", "reportedCurrency": "USD", "cik": "0000745308", "fillingDate": "2018-03-01", "acceptedDate": "2018-03-01 16:27:10", "calendarYear": "2017", "period": "FY", "revenue": 98800000, "costOfRevenue": 66400000, "grossProfit": 32400000, "grossProfitRatio": 0.3279352227, "researchAndDevelopmentExpenses": 0, "generalAndAdministrativeExpenses": 20400000, "sellingAndMarketingExpenses": 0, "sellingGeneralAndAdministrativeExpenses": 20400000, "otherExpenses": 15800000, "operatingExpenses": 29300000, "costAndExpenses": 95700000, "interestIncome": 24965000, "interestExpense": 12200000, "depreciationAndAmortization": 8885000, "ebitda": 27000000, "ebitdaratio": 0.2732793522, "operatingIncome": 2300000, "operatingIncomeRatio": 0.0232793522, "totalOtherIncomeExpensesNet": 51200000, "incomeBeforeTax": 41300000, "incomeBeforeTaxRatio": 0.4180161943, "incomeTaxExpense": -17900000, "netIncome": 59500000, "netIncomeRatio": 0.6022267206, "eps": 0.84, "epsdiluted": 0.84, "weightedAverageShsOut": 70548411, "weightedAverageShsOutDil": 70548411, "link": "https://www.sec.gov/Archives/edgar/data/745308/000074530818000004/0000745308-18-000004-index.htm", "finalLink": "https://www.sec.gov/Archives/edgar/data/745308/000074530818000004/joe-20171231x10k.htm", "calculatedOtherExpenses": 9700000, "calculatedOperatingExpenses": 30100000, "calculatedNetInterest": 12765000, "calculatedOtherIncome": 26235000, "calculatedIncomeNonControlling": -300000, "calculatedEbitda": 11185000}, {"date": "2016-12-31", "symbol": "JOE", "reportedCurrency": "USD", "cik": "0000745308", "fillingDate": "2017-03-02", "acceptedDate": "2017-03-02 17:28:44", "calendarYear": "2016", "period": "FY", "revenue": 95700000, "costOfRevenue": 61300000, "grossProfit": 34400000, "grossProfitRatio": 0.3594566353, "researchAndDevelopmentExpenses": 0, "generalAndAdministrativeExpenses": 23100000, "sellingAndMarketingExpenses": 0, "sellingGeneralAndAdministrativeExpenses": 23100000, "otherExpenses": 20700000, "operatingExpenses": 31700000, "costAndExpenses": 93000000, "interestIncome": 15152000, "interestExpense": 12295000, "depreciationAndAmortization": 8571000, "ebitda": 11300000, "ebitdaratio": 0.118077325, "operatingIncome": 1900000, "operatingIncomeRatio": 0.0198537095, "totalOtherIncomeExpensesNet": 20700000, "incomeBeforeTax": 22600000, "incomeBeforeTaxRatio": 0.2361546499, "incomeTaxExpense": 7100000, "netIncome": 15900000, "netIncomeRatio": 0.1661442006, "eps": 0.21, "epsdiluted": 0.21, "weightedAverageShsOut": 74457541, "weightedAverageShsOutDil": 74457541, "link": "https://www.sec.gov/Archives/edgar/data/745308/000074530817000003/0000745308-17-000003-index.htm", "finalLink": "https://www.sec.gov/Archives/edgar/data/745308/000074530817000003/joe-20161231x10k.htm", "calculatedOtherExpenses": 9400000, "calculatedOperatingExpenses": 32500000, "calculatedNetInterest": 2857000, "calculatedOtherIncome": 17843000, "calculatedIncomeNonControlling": -400000, "calculatedEbitda": 10471000}, {"date": "2015-12-31", "symbol": "JOE", "reportedCurrency": "USD", "cik": "0000745308", "fillingDate": "2016-03-03", "acceptedDate": "2016-03-02 19:10:45", "calendarYear": "2015", "period": "FY", "revenue": 103900000, "costOfRevenue": 67100000, "grossProfit": 36800000, "grossProfitRatio": 0.354186718, "researchAndDevelopmentExpenses": 0, "generalAndAdministrativeExpenses": 33400000, "sellingAndMarketingExpenses": 0, "sellingGeneralAndAdministrativeExpenses": 33400000, "otherExpenses": 5000000, "operatingExpenses": 42900000, "costAndExpenses": 110000000, "interestIncome": 14811000, "interestExpense": 11429000, "depreciationAndAmortization": 9486000, "ebitda": 3400000, "ebitdaratio": 0.0327237729, "operatingIncome": -6100000, "operatingIncomeRatio": -0.0587102984, "totalOtherIncomeExpensesNet": 5000000, "incomeBeforeTax": -1100000, "incomeBeforeTaxRatio": -0.010587103, "incomeTaxExpense": 800000, "netIncome": -1700000, "netIncomeRatio": -0.0163618864, "eps": -0.0194, "epsdiluted": -0.0194, "weightedAverageShsOut": 87827869, "weightedAverageShsOutDil": 87827869, "link": "https://www.sec.gov/Archives/edgar/data/745308/000074530816000033/0000745308-16-000033-index.htm", "finalLink": "https://www.sec.gov/Archives/edgar/data/745308/000074530816000033/joe-20151231x10k.htm", "calculatedOtherExpenses": 9500000, "calculatedOperatingExpenses": 42900000, "calculatedNetInterest": 3382000, "calculatedOtherIncome": 1618000, "calculatedIncomeNonControlling": -200000, "calculatedEbitda": 3386000}, {"date": "2014-12-31", "symbol": "JOE", "reportedCurrency": "USD", "cik": "0000745308", "fillingDate": "2015-02-27", "acceptedDate": "2015-02-26 19:05:20", "calendarYear": "2014", "period": "FY", "revenue": 701900000, "costOfRevenue": 136800000, "grossProfit": 565100000, "grossProfitRatio": 0.8051004417, "researchAndDevelopmentExpenses": 0, "generalAndAdministrativeExpenses": 17200000, "sellingAndMarketingExpenses": 0, "sellingGeneralAndAdministrativeExpenses": 17200000, "otherExpenses": 8500000, "operatingExpenses": 51800000, "costAndExpenses": 188600000, "interestIncome": 13364000, "interestExpense": 8608000, "depreciationAndAmortization": 8422000, "ebitda": 521700000, "ebitdaratio": 0.7432682718, "operatingIncome": 513300000, "operatingIncomeRatio": 0.7313007551, "totalOtherIncomeExpensesNet": 8500000, "incomeBeforeTax": 521800000, "incomeBeforeTaxRatio": 0.7434107423, "incomeTaxExpense": 115500000, "netIncome": 406500000, "netIncomeRatio": 0.579142328, "eps": 4.4, "epsdiluted": 4.4, "weightedAverageShsOut": 92297467, "weightedAverageShsOutDil": 92297467, "link": "https://www.sec.gov/Archives/edgar/data/745308/000074530815000003/0000745308-15-000003-index.htm", "finalLink": "https://www.sec.gov/Archives/edgar/data/745308/000074530815000003/joe-20141231x10k.htm", "calculatedOtherExpenses": 34600000, "calculatedOperatingExpenses": 51800000, "calculatedNetInterest": 4756000, "calculatedOtherIncome": 3744000, "calculatedIncomeNonControlling": -200000, "calculatedEbitda": 521722000}, {"date": "2013-12-31", "symbol": "JOE", "reportedCurrency": "USD", "cik": "0000745308", "fillingDate": "2014-02-28", "acceptedDate": "2014-02-28 12:11:58", "calendarYear": "2013", "period": "FY", "revenue": 131200000, "costOfRevenue": 86900000, "grossProfit": 44300000, "grossProfitRatio": 0.337652439, "researchAndDevelopmentExpenses": 0, "generalAndAdministrativeExpenses": 17000000, "sellingAndMarketingExpenses": 0, "sellingGeneralAndAdministrativeExpenses": 17000000, "otherExpenses": 3700000, "operatingExpenses": 38400000, "costAndExpenses": 125300000, "interestIncome": 1498000, "interestExpense": 2040000, "depreciationAndAmortization": 9131000, "ebitda": 20100000, "ebitdaratio": 0.1532012195, "operatingIncome": 800000, "operatingIncomeRatio": 0.006097561, "totalOtherIncomeExpensesNet": -1400000, "incomeBeforeTax": 4500000, "incomeBeforeTaxRatio": 0.0342987805, "incomeTaxExpense": -400000, "netIncome": 5000000, "netIncomeRatio": 0.0381097561, "eps": 0.05, "epsdiluted": 0.05, "weightedAverageShsOut": 92285888, "weightedAverageShsOutDil": 92285888, "link": "https://www.sec.gov/Archives/edgar/data/745308/000074530814000003/0000745308-14-000003-index.htm", "finalLink": "https://www.sec.gov/Archives/edgar/data/745308/000074530814000003/joe-20131231x10k.htm", "calculatedOtherExpenses": 26500000, "calculatedOperatingExpenses": 43500000, "calculatedNetInterest": -542000, "calculatedOtherIncome": 4242000, "calculatedIncomeNonControlling": -100000, "calculatedEbitda": 9931000}, {"date": "2012-12-31", "symbol": "JOE", "reportedCurrency": "USD", "cik": "0000745308", "fillingDate": "2013-03-01", "acceptedDate": "2013-03-01 16:41:07", "calendarYear": "2012", "period": "FY", "revenue": 139400000, "costOfRevenue": 91300000, "grossProfit": 48100000, "grossProfitRatio": 0.3450502152, "researchAndDevelopmentExpenses": 0, "generalAndAdministrativeExpenses": 2100000, "sellingAndMarketingExpenses": 0, "sellingGeneralAndAdministrativeExpenses": 2100000, "otherExpenses": 4300000, "operatingExpenses": 43400000, "costAndExpenses": 134700000, "interestIncome": 1219000, "interestExpense": 2820000, "depreciationAndAmortization": 10110000, "ebitda": 17400000, "ebitdaratio": 0.12482066, "operatingIncome": 2100000, "operatingIncomeRatio": 0.0150645624, "totalOtherIncomeExpensesNet": 1700000, "incomeBeforeTax": 6400000, "incomeBeforeTaxRatio": 0.0459110473, "incomeTaxExpense": 400000, "netIncome": 6000000, "netIncomeRatio": 0.0430416069, "eps": 0.07, "epsdiluted": 0.07, "weightedAverageShsOut": 92258110, "weightedAverageShsOutDil": 92258110, "link": "https://www.sec.gov/Archives/edgar/data/745308/000119312513087844/0001193125-13-087844-index.htm", "finalLink": "https://www.sec.gov/Archives/edgar/data/745308/000119312513087844/d461249d10k.htm", "calculatedOtherExpenses": 43900000, "calculatedOperatingExpenses": 46000000, "calculatedNetInterest": -1601000, "calculatedOtherIncome": 5901000, "calculatedIncomeNonControlling": 0, "calculatedEbitda": 12210000}, {"date": "2011-12-31", "symbol": "JOE", "reportedCurrency": "USD", "cik": "0000745308", "fillingDate": "2012-02-27", "acceptedDate": "2012-02-27 17:17:59", "calendarYear": "2011", "period": "FY", "revenue": 145285000, "costOfRevenue": 71472000, "grossProfit": 73813000, "grossProfitRatio": 0.5080565784, "researchAndDevelopmentExpenses": 0, "generalAndAdministrativeExpenses": 0, "sellingAndMarketingExpenses": 0, "sellingGeneralAndAdministrativeExpenses": 55908000, "otherExpenses": 15840000, "operatingExpenses": 71748000, "costAndExpenses": 143220000, "interestIncome": 1130000, "interestExpense": 3921000, "depreciationAndAmortization": 15839000, "ebitda": 19035000, "ebitdaratio": 0.1310183433, "operatingIncome": -386807000, "operatingIncomeRatio": -2.6624014867, "totalOtherIncomeExpensesNet": -385147000, "incomeBeforeTax": -385873000, "incomeBeforeTaxRatio": -2.6559727432, "incomeTaxExpense": -55658000, "netIncome": -330279000, "netIncomeRatio": -2.2733179612, "eps": -3.58, "epsdiluted": -3.58, "weightedAverageShsOut": 92235360, "weightedAverageShsOutDil": 92235360, "link": "https://www.sec.gov/Archives/edgar/data/745308/000119312512081993/0001193125-12-081993-index.htm", "finalLink": "https://www.sec.gov/Archives/edgar/data/745308/000119312512081993/d259432d10k.htm", "calculatedOtherExpenses": 404712000, "calculatedOperatingExpenses": 460620000, "calculatedNetInterest": -2791000, "calculatedOtherIncome": 3725000, "calculatedIncomeNonControlling": 64000, "calculatedEbitda": -370968000}, {"date": "2010-12-31", "symbol": "JOE", "reportedCurrency": "USD", "cik": "0000745308", "fillingDate": "2011-03-03", "acceptedDate": "2011-03-02 18:51:21", "calendarYear": "2010", "period": "FY", "revenue": 99500000, "costOfRevenue": 62300000, "grossProfit": 37200000, "grossProfitRatio": 0.3738693467, "researchAndDevelopmentExpenses": 0, "generalAndAdministrativeExpenses": 30300000, "sellingAndMarketingExpenses": 0, "sellingGeneralAndAdministrativeExpenses": 30300000, "otherExpenses": 13657000, "operatingExpenses": 78700000, "costAndExpenses": 141000000, "interestIncome": 1470000, "interestExpense": 8612000, "depreciationAndAmortization": 13600000, "ebitda": -14000000, "ebitdaratio": -0.1407035176, "operatingIncome": -51600000, "operatingIncomeRatio": -0.5185929648, "totalOtherIncomeExpensesNet": -13900000, "incomeBeforeTax": -55400000, "incomeBeforeTaxRatio": -0.5567839196, "incomeTaxExpense": -23800000, "netIncome": -35900000, "netIncomeRatio": -0.3608040201, "eps": -0.39, "epsdiluted": -0.39, "weightedAverageShsOut": 91674346, "weightedAverageShsOutDil": 91674346, "link": "https://www.sec.gov/Archives/edgar/data/745308/000095012311021364/0000950123-11-021364-index.htm", "finalLink": "https://www.sec.gov/Archives/edgar/data/745308/000095012311021364/b83540e10vk.htm", "calculatedOtherExpenses": 58500000, "calculatedOperatingExpenses": 88800000, "calculatedNetInterest": -7142000, "calculatedOtherIncome": 3342000, "calculatedIncomeNonControlling": 4300000, "calculatedEbitda": -38000000}, {"date": "2009-12-31", "symbol": "JOE", "reportedCurrency": "USD", "cik": "0000745308", "fillingDate": "2010-02-23", "acceptedDate": "2010-02-23 09:43:51", "calendarYear": "2009", "period": "FY", "revenue": 138257000, "costOfRevenue": 114107000, "grossProfit": 24150000, "grossProfitRatio": 0.1746747, "researchAndDevelopmentExpenses": 0, "generalAndAdministrativeExpenses": 70342000, "sellingAndMarketingExpenses": 39984000, "sellingGeneralAndAdministrativeExpenses": 110326000, "otherExpenses": 15115000, "operatingExpenses": 125441000, "costAndExpenses": 239548000, "interestIncome": 3388000, "interestExpense": 1157000, "depreciationAndAmortization": 16112000, "ebitda": -81791000, "ebitdaratio": -0.5915866828, "operatingIncome": -209342000, "operatingIncomeRatio": -1.5141511822, "totalOtherIncomeExpensesNet": -106067000, "incomeBeforeTax": -205127000, "incomeBeforeTaxRatio": -1.4836644799, "incomeTaxExpense": -81222000, "netIncome": -130019000, "netIncomeRatio": -0.9404153135, "eps": -1.42, "epsdiluted": -1.42, "weightedAverageShsOut": 91412398, "weightedAverageShsOutDil": 91412398, "link": "https://www.sec.gov/Archives/edgar/data/745308/000095012310015531/0000950123-10-015531-index.htm", "finalLink": "https://www.sec.gov/Archives/edgar/data/745308/000095012310015531/b78682e10vk.htm", "calculatedOtherExpenses": 123166000, "calculatedOperatingExpenses": 233492000, "calculatedNetInterest": 2231000, "calculatedOtherIncome": 1984000, "calculatedIncomeNonControlling": 6114000, "calculatedEbitda": -193230000}, {"date": "2008-12-31", "symbol": "JOE", "reportedCurrency": "USD", "cik": "0000745308", "fillingDate": "2009-02-24", "acceptedDate": "2009-02-24 10:13:41", "calendarYear": "2008", "period": "FY", "revenue": 264000000, "costOfRevenue": 120100000, "grossProfit": 143900000, "grossProfitRatio": 0.5450757576, "researchAndDevelopmentExpenses": 0, "generalAndAdministrativeExpenses": 34100000, "sellingAndMarketingExpenses": 0, "sellingGeneralAndAdministrativeExpenses": 34100000, "otherExpenses": 17344000, "operatingExpenses": 104900000, "costAndExpenses": 225000000, "interestIncome": 6061000, "interestExpense": 4483000, "depreciationAndAmortization": 17300000, "ebitda": 157600000, "ebitdaratio": 0.596969697, "operatingIncome": -25700000, "operatingIncomeRatio": -0.0973484848, "totalOtherIncomeExpensesNet": -101300000, "incomeBeforeTax": -62300000, "incomeBeforeTaxRatio": -0.2359848485, "incomeTaxExpense": -26900000, "netIncome": -35900000, "netIncomeRatio": -0.1359848485, "eps": -0.4, "epsdiluted": -0.4, "weightedAverageShsOut": 89550637, "weightedAverageShsOutDil": 89550637, "link": "https://www.sec.gov/Archives/edgar/data/745308/000095013509001116/0000950135-09-001116-index.htm", "finalLink": "https://www.sec.gov/Archives/edgar/data/745308/000095013509001116/b73441sje10vk.htm", "calculatedOtherExpenses": 135500000, "calculatedOperatingExpenses": 169600000, "calculatedNetInterest": 1578000, "calculatedOtherIncome": -38178000, "calculatedIncomeNonControlling": 500000, "calculatedEbitda": -8400000}, {"date": "2007-12-31", "symbol": "JOE", "reportedCurrency": "USD", "cik": "0000745308", "fillingDate": "2008-02-25", "acceptedDate": "2008-02-25 12:05:34", "calendarYear": "2007", "period": "FY", "revenue": 377037000, "costOfRevenue": 210932000, "grossProfit": 166105000, "grossProfitRatio": 0.4405535796, "researchAndDevelopmentExpenses": 0, "generalAndAdministrativeExpenses": 0, "sellingAndMarketingExpenses": 0, "sellingGeneralAndAdministrativeExpenses": 101168000, "otherExpenses": 32999000, "operatingExpenses": 134167000, "costAndExpenses": 345099000, "interestIncome": 0, "interestExpense": -20029000, "depreciationAndAmortization": 23927000, "ebitda": 62977000, "ebitdaratio": 0.1670313524, "operatingIncome": 23057000, "operatingIncomeRatio": 0.0611531494, "totalOtherIncomeExpensesNet": -12443000, "incomeBeforeTax": 11983000, "incomeBeforeTaxRatio": 0.0317820267, "incomeTaxExpense": 869000, "netIncome": 39207000, "netIncomeRatio": 0.1039871418, "eps": 0.53, "epsdiluted": 0.53, "weightedAverageShsOut": 73836071, "weightedAverageShsOutDil": 74300601, "link": "https://www.sec.gov/Archives/edgar/data/745308/000095013508001146/0000950135-08-001146-index.htm", "finalLink": "https://www.sec.gov/Archives/edgar/data/745308/000095013508001146/b68110sje10vk.htm", "calculatedOtherExpenses": 41880000, "calculatedOperatingExpenses": 143048000, "calculatedNetInterest": 20029000, "calculatedOtherIncome": -31103000, "calculatedIncomeNonControlling": -28093000, "calculatedEbitda": 46984000}, {"date": "2006-12-31", "symbol": "JOE", "reportedCurrency": "USD", "cik": "0000745308", "fillingDate": "2007-02-28", "acceptedDate": "2007-02-28 17:15:31", "calendarYear": "2006", "period": "FY", "revenue": 748192000, "costOfRevenue": 487558000, "grossProfit": 260634000, "grossProfitRatio": 0.34835176, "researchAndDevelopmentExpenses": 0, "generalAndAdministrativeExpenses": 0, "sellingAndMarketingExpenses": 0, "sellingGeneralAndAdministrativeExpenses": 128647000, "otherExpenses": 40344000, "operatingExpenses": 168991000, "costAndExpenses": 656549000, "interestIncome": 0, "interestExpense": -20566000, "depreciationAndAmortization": 40364000, "ebitda": 142311000, "ebitdaratio": 0.1902065245, "operatingIncome": 78227000, "operatingIncomeRatio": 0.1045547132, "totalOtherIncomeExpensesNet": -997000, "incomeBeforeTax": 62273000, "incomeBeforeTaxRatio": 0.0832313096, "incomeTaxExpense": 25157000, "netIncome": 51020000, "netIncomeRatio": 0.0681910526, "eps": 0.69, "epsdiluted": 0.69, "weightedAverageShsOut": 73719415, "weightedAverageShsOutDil": 74419159, "link": "https://www.sec.gov/Archives/edgar/data/745308/000095013507001271/0000950135-07-001271-index.htm", "finalLink": "https://www.sec.gov/Archives/edgar/data/745308/000095013507001271/b63654sje10vk.htm", "calculatedOtherExpenses": 53760000, "calculatedOperatingExpenses": 182407000, "calculatedNetInterest": 20566000, "calculatedOtherIncome": -36520000, "calculatedIncomeNonControlling": -13904000, "calculatedEbitda": 118591000}, {"date": "2005-12-31", "symbol": "JOE", "reportedCurrency": "USD", "cik": "0000745308", "fillingDate": "2006-03-14", "acceptedDate": "2006-03-14 17:02:26", "calendarYear": "2005", "period": "FY", "revenue": 938192000, "costOfRevenue": 671344000, "grossProfit": 266848000, "grossProfitRatio": 0.2844279209, "researchAndDevelopmentExpenses": 0, "generalAndAdministrativeExpenses": 0, "sellingAndMarketingExpenses": 0, "sellingGeneralAndAdministrativeExpenses": 48005000, "otherExpenses": 38054000, "operatingExpenses": 86059000, "costAndExpenses": 757403000, "interestIncome": 0, "interestExpense": 0, "depreciationAndAmortization": 40775000, "ebitda": 214034000, "ebitdaratio": 0.2281345396, "operatingIncome": 180789000, "operatingIncomeRatio": 0.1926993622, "totalOtherIncomeExpensesNet": 20546000, "incomeBeforeTax": 173102000, "incomeBeforeTaxRatio": 0.1845059433, "incomeTaxExpense": 64332000, "netIncome": 126658000, "netIncomeRatio": 0.135002217, "eps": 1.69, "epsdiluted": 1.66, "weightedAverageShsOut": 74837731, "weightedAverageShsOutDil": 76208936, "link": "https://www.sec.gov/Archives/edgar/data/745308/000095013506001592/0000950135-06-001592-index.htm", "finalLink": "https://www.sec.gov/Archives/edgar/data/745308/000095013506001592/b58286sje10vk.htm", "calculatedOtherExpenses": 38054000, "calculatedOperatingExpenses": 86059000, "calculatedNetInterest": 0, "calculatedOtherIncome": -7687000, "calculatedIncomeNonControlling": -17888000, "calculatedEbitda": 221564000}, {"date": "2004-12-31", "symbol": "JOE", "reportedCurrency": "USD", "cik": "0000745308", "fillingDate": "2005-03-14", "acceptedDate": "2005-03-14 12:51:52", "calendarYear": "2004", "period": "FY", "revenue": 951503000, "costOfRevenue": 726145000, "grossProfit": 225358000, "grossProfitRatio": 0.2368442349, "researchAndDevelopmentExpenses": 0, "generalAndAdministrativeExpenses": 0, "sellingAndMarketingExpenses": 0, "sellingGeneralAndAdministrativeExpenses": 43759000, "otherExpenses": 37046000, "operatingExpenses": 80805000, "costAndExpenses": 806950000, "interestIncome": 0, "interestExpense": 0, "depreciationAndAmortization": 36838000, "ebitda": 179740000, "ebitdaratio": 0.1889011385, "operatingIncome": 144553000, "operatingIncomeRatio": 0.1519206981, "totalOtherIncomeExpensesNet": 7251000, "incomeBeforeTax": 135335000, "incomeBeforeTaxRatio": 0.1422328674, "incomeTaxExpense": 53258000, "netIncome": 90100000, "netIncomeRatio": 0.0946922921, "eps": 1.19, "epsdiluted": 1.17, "weightedAverageShsOut": 75463445, "weightedAverageShsOutDil": 76908300, "link": "https://www.sec.gov/Archives/edgar/data/745308/000095013505001371/0000950135-05-001371-index.htm", "finalLink": "https://www.sec.gov/Archives/edgar/data/745308/000095013505001371/b53217sje10vk.htm", "calculatedOtherExpenses": 37046000, "calculatedOperatingExpenses": 80805000, "calculatedNetInterest": 0, "calculatedOtherIncome": -9218000, "calculatedIncomeNonControlling": -8023000, "calculatedEbitda": 181391000}, {"date": "2003-12-31", "symbol": "JOE", "reportedCurrency": "USD", "cik": "0000745308", "fillingDate": "2004-03-12", "acceptedDate": "2004-03-12 11:39:35", "calendarYear": "2003", "period": "FY", "revenue": 760630000, "costOfRevenue": 458618000, "grossProfit": 302012000, "grossProfitRatio": 0.3970550728, "researchAndDevelopmentExpenses": 0, "generalAndAdministrativeExpenses": 0, "sellingAndMarketingExpenses": 0, "sellingGeneralAndAdministrativeExpenses": 126158000, "otherExpenses": 45863000, "operatingExpenses": 172021000, "costAndExpenses": 630639000, "interestIncome": 884000, "interestExpense": 0, "depreciationAndAmortization": 31504000, "ebitda": 175120000, "ebitdaratio": 0.2302302039, "operatingIncome": 129991000, "operatingIncomeRatio": 0.1708991231, "totalOtherIncomeExpensesNet": -13625000, "incomeBeforeTax": 121262000, "incomeBeforeTaxRatio": 0.1594231098, "incomeTaxExpense": 42626000, "netIncome": 75915000, "netIncomeRatio": 0.0998054245, "eps": 1, "epsdiluted": 0.98, "weightedAverageShsOut": 75915000, "weightedAverageShsOutDil": 77464286, "link": "https://www.sec.gov/Archives/edgar/data/745308/000095013504001242/0000950135-04-001242-index.htm", "finalLink": "https://www.sec.gov/Archives/edgar/data/745308/000095013504001242/b48990sje10vk.htm", "calculatedOtherExpenses": 45863000, "calculatedOperatingExpenses": 172021000, "calculatedNetInterest": 884000, "calculatedOtherIncome": -9613000, "calculatedIncomeNonControlling": 2721000, "calculatedEbitda": 161495000}, {"date": "2002-12-31", "symbol": "JOE", "reportedCurrency": "USD", "cik": "0000745308", "fillingDate": "2003-03-26", "acceptedDate": "2003-03-26 17:28:06", "calendarYear": "2002", "period": "FY", "revenue": 646352000, "costOfRevenue": 474629000, "grossProfit": 171723000, "grossProfitRatio": 0.2656803104, "researchAndDevelopmentExpenses": 0, "generalAndAdministrativeExpenses": 0, "sellingAndMarketingExpenses": 0, "sellingGeneralAndAdministrativeExpenses": 27527000, "otherExpenses": 22780000, "operatingExpenses": 50307000, "costAndExpenses": 524936000, "interestIncome": 0, "interestExpense": -16978000, "depreciationAndAmortization": 23845000, "ebitda": 7635000, "ebitdaratio": 0.0118124489, "operatingIncome": 121416000, "operatingIncomeRatio": 0.1878481075, "totalOtherIncomeExpensesNet": 137626000, "incomeBeforeTax": 242064000, "incomeBeforeTaxRatio": 0.374508008, "incomeTaxExpense": 89561000, "netIncome": 174363000, "netIncomeRatio": 0.2697647721, "eps": 2.22, "epsdiluted": 2.14, "weightedAverageShsOut": 78541892, "weightedAverageShsOutDil": 81478037, "link": "https://www.sec.gov/Archives/edgar/data/745308/000095014403003823/0000950144-03-003823-index.htm", "finalLink": "https://www.sec.gov/Archives/edgar/data/745308/000095014403003823/g81116e10vk.htm", "calculatedOtherExpenses": 22780000, "calculatedOperatingExpenses": 50307000, "calculatedNetInterest": 16978000, "calculatedOtherIncome": 103670000, "calculatedIncomeNonControlling": -21860000, "calculatedEbitda": 145261000}, {"date": "2001-12-31", "symbol": "JOE", "reportedCurrency": "USD", "cik": "0000745308", "fillingDate": "2002-03-20", "acceptedDate": "2002-03-20 00:00:00", "calendarYear": "2001", "period": "FY", "revenue": 868411000, "costOfRevenue": 702423000, "grossProfit": 165988000, "grossProfitRatio": 0.1911399096, "researchAndDevelopmentExpenses": 0, "generalAndAdministrativeExpenses": 18793000, "sellingAndMarketingExpenses": 0, "sellingGeneralAndAdministrativeExpenses": 18793000, "otherExpenses": 30119000, "operatingExpenses": 48912000, "costAndExpenses": 751335000, "interestIncome": 0, "interestExpense": 0, "depreciationAndAmortization": 29619000, "ebitda": 133132000, "ebitdaratio": 0.1533052898, "operatingIncome": 117076000, "operatingIncomeRatio": 0.1348163485, "totalOtherIncomeExpensesNet": 13563000, "incomeBeforeTax": 113074000, "incomeBeforeTaxRatio": 0.1302079315, "incomeTaxExpense": 42345000, "netIncome": 70205000, "netIncomeRatio": 0.080843057, "eps": 0.87, "epsdiluted": 0.83, "weightedAverageShsOut": 80695402, "weightedAverageShsOutDil": 84584337, "link": "https://www.sec.gov/Archives/edgar/data/745308/000095014402002492/0000950144-02-002492-index.htm", "finalLink": "https://www.sec.gov/Archives/edgar/data/745308/000095014402002492/g74751e10-k.htm", "calculatedOtherExpenses": 30119000, "calculatedOperatingExpenses": 48912000, "calculatedNetInterest": 0, "calculatedOtherIncome": -4002000, "calculatedIncomeNonControlling": 524000, "calculatedEbitda": 146695000}, {"date": "2000-12-31", "symbol": "JOE", "reportedCurrency": "USD", "cik": "0000745308", "fillingDate": "2001-03-19", "acceptedDate": "2001-03-19 00:00:00", "calendarYear": "2000", "period": "FY", "revenue": 880830000, "costOfRevenue": 638603000, "grossProfit": 242227000, "grossProfitRatio": 0.2749985809, "researchAndDevelopmentExpenses": 0, "generalAndAdministrativeExpenses": 31570000, "sellingAndMarketingExpenses": 0, "sellingGeneralAndAdministrativeExpenses": 31570000, "otherExpenses": 51783000, "operatingExpenses": 83353000, "costAndExpenses": 721956000, "interestIncome": 0, "interestExpense": 0, "depreciationAndAmortization": 51783000, "ebitda": 190209000, "ebitdaratio": 0.2159429175, "operatingIncome": 158874000, "operatingIncomeRatio": 0.1803685161, "totalOtherIncomeExpensesNet": 20448000, "incomeBeforeTax": 156966000, "incomeBeforeTaxRatio": 0.1782023773, "incomeTaxExpense": 56643000, "netIncome": 100323000, "netIncomeRatio": 0.1138959845, "eps": 1.18, "epsdiluted": 1.15, "weightedAverageShsOut": 85019492, "weightedAverageShsOutDil": 87237391, "link": "https://www.sec.gov/Archives/edgar/data/745308/000095014401003644/0000950144-01-003644-index.htm", "finalLink": "https://www.sec.gov/Archives/edgar/data/745308/000095014401003644/g67445e10-k.txt", "calculatedOtherExpenses": 51783000, "calculatedOperatingExpenses": 83353000, "calculatedNetInterest": 0, "calculatedOtherIncome": -1908000, "calculatedIncomeNonControlling": 0, "calculatedEbitda": 210657000}, {"date": "1999-12-31", "symbol": "JOE", "reportedCurrency": "USD", "cik": "0000745308", "fillingDate": "2000-03-22", "acceptedDate": "2000-03-22 00:00:00", "calendarYear": "1999", "period": "FY", "revenue": 750412000, "costOfRevenue": 589588000, "grossProfit": 160824000, "grossProfitRatio": 0.21431427, "researchAndDevelopmentExpenses": 0, "generalAndAdministrativeExpenses": 16361000, "sellingAndMarketingExpenses": 0, "sellingGeneralAndAdministrativeExpenses": 16361000, "otherExpenses": 49368000, "operatingExpenses": 65729000, "costAndExpenses": 655317000, "interestIncome": 0, "interestExpense": 0, "depreciationAndAmortization": 49368000, "ebitda": 118715000, "ebitdaratio": 0.1581997623, "operatingIncome": 95095000, "operatingIncomeRatio": 0.1267237198, "totalOtherIncomeExpensesNet": 25748000, "incomeBeforeTax": 101600000, "incomeBeforeTaxRatio": 0.1353922912, "incomeTaxExpense": 23961000, "netIncome": 124357000, "netIncomeRatio": 0.1657182987, "eps": 1.42, "epsdiluted": 1.4, "weightedAverageShsOut": 87575352, "weightedAverageShsOutDil": 88826429, "link": "https://www.sec.gov/Archives/edgar/data/745308/000095014400003510/0000950144-00-003510-index.html", "finalLink": "https://www.sec.gov/Archives/edgar/data/745308/000095014400003510/", "calculatedOtherExpenses": 49368000, "calculatedOperatingExpenses": 65729000, "calculatedNetInterest": 0, "calculatedOtherIncome": 6505000, "calculatedIncomeNonControlling": -46718000, "calculatedEbitda": 144463000}, {"date": "1998-12-31", "symbol": "JOE", "reportedCurrency": "USD", "cik": "0000745308", "fillingDate": "1999-03-30", "acceptedDate": "1999-03-30 00:00:00", "calendarYear": "1998", "period": "FY", "revenue": 392200000, "costOfRevenue": 287000000, "grossProfit": 105200000, "grossProfitRatio": 0.2682304946, "researchAndDevelopmentExpenses": 0, "generalAndAdministrativeExpenses": 6600000, "sellingAndMarketingExpenses": 0, "sellingGeneralAndAdministrativeExpenses": 6600000, "otherExpenses": 38900000, "operatingExpenses": 45500000, "costAndExpenses": 332500000, "interestIncome": 0, "interestExpense": 0, "depreciationAndAmortization": 38900000, "ebitda": 76900000, "ebitdaratio": 0.1960734319, "operatingIncome": 59700000, "operatingIncomeRatio": 0.152218256, "totalOtherIncomeExpensesNet": 21700000, "incomeBeforeTax": 62300000, "incomeBeforeTaxRatio": 0.1588475268, "incomeTaxExpense": 36200000, "netIncome": 28800000, "netIncomeRatio": 0.0734319225, "eps": 0.32, "epsdiluted": 0.31, "weightedAverageShsOut": 90000000, "weightedAverageShsOutDil": 92903226, "link": "https://www.sec.gov/Archives/edgar/data/745308/000095014499003458/0000950144-99-003458-index.html", "finalLink": "https://www.sec.gov/Archives/edgar/data/745308/", "calculatedOtherExpenses": 38900000, "calculatedOperatingExpenses": 45500000, "calculatedNetInterest": 0, "calculatedOtherIncome": 2600000, "calculatedIncomeNonControlling": -2700000, "calculatedEbitda": 98600000}, {"date": "1997-12-31", "symbol": "JOE", "reportedCurrency": "USD", "cik": "0000745308", "fillingDate": "1998-03-26", "acceptedDate": "1998-03-26 00:00:00", "calendarYear": "1997", "period": "FY", "revenue": 346300000, "costOfRevenue": 216700000, "grossProfit": 129600000, "grossProfitRatio": 0.3742419867, "researchAndDevelopmentExpenses": 0, "generalAndAdministrativeExpenses": 44200000, "sellingAndMarketingExpenses": 0, "sellingGeneralAndAdministrativeExpenses": 44200000, "otherExpenses": 32500000, "operatingExpenses": 76700000, "costAndExpenses": 293400000, "interestIncome": 0, "interestExpense": 0, "depreciationAndAmortization": 32500000, "ebitda": 43400000, "ebitdaratio": 0.1253248628, "operatingIncome": 52900000, "operatingIncomeRatio": 0.1527577245, "totalOtherIncomeExpensesNet": 42000000, "incomeBeforeTax": 76000000, "incomeBeforeTaxRatio": 0.2194628934, "incomeTaxExpense": 40500000, "netIncome": 35500000, "netIncomeRatio": 0.1025122726, "eps": 0.39, "epsdiluted": 0.38, "weightedAverageShsOut": 91025641, "weightedAverageShsOutDil": 93421053, "link": "https://www.sec.gov/Archives/edgar/data/745308/000095014498003294/0000950144-98-003294-index.html", "finalLink": "https://www.sec.gov/Archives/edgar/data/745308/", "calculatedOtherExpenses": 32500000, "calculatedOperatingExpenses": 76700000, "calculatedNetInterest": 0, "calculatedOtherIncome": 23100000, "calculatedIncomeNonControlling": 0, "calculatedEbitda": 85400000}, {"date": "1996-12-31", "symbol": "JOE", "reportedCurrency": "USD", "cik": "0000745308", "fillingDate": "1997-03-31", "acceptedDate": "1997-03-31 00:00:00", "calendarYear": "1996", "period": "FY", "revenue": 431200000, "costOfRevenue": 83400000, "grossProfit": 347800000, "grossProfitRatio": 0.8065862709, "researchAndDevelopmentExpenses": 0, "generalAndAdministrativeExpenses": 170800000, "sellingAndMarketingExpenses": 0, "sellingGeneralAndAdministrativeExpenses": 170800000, "otherExpenses": 28800000, "operatingExpenses": 199600000, "costAndExpenses": 283000000, "interestIncome": 0, "interestExpense": 0, "depreciationAndAmortization": 28800000, "ebitda": 135500000, "ebitdaratio": 0.3142393321, "operatingIncome": 148200000, "operatingIncomeRatio": 0.3436920223, "totalOtherIncomeExpensesNet": 41500000, "incomeBeforeTax": 175000000, "incomeBeforeTaxRatio": 0.4058441558, "incomeTaxExpense": 83100000, "netIncome": 176000000, "netIncomeRatio": 0.4081632653, "eps": 1.92, "epsdiluted": 1.92, "weightedAverageShsOut": 91666667, "weightedAverageShsOutDil": 91666667, "link": "https://www.sec.gov/Archives/edgar/data/745308/000095014497003249/0000950144-97-003249-index.html", "finalLink": "https://www.sec.gov/Archives/edgar/data/745308/", "calculatedOtherExpenses": 28800000, "calculatedOperatingExpenses": 199600000, "calculatedNetInterest": 0, "calculatedOtherIncome": 26800000, "calculatedIncomeNonControlling": -84100000, "calculatedEbitda": 177000000}, {"date": "1995-12-31", "symbol": "JOE", "reportedCurrency": "USD", "cik": "0000745308", "fillingDate": "1996-04-02", "acceptedDate": "1996-04-02 00:00:00", "calendarYear": "1995", "period": "FY", "revenue": 334900000, "costOfRevenue": 87400000, "grossProfit": 247500000, "grossProfitRatio": 0.7390265751, "researchAndDevelopmentExpenses": 0, "generalAndAdministrativeExpenses": 171600000, "sellingAndMarketingExpenses": 0, "sellingGeneralAndAdministrativeExpenses": 171600000, "otherExpenses": 28600000, "operatingExpenses": 200200000, "costAndExpenses": 287600000, "interestIncome": 0, "interestExpense": 0, "depreciationAndAmortization": 28600000, "ebitda": 54900000, "ebitdaratio": 0.1639295312, "operatingIncome": 47300000, "operatingIncomeRatio": 0.1412361899, "totalOtherIncomeExpensesNet": 21000000, "incomeBeforeTax": 53900000, "incomeBeforeTaxRatio": 0.1609435652, "incomeTaxExpense": 24500000, "netIncome": 73900000, "netIncomeRatio": 0.2206628844, "eps": 0.81, "epsdiluted": 0.81, "weightedAverageShsOut": 91234568, "weightedAverageShsOutDil": 91234568, "link": "https://www.sec.gov/Archives/edgar/data/745308/000095013396000325/0000950133-96-000325-index.html", "finalLink": "https://www.sec.gov/Archives/edgar/data/745308/", "calculatedOtherExpenses": 28600000, "calculatedOperatingExpenses": 200200000, "calculatedNetInterest": 0, "calculatedOtherIncome": 6600000, "calculatedIncomeNonControlling": -44500000, "calculatedEbitda": 75900000}, {"date": "1994-12-31", "symbol": "JOE", "reportedCurrency": "USD", "cik": "0000745308", "fillingDate": "1995-03-29", "acceptedDate": "1995-03-29 00:00:00", "calendarYear": "1994", "period": "FY", "revenue": 685800000, "costOfRevenue": 408000000, "grossProfit": 277800000, "grossProfitRatio": 0.4050743657, "researchAndDevelopmentExpenses": 0, "generalAndAdministrativeExpenses": 150900000, "sellingAndMarketingExpenses": 0, "sellingGeneralAndAdministrativeExpenses": 150900000, "otherExpenses": 62400000, "operatingExpenses": 213300000, "costAndExpenses": 621300000, "interestIncome": 0, "interestExpense": 0, "depreciationAndAmortization": 62400000, "ebitda": 95300000, "ebitdaratio": 0.1389617964, "operatingIncome": 64500000, "operatingIncomeRatio": 0.0940507437, "totalOtherIncomeExpensesNet": 31600000, "incomeBeforeTax": 76000000, "incomeBeforeTaxRatio": 0.1108194809, "incomeTaxExpense": 33900000, "netIncome": 42100000, "netIncomeRatio": 0.0613881598, "eps": 0.46, "epsdiluted": 0.46, "weightedAverageShsOut": 91521739, "weightedAverageShsOutDil": 93200000, "link": "https://www.sec.gov/Archives/edgar/data/745308/000074530895000001/0000745308-95-000001-index.html", "finalLink": "https://www.sec.gov/Archives/edgar/data/745308/", "calculatedOtherExpenses": 62400000, "calculatedOperatingExpenses": 213300000, "calculatedNetInterest": 0, "calculatedOtherIncome": 11500000, "calculatedIncomeNonControlling": 0, "calculatedEbitda": 126900000}, {"date": "1993-12-31", "symbol": "JOE", "reportedCurrency": "USD", "cik": "0000745308", "fillingDate": "1994-03-30", "acceptedDate": "1994-03-30 00:00:00", "calendarYear": "1993", "period": "FY", "revenue": 592000000, "costOfRevenue": 445000000, "grossProfit": 147000000, "grossProfitRatio": 0.2483108108, "researchAndDevelopmentExpenses": 0, "generalAndAdministrativeExpenses": 0, "sellingAndMarketingExpenses": 0, "sellingGeneralAndAdministrativeExpenses": 51900000, "otherExpenses": 62900000, "operatingExpenses": 114800000, "costAndExpenses": 559800000, "interestIncome": 0, "interestExpense": 0, "depreciationAndAmortization": 62900000, "ebitda": 78900000, "ebitdaratio": 0.133277027, "operatingIncome": 32200000, "operatingIncomeRatio": 0.0543918919, "totalOtherIncomeExpensesNet": 16200000, "incomeBeforeTax": 34300000, "incomeBeforeTaxRatio": 0.0579391892, "incomeTaxExpense": 22200000, "netIncome": 32600000, "netIncomeRatio": 0.0550675676, "eps": 0.36, "epsdiluted": 0.36, "weightedAverageShsOut": 73611111, "weightedAverageShsOutDil": 73611111, "link": "https://www.sec.gov/Archives/edgar/data/745308/000074530894000001/0000745308-94-000001-index.html", "finalLink": "https://www.sec.gov/Archives/edgar/data/745308/", "calculatedOtherExpenses": 62900000, "calculatedOperatingExpenses": 114800000, "calculatedNetInterest": 0, "calculatedOtherIncome": 2100000, "calculatedIncomeNonControlling": -20500000, "calculatedEbitda": 95100000}, {"date": "1992-12-31", "symbol": "JOE", "reportedCurrency": "USD", "cik": "0000745308", "fillingDate": "1992-12-31", "acceptedDate": "1992-12-30 19:00:00", "calendarYear": "1992", "period": "FY", "revenue": 591900000, "costOfRevenue": 453400000, "grossProfit": 138500000, "grossProfitRatio": 0.2339922284, "researchAndDevelopmentExpenses": 0, "generalAndAdministrativeExpenses": 0, "sellingAndMarketingExpenses": 0, "sellingGeneralAndAdministrativeExpenses": 54700000, "otherExpenses": 59800000, "operatingExpenses": 114500000, "costAndExpenses": 567900000, "interestIncome": 0, "interestExpense": 0, "depreciationAndAmortization": 59800000, "ebitda": 62500000, "ebitdaratio": 0.1055921608, "operatingIncome": 24000000, "operatingIncomeRatio": 0.0405473898, "totalOtherIncomeExpensesNet": 21300000, "incomeBeforeTax": 30500000, "incomeBeforeTaxRatio": 0.0515289745, "incomeTaxExpense": 14900000, "netIncome": 15600000, "netIncomeRatio": 0.0263558033, "eps": 0.17, "epsdiluted": 0.17, "weightedAverageShsOut": 91764706, "weightedAverageShsOutDil": 91764706, "link": "", "finalLink": "", "calculatedOtherExpenses": 59800000, "calculatedOperatingExpenses": 114500000, "calculatedNetInterest": 0, "calculatedOtherIncome": 6500000, "calculatedIncomeNonControlling": 0, "calculatedEbitda": 83800000}, {"date": "1991-12-31", "symbol": "JOE", "reportedCurrency": "USD", "cik": "0000745308", "fillingDate": "1991-12-31", "acceptedDate": "1991-12-30 19:00:00", "calendarYear": "1991", "period": "FY", "revenue": 582200000, "costOfRevenue": 446600000, "grossProfit": 135600000, "grossProfitRatio": 0.232909653, "researchAndDevelopmentExpenses": 0, "generalAndAdministrativeExpenses": 0, "sellingAndMarketingExpenses": 0, "sellingGeneralAndAdministrativeExpenses": 55900000, "otherExpenses": 55200000, "operatingExpenses": 111100000, "costAndExpenses": 557700000, "interestIncome": 0, "interestExpense": 0, "depreciationAndAmortization": 55200000, "ebitda": 37500000, "ebitdaratio": 0.0644108554, "operatingIncome": 24500000, "operatingIncomeRatio": 0.0420817588, "totalOtherIncomeExpensesNet": 42200000, "incomeBeforeTax": 48300000, "incomeBeforeTaxRatio": 0.0829611817, "incomeTaxExpense": 20700000, "netIncome": 27600000, "netIncomeRatio": 0.0474063896, "eps": 0.3, "epsdiluted": 0.3, "weightedAverageShsOut": 92000000, "weightedAverageShsOutDil": 92000000, "link": "", "finalLink": "", "calculatedOtherExpenses": 55200000, "calculatedOperatingExpenses": 111100000, "calculatedNetInterest": 0, "calculatedOtherIncome": 23800000, "calculatedIncomeNonControlling": 0, "calculatedEbitda": 79700000}, {"date": "1990-12-31", "symbol": "JOE", "reportedCurrency": "USD", "cik": "0000745308", "fillingDate": "1990-12-31", "acceptedDate": "1990-12-30 19:00:00", "calendarYear": "1990", "period": "FY", "revenue": 610200000, "costOfRevenue": 451700000, "grossProfit": 158500000, "grossProfitRatio": 0.2597509013, "researchAndDevelopmentExpenses": 0, "generalAndAdministrativeExpenses": 0, "sellingAndMarketingExpenses": 0, "sellingGeneralAndAdministrativeExpenses": 55200000, "otherExpenses": 53700000, "operatingExpenses": 108900000, "costAndExpenses": 560600000, "interestIncome": 0, "interestExpense": 0, "depreciationAndAmortization": 53700000, "ebitda": 62800000, "ebitdaratio": 0.1029170764, "operatingIncome": 49600000, "operatingIncomeRatio": 0.0812848246, "totalOtherIncomeExpensesNet": 40500000, "incomeBeforeTax": 70200000, "incomeBeforeTaxRatio": 0.1150442478, "incomeTaxExpense": 28900000, "netIncome": 41300000, "netIncomeRatio": 0.067682727, "eps": 0.45, "epsdiluted": 0.45, "weightedAverageShsOut": 91777778, "weightedAverageShsOutDil": 91777778, "link": "", "finalLink": "", "calculatedOtherExpenses": 53700000, "calculatedOperatingExpenses": 108900000, "calculatedNetInterest": 0, "calculatedOtherIncome": 20600000, "calculatedIncomeNonControlling": 0, "calculatedEbitda": 103300000}, {"date": "1989-12-31", "symbol": "JOE", "reportedCurrency": "USD", "cik": "0000745308", "fillingDate": "1989-12-31", "acceptedDate": "1989-12-30 19:00:00", "calendarYear": "1989", "period": "FY", "revenue": 635300000, "costOfRevenue": 445500000, "grossProfit": 189800000, "grossProfitRatio": 0.298756493, "researchAndDevelopmentExpenses": 0, "generalAndAdministrativeExpenses": 0, "sellingAndMarketingExpenses": 0, "sellingGeneralAndAdministrativeExpenses": 52000000, "otherExpenses": 50400000, "operatingExpenses": 102400000, "costAndExpenses": 547900000, "interestIncome": 0, "interestExpense": 0, "depreciationAndAmortization": 50400000, "ebitda": 91200000, "ebitdaratio": 0.1435542263, "operatingIncome": 87400000, "operatingIncomeRatio": 0.1375728003, "totalOtherIncomeExpensesNet": 46600000, "incomeBeforeTax": 110400000, "incomeBeforeTaxRatio": 0.1737761687, "incomeTaxExpense": 43200000, "netIncome": 67200000, "netIncomeRatio": 0.1057767984, "eps": 0.73, "epsdiluted": 0.73, "weightedAverageShsOut": 92054795, "weightedAverageShsOutDil": 92054795, "link": "", "finalLink": "", "calculatedOtherExpenses": 50400000, "calculatedOperatingExpenses": 102400000, "calculatedNetInterest": 0, "calculatedOtherIncome": 23000000, "calculatedIncomeNonControlling": 0, "calculatedEbitda": 137800000}, {"date": "1988-12-31", "symbol": "JOE", "reportedCurrency": "USD", "cik": "0000745308", "fillingDate": "1988-12-31", "acceptedDate": "1988-12-30 19:00:00", "calendarYear": "1988", "period": "FY", "revenue": 650100000, "costOfRevenue": 434800000, "grossProfit": 215300000, "grossProfitRatio": 0.3311798185, "researchAndDevelopmentExpenses": 0, "generalAndAdministrativeExpenses": 0, "sellingAndMarketingExpenses": 0, "sellingGeneralAndAdministrativeExpenses": 52400000, "otherExpenses": 46800000, "operatingExpenses": 99200000, "costAndExpenses": 534000000, "interestIncome": 0, "interestExpense": 0, "depreciationAndAmortization": 46800000, "ebitda": 121900000, "ebitdaratio": 0.1875096139, "operatingIncome": 116100000, "operatingIncomeRatio": 0.1785879096, "totalOtherIncomeExpensesNet": 41000000, "incomeBeforeTax": 135500000, "incomeBeforeTaxRatio": 0.2084294724, "incomeTaxExpense": 52800000, "netIncome": 82700000, "netIncomeRatio": 0.1272111983, "eps": 0.9, "epsdiluted": 0.9, "weightedAverageShsOut": 91888889, "weightedAverageShsOutDil": 91888889, "link": "", "finalLink": "", "calculatedOtherExpenses": 46800000, "calculatedOperatingExpenses": 99200000, "calculatedNetInterest": 0, "calculatedOtherIncome": 19400000, "calculatedIncomeNonControlling": 0, "calculatedEbitda": 162900000}]}