{"originalCurrency": "USD", "convertedCurrency": "USD", "report": [{"date": "2023-12-31", "symbol": "JPM", "reportedCurrency": "USD", "cik": "0000019617", "fillingDate": "2024-02-16", "acceptedDate": "2024-02-16 16:20:22", "calendarYear": "2023", "period": "FY", "revenue": 154952000000, "costOfRevenue": 0, "grossProfit": 154952000000, "grossProfitRatio": 1, "researchAndDevelopmentExpenses": 0, "generalAndAdministrativeExpenses": 46465000000, "sellingAndMarketingExpenses": 4591000000, "sellingGeneralAndAdministrativeExpenses": 75127000000, "otherExpenses": -27169000000, "operatingExpenses": 87172000000, "costAndExpenses": 87172000000, "interestIncome": 170588000000, "interestExpense": 81321000000, "depreciationAndAmortization": 7512000000, "ebitda": -1792000000, "ebitdaratio": -0.0115648717, "operatingIncome": 61612000000, "operatingIncomeRatio": 0.3976199081, "totalOtherIncomeExpensesNet": 61612000000, "incomeBeforeTax": 61612000000, "incomeBeforeTaxRatio": 0.3976199081, "incomeTaxExpense": 12060000000, "netIncome": 49552000000, "netIncomeRatio": 0.3197893541, "eps": 16.25, "epsdiluted": 16.23, "weightedAverageShsOut": 2938600000, "weightedAverageShsOutDil": 2943100000, "link": "https://www.sec.gov/Archives/edgar/data/19617/000001961724000225/0000019617-24-000225-index.htm", "finalLink": "https://www.sec.gov/Archives/edgar/data/19617/000001961724000225/jpm-20231231.htm", "calculatedOtherExpenses": 18213000000, "calculatedOperatingExpenses": 93340000000, "calculatedNetInterest": 89267000000, "calculatedOtherIncome": -89267000000, "calculatedIncomeNonControlling": 0, "calculatedEbitda": 69124000000}, {"date": "2022-12-31", "symbol": "JPM", "reportedCurrency": "USD", "cik": "0000019617", "fillingDate": "2023-02-21", "acceptedDate": "2023-02-21 16:13:55", "calendarYear": "2022", "period": "FY", "revenue": 128641000000, "costOfRevenue": 0, "grossProfit": 128641000000, "grossProfitRatio": 1, "researchAndDevelopmentExpenses": 0, "generalAndAdministrativeExpenses": 41636000000, "sellingAndMarketingExpenses": 3911000000, "sellingGeneralAndAdministrativeExpenses": 45547000000, "otherExpenses": -22491000000, "operatingExpenses": 76140000000, "costAndExpenses": 76140000000, "interestIncome": 92807000000, "interestExpense": 26097000000, "depreciationAndAmortization": 7051000000, "ebitda": -2050000000, "ebitdaratio": -0.0159358214, "operatingIncome": 46432000000, "operatingIncomeRatio": 0.3609424678, "totalOtherIncomeExpensesNet": -266000000, "incomeBeforeTax": 46166000000, "incomeBeforeTaxRatio": 0.3588746978, "incomeTaxExpense": 8490000000, "netIncome": 37676000000, "netIncomeRatio": 0.2928770765, "eps": 12.1, "epsdiluted": 12.08, "weightedAverageShsOut": 2965800000, "weightedAverageShsOutDil": 2970000000, "link": "https://www.sec.gov/Archives/edgar/data/19617/000001961723000231/0000019617-23-000231-index.htm", "finalLink": "https://www.sec.gov/Archives/edgar/data/19617/000001961723000231/jpm-20221231.htm", "calculatedOtherExpenses": 36662000000, "calculatedOperatingExpenses": 82209000000, "calculatedNetInterest": 66710000000, "calculatedOtherIncome": -66976000000, "calculatedIncomeNonControlling": 0, "calculatedEbitda": 53483000000}, {"date": "2021-12-31", "symbol": "JPM", "reportedCurrency": "USD", "cik": "0000019617", "fillingDate": "2022-02-22", "acceptedDate": "2022-02-22 16:56:31", "calendarYear": "2021", "period": "FY", "revenue": 121685000000, "costOfRevenue": 0, "grossProfit": 121685000000, "grossProfitRatio": 1, "researchAndDevelopmentExpenses": 0, "generalAndAdministrativeExpenses": 38567000000, "sellingAndMarketingExpenses": 3036000000, "sellingGeneralAndAdministrativeExpenses": 41603000000, "otherExpenses": -19902000000, "operatingExpenses": 71336000000, "costAndExpenses": 71336000000, "interestIncome": 57864000000, "interestExpense": 5553000000, "depreciationAndAmortization": 7932000000, "ebitda": -2257000000, "ebitdaratio": -0.01854789, "operatingIncome": 59988000000, "operatingIncomeRatio": 0.4929777705, "totalOtherIncomeExpensesNet": -426000000, "incomeBeforeTax": 59562000000, "incomeBeforeTaxRatio": 0.4894769281, "incomeTaxExpense": 11228000000, "netIncome": 48334000000, "netIncomeRatio": 0.3972059005, "eps": 15.39, "epsdiluted": 15.36, "weightedAverageShsOut": 3021500000, "weightedAverageShsOutDil": 3026600000, "link": "https://www.sec.gov/Archives/edgar/data/19617/000001961722000272/0000019617-22-000272-index.htm", "finalLink": "https://www.sec.gov/Archives/edgar/data/19617/000001961722000272/jpm-20211231.htm", "calculatedOtherExpenses": 20094000000, "calculatedOperatingExpenses": 61697000000, "calculatedNetInterest": 52311000000, "calculatedOtherIncome": -52737000000, "calculatedIncomeNonControlling": 0, "calculatedEbitda": 67920000000}, {"date": "2020-12-31", "symbol": "JPM", "reportedCurrency": "USD", "cik": "0000019617", "fillingDate": "2021-02-23", "acceptedDate": "2021-02-23 16:17:29", "calendarYear": "2020", "period": "FY", "revenue": 119883000000, "costOfRevenue": 0, "grossProfit": 119883000000, "grossProfitRatio": 1, "researchAndDevelopmentExpenses": 0, "generalAndAdministrativeExpenses": 34988000000, "sellingAndMarketingExpenses": 2476000000, "sellingGeneralAndAdministrativeExpenses": 37464000000, "otherExpenses": -17977000000, "operatingExpenses": 66656000000, "costAndExpenses": 66656000000, "interestIncome": 64523000000, "interestExpense": 9960000000, "depreciationAndAmortization": 8614000000, "ebitda": -2836000000, "ebitdaratio": -0.0236563983, "operatingIncome": 36930000000, "operatingIncomeRatio": 0.3080503491, "totalOtherIncomeExpensesNet": -1115000000, "incomeBeforeTax": 35815000000, "incomeBeforeTaxRatio": 0.2987496142, "incomeTaxExpense": 6684000000, "netIncome": 29131000000, "netIncomeRatio": 0.2429952537, "eps": 8.89, "epsdiluted": 8.88, "weightedAverageShsOut": 3082400000, "weightedAverageShsOutDil": 3087400000, "link": "https://www.sec.gov/Archives/edgar/data/19617/000001961721000236/0000019617-21-000236-index.htm", "finalLink": "https://www.sec.gov/Archives/edgar/data/19617/000001961721000236/jpm-20201231.htm", "calculatedOtherExpenses": 45489000000, "calculatedOperatingExpenses": 82953000000, "calculatedNetInterest": 54563000000, "calculatedOtherIncome": -55678000000, "calculatedIncomeNonControlling": 0, "calculatedEbitda": 45544000000}, {"date": "2019-12-31", "symbol": "JPM", "reportedCurrency": "USD", "cik": "0000019617", "fillingDate": "2020-02-25", "acceptedDate": "2020-02-25 16:31:02", "calendarYear": "2019", "period": "FY", "revenue": 115720000000, "costOfRevenue": 0, "grossProfit": 115720000000, "grossProfitRatio": 1, "researchAndDevelopmentExpenses": 0, "generalAndAdministrativeExpenses": 34155000000, "sellingAndMarketingExpenses": 3351000000, "sellingGeneralAndAdministrativeExpenses": 37506000000, "otherExpenses": -18413000000, "operatingExpenses": 65268000000, "costAndExpenses": 65268000000, "interestIncome": 84040000000, "interestExpense": 26795000000, "depreciationAndAmortization": 8368000000, "ebitda": -2028000000, "ebitdaratio": -0.0175250605, "operatingIncome": 45105000000, "operatingIncomeRatio": 0.389777048, "totalOtherIncomeExpensesNet": -239000000, "incomeBeforeTax": 44866000000, "incomeBeforeTaxRatio": 0.3877117179, "incomeTaxExpense": 8435000000, "netIncome": 36431000000, "netIncomeRatio": 0.3148202558, "eps": 10.75, "epsdiluted": 10.72, "weightedAverageShsOut": 3221500000, "weightedAverageShsOutDil": 3230400000, "link": "https://www.sec.gov/Archives/edgar/data/19617/000001961720000257/0000019617-20-000257-index.html", "finalLink": "https://www.sec.gov/Archives/edgar/data/19617/000001961720000257/corp10k2019.htm", "calculatedOtherExpenses": 33109000000, "calculatedOperatingExpenses": 70615000000, "calculatedNetInterest": 57245000000, "calculatedOtherIncome": -57484000000, "calculatedIncomeNonControlling": 0, "calculatedEbitda": 53473000000}, {"date": "2018-12-31", "symbol": "JPM", "reportedCurrency": "USD", "cik": "0000019617", "fillingDate": "2019-02-26", "acceptedDate": "2019-02-26 16:57:25", "calendarYear": "2018", "period": "FY", "revenue": 108783000000, "costOfRevenue": 0, "grossProfit": 108783000000, "grossProfitRatio": 1, "researchAndDevelopmentExpenses": 0, "generalAndAdministrativeExpenses": 33117000000, "sellingAndMarketingExpenses": 3044000000, "sellingGeneralAndAdministrativeExpenses": 36161000000, "otherExpenses": -18462000000, "operatingExpenses": 62980000000, "costAndExpenses": 62980000000, "interestIncome": 76100000000, "interestExpense": 21041000000, "depreciationAndAmortization": 7791000000, "ebitda": -1837000000, "ebitdaratio": -0.0168868297, "operatingIncome": 40836000000, "operatingIncomeRatio": 0.375389537, "totalOtherIncomeExpensesNet": -72000000, "incomeBeforeTax": 40764000000, "incomeBeforeTaxRatio": 0.3747276688, "incomeTaxExpense": 8290000000, "netIncome": 32474000000, "netIncomeRatio": 0.2985209086, "eps": 9.56, "epsdiluted": 9.51, "weightedAverageShsOut": 3396400000, "weightedAverageShsOutDil": 3414000000, "link": "https://www.sec.gov/Archives/edgar/data/19617/000001961719000054/0000019617-19-000054-index.html", "finalLink": "https://www.sec.gov/Archives/edgar/data/19617/000001961719000054/corp10k2018.htm", "calculatedOtherExpenses": 31786000000, "calculatedOperatingExpenses": 67947000000, "calculatedNetInterest": 55059000000, "calculatedOtherIncome": -55131000000, "calculatedIncomeNonControlling": 0, "calculatedEbitda": 48627000000}, {"date": "2017-12-31", "symbol": "JPM", "reportedCurrency": "USD", "cik": "0000019617", "fillingDate": "2018-02-27", "acceptedDate": "2018-02-27 16:23:03", "calendarYear": "2017", "period": "FY", "revenue": 100705000000, "costOfRevenue": 0, "grossProfit": 100705000000, "grossProfitRatio": 1, "researchAndDevelopmentExpenses": 0, "generalAndAdministrativeExpenses": 31208000000, "sellingAndMarketingExpenses": 2900000000, "sellingGeneralAndAdministrativeExpenses": 34108000000, "otherExpenses": -30798000000, "operatingExpenses": 58845000000, "costAndExpenses": 58845000000, "interestIncome": 63971000000, "interestExpense": 13874000000, "depreciationAndAmortization": 6179000000, "ebitda": -1194000000, "ebitdaratio": -0.0118564123, "operatingIncome": 35220000000, "operatingIncomeRatio": 0.3497343727, "totalOtherIncomeExpensesNet": 680000000, "incomeBeforeTax": 35900000000, "incomeBeforeTaxRatio": 0.3564867683, "incomeTaxExpense": 11459000000, "netIncome": 24441000000, "netIncomeRatio": 0.2426989722, "eps": 6.35, "epsdiluted": 6.31, "weightedAverageShsOut": 3576386687, "weightedAverageShsOutDil": 3576800000, "link": "https://www.sec.gov/Archives/edgar/data/19617/000001961718000057/0000019617-18-000057-index.html", "finalLink": "https://www.sec.gov/Archives/edgar/data/19617/000001961718000057/corp10k2017.htm", "calculatedOtherExpenses": 31377000000, "calculatedOperatingExpenses": 65485000000, "calculatedNetInterest": 50097000000, "calculatedOtherIncome": -49417000000, "calculatedIncomeNonControlling": 0, "calculatedEbitda": 41399000000}, {"date": "2016-12-31", "symbol": "JPM", "reportedCurrency": "USD", "cik": "0000019617", "fillingDate": "2017-02-28", "acceptedDate": "2017-02-28 16:23:41", "calendarYear": "2016", "period": "FY", "revenue": 96569000000, "costOfRevenue": 0, "grossProfit": 96569000000, "grossProfitRatio": 1, "researchAndDevelopmentExpenses": 0, "generalAndAdministrativeExpenses": 30203000000, "sellingAndMarketingExpenses": 2897000000, "sellingGeneralAndAdministrativeExpenses": 33100000000, "otherExpenses": -16993000000, "operatingExpenses": 56672000000, "costAndExpenses": 56672000000, "interestIncome": 55901000000, "interestExpense": 9818000000, "depreciationAndAmortization": 5478000000, "ebitda": -1582000000, "ebitdaratio": -0.0163820688, "operatingIncome": 34219000000, "operatingIncomeRatio": 0.3543476685, "totalOtherIncomeExpensesNet": 317000000, "incomeBeforeTax": 34536000000, "incomeBeforeTaxRatio": 0.3576302954, "incomeTaxExpense": 9803000000, "netIncome": 24733000000, "netIncomeRatio": 0.2561173876, "eps": 6.24, "epsdiluted": 6.19, "weightedAverageShsOut": 3688852988, "weightedAverageShsOutDil": 3690000000, "link": "https://www.sec.gov/Archives/edgar/data/19617/000001961717000314/0000019617-17-000314-index.html", "finalLink": "https://www.sec.gov/Archives/edgar/data/19617/000001961717000314/corp10k2016.htm", "calculatedOtherExpenses": 29250000000, "calculatedOperatingExpenses": 62350000000, "calculatedNetInterest": 46083000000, "calculatedOtherIncome": -45766000000, "calculatedIncomeNonControlling": 0, "calculatedEbitda": 39697000000}, {"date": "2015-12-31", "symbol": "JPM", "reportedCurrency": "USD", "cik": "0000019617", "fillingDate": "2016-02-23", "acceptedDate": "2016-02-23 16:17:46", "calendarYear": "2015", "period": "FY", "revenue": 93543000000, "costOfRevenue": 0, "grossProfit": 93543000000, "grossProfitRatio": 1, "researchAndDevelopmentExpenses": 0, "generalAndAdministrativeExpenses": 29750000000, "sellingAndMarketingExpenses": 2708000000, "sellingGeneralAndAdministrativeExpenses": 32458000000, "otherExpenses": 0, "operatingExpenses": 58500000000, "costAndExpenses": 58500000000, "interestIncome": 50973000000, "interestExpense": 7463000000, "depreciationAndAmortization": 4940000000, "ebitda": -4247000000, "ebitdaratio": -0.04540158, "operatingIncome": 33158000000, "operatingIncomeRatio": 0.3544679987, "totalOtherIncomeExpensesNet": -2456000000, "incomeBeforeTax": 30702000000, "incomeBeforeTaxRatio": 0.3282126936, "incomeTaxExpense": 6260000000, "netIncome": 24442000000, "netIncomeRatio": 0.2612915985, "eps": 6.05, "epsdiluted": 6, "weightedAverageShsOut": 3773600000, "weightedAverageShsOutDil": 3775166666, "link": "https://www.sec.gov/Archives/edgar/data/19617/000001961716000902/0000019617-16-000902-index.html", "finalLink": "https://www.sec.gov/Archives/edgar/data/19617/000001961716000902/corp10k2015.htm", "calculatedOtherExpenses": 27927000000, "calculatedOperatingExpenses": 60385000000, "calculatedNetInterest": 43510000000, "calculatedOtherIncome": -45966000000, "calculatedIncomeNonControlling": 0, "calculatedEbitda": 38098000000}, {"date": "2014-12-31", "symbol": "JPM", "reportedCurrency": "USD", "cik": "0000019617", "fillingDate": "2015-02-24", "acceptedDate": "2015-02-24 16:04:18", "calendarYear": "2014", "period": "FY", "revenue": 95112000000, "costOfRevenue": 0, "grossProfit": 95112000000, "grossProfitRatio": 1, "researchAndDevelopmentExpenses": 0, "generalAndAdministrativeExpenses": 30160000000, "sellingAndMarketingExpenses": 2550000000, "sellingGeneralAndAdministrativeExpenses": 32710000000, "otherExpenses": 0, "operatingExpenses": 61274000000, "costAndExpenses": 61274000000, "interestIncome": 51531000000, "interestExpense": 7897000000, "depreciationAndAmortization": 4759000000, "ebitda": -4551000000, "ebitdaratio": -0.0478488519, "operatingIncome": 33582000000, "operatingIncomeRatio": 0.3530784759, "totalOtherIncomeExpensesNet": -2883000000, "incomeBeforeTax": 30699000000, "incomeBeforeTaxRatio": 0.3227668433, "incomeTaxExpense": 8954000000, "netIncome": 21745000000, "netIncomeRatio": 0.2286251998, "eps": 5.33, "epsdiluted": 5.29, "weightedAverageShsOut": 3795274102, "weightedAverageShsOutDil": 3797500000, "link": "https://www.sec.gov/Archives/edgar/data/19617/000001961715000272/corp10k2014.htm", "finalLink": "https://www.sec.gov/Archives/edgar/data/19617/000001961715000272/corp10k2014.htm", "calculatedOtherExpenses": 28820000000, "calculatedOperatingExpenses": 61530000000, "calculatedNetInterest": 43634000000, "calculatedOtherIncome": -46517000000, "calculatedIncomeNonControlling": 0, "calculatedEbitda": 38341000000}, {"date": "2013-12-31", "symbol": "JPM", "reportedCurrency": "USD", "cik": "0000019617", "fillingDate": "2014-02-20", "acceptedDate": "2014-02-19 20:02:20", "calendarYear": "2013", "period": "FY", "revenue": 97367000000, "costOfRevenue": 0, "grossProfit": 97367000000, "grossProfitRatio": 1, "researchAndDevelopmentExpenses": 0, "generalAndAdministrativeExpenses": 30810000000, "sellingAndMarketingExpenses": 2500000000, "sellingGeneralAndAdministrativeExpenses": 33310000000, "otherExpenses": 0, "operatingExpenses": 70467000000, "costAndExpenses": 70467000000, "interestIncome": 52669000000, "interestExpense": 9350000000, "depreciationAndAmortization": 5306000000, "ebitda": -12472000000, "ebitdaratio": -0.1280926803, "operatingIncome": 37818000000, "operatingIncomeRatio": 0.3884067497, "totalOtherIncomeExpensesNet": -11143000000, "incomeBeforeTax": 26675000000, "incomeBeforeTaxRatio": 0.2739634578, "incomeTaxExpense": 8789000000, "netIncome": 17886000000, "netIncomeRatio": 0.183696735, "eps": 4.38, "epsdiluted": 4.34, "weightedAverageShsOut": 3814900000, "weightedAverageShsOutDil": 3814976958, "link": "https://www.sec.gov/Archives/edgar/data/19617/000001961714000289/corp10k2013.htm", "finalLink": "https://www.sec.gov/Archives/edgar/data/19617/000001961714000289/corp10k2013.htm", "calculatedOtherExpenses": 26239000000, "calculatedOperatingExpenses": 59549000000, "calculatedNetInterest": 43319000000, "calculatedOtherIncome": -54462000000, "calculatedIncomeNonControlling": 0, "calculatedEbitda": 43124000000}, {"date": "2012-12-31", "symbol": "JPM", "reportedCurrency": "USD", "cik": "0000019617", "fillingDate": "2013-02-28", "acceptedDate": "2013-02-28 16:06:59", "calendarYear": "2012", "period": "FY", "revenue": 97031000000, "costOfRevenue": 0, "grossProfit": 97031000000, "grossProfitRatio": 1, "researchAndDevelopmentExpenses": 0, "generalAndAdministrativeExpenses": 30585000000, "sellingAndMarketingExpenses": 2577000000, "sellingGeneralAndAdministrativeExpenses": 33162000000, "otherExpenses": 0, "operatingExpenses": 62741000000, "costAndExpenses": 62741000000, "interestIncome": 55953000000, "interestExpense": 11043000000, "depreciationAndAmortization": 5147000000, "ebitda": 63858000000, "ebitdaratio": 0.65811957, "operatingIncome": 31929000000, "operatingIncomeRatio": 0.329059785, "totalOtherIncomeExpensesNet": -3012000000, "incomeBeforeTax": 28917000000, "incomeBeforeTaxRatio": 0.2980181591, "incomeTaxExpense": 7633000000, "netIncome": 21284000000, "netIncomeRatio": 0.219352578, "eps": 5.22, "epsdiluted": 5.2, "weightedAverageShsOut": 3822200000, "weightedAverageShsOutDil": 3822500000, "link": "https://www.sec.gov/Archives/edgar/data/19617/000001961713000221/0000019617-13-000221-index.html", "finalLink": "https://www.sec.gov/Archives/edgar/data/19617/000001961713000221/corp10k2012.htm", "calculatedOtherExpenses": 31940000000, "calculatedOperatingExpenses": 65102000000, "calculatedNetInterest": 44910000000, "calculatedOtherIncome": -47922000000, "calculatedIncomeNonControlling": 0, "calculatedEbitda": 37076000000}, {"date": "2011-12-31", "symbol": "JPM", "reportedCurrency": "USD", "cik": "0000019617", "fillingDate": "2012-02-29", "acceptedDate": "2012-02-29 10:29:19", "calendarYear": "2011", "period": "FY", "revenue": 97234000000, "costOfRevenue": 0, "grossProfit": 97234000000, "grossProfitRatio": 1, "researchAndDevelopmentExpenses": 0, "generalAndAdministrativeExpenses": 29037000000, "sellingAndMarketingExpenses": 3143000000, "sellingGeneralAndAdministrativeExpenses": 32180000000, "otherExpenses": 0, "operatingExpenses": -52624000000, "costAndExpenses": -52624000000, "interestIncome": 61293000000, "interestExpense": 13604000000, "depreciationAndAmortization": 5105000000, "ebitda": 49715000000, "ebitdaratio": 0.5112923463, "operatingIncome": 44610000000, "operatingIncomeRatio": 0.4587901351, "totalOtherIncomeExpensesNet": -17861000000, "incomeBeforeTax": 26749000000, "incomeBeforeTaxRatio": 0.2750992451, "incomeTaxExpense": 7773000000, "netIncome": 18976000000, "netIncomeRatio": 0.1951580723, "eps": 4.5, "epsdiluted": 4.48, "weightedAverageShsOut": 3900400000, "weightedAverageShsOutDil": 3920300000, "link": "https://www.sec.gov/Archives/edgar/data/19617/000001961712000163/0000019617-12-000163-index.html", "finalLink": "https://www.sec.gov/Archives/edgar/data/19617/000001961712000163/corp10k2011.htm", "calculatedOtherExpenses": 20444000000, "calculatedOperatingExpenses": 52624000000, "calculatedNetInterest": 47689000000, "calculatedOtherIncome": -65550000000, "calculatedIncomeNonControlling": 0, "calculatedEbitda": 49715000000}, {"date": "2010-12-31", "symbol": "JPM", "reportedCurrency": "USD", "cik": "0000019617", "fillingDate": "2011-02-28", "acceptedDate": "2011-02-28 16:27:50", "calendarYear": "2010", "period": "FY", "revenue": 102694000000, "costOfRevenue": 0, "grossProfit": 102694000000, "grossProfitRatio": 1, "researchAndDevelopmentExpenses": 0, "generalAndAdministrativeExpenses": 28124000000, "sellingAndMarketingExpenses": 2446000000, "sellingGeneralAndAdministrativeExpenses": 30570000000, "otherExpenses": 0, "operatingExpenses": -61025000000, "costAndExpenses": -61025000000, "interestIncome": 63782000000, "interestExpense": 12781000000, "depreciationAndAmortization": 4965000000, "ebitda": 46634000000, "ebitdaratio": 0.4541063743, "operatingIncome": 41669000000, "operatingIncomeRatio": 0.4057588564, "totalOtherIncomeExpensesNet": -16810000000, "incomeBeforeTax": 24859000000, "incomeBeforeTaxRatio": 0.24206867, "incomeTaxExpense": 7489000000, "netIncome": 17370000000, "netIncomeRatio": 0.16914328, "eps": 3.98, "epsdiluted": 3.96, "weightedAverageShsOut": 3956300000, "weightedAverageShsOutDil": 3976900000, "link": "https://www.sec.gov/Archives/edgar/data/19617/000095012311019773/y86143e10vk.htm", "finalLink": "https://www.sec.gov/Archives/edgar/data/19617/000095012311019773/y86143e10vk.htm", "calculatedOtherExpenses": 30455000000, "calculatedOperatingExpenses": 61025000000, "calculatedNetInterest": 51001000000, "calculatedOtherIncome": -67811000000, "calculatedIncomeNonControlling": 0, "calculatedEbitda": 46634000000}, {"date": "2009-12-31", "symbol": "JPM", "reportedCurrency": "USD", "cik": "0000019617", "fillingDate": "2010-02-24", "acceptedDate": "2010-02-24 06:19:22", "calendarYear": "2009", "period": "FY", "revenue": 100434000000, "costOfRevenue": 0, "grossProfit": 100434000000, "grossProfitRatio": 1, "researchAndDevelopmentExpenses": 0, "generalAndAdministrativeExpenses": 26928000000, "sellingAndMarketingExpenses": 1777000000, "sellingGeneralAndAdministrativeExpenses": 28705000000, "otherExpenses": 0, "operatingExpenses": -66310000000, "costAndExpenses": -66310000000, "interestIncome": 66350000000, "interestExpense": 15198000000, "depreciationAndAmortization": 4358000000, "ebitda": 37957000000, "ebitdaratio": 0.3779297847, "operatingIncome": 34124000000, "operatingIncomeRatio": 0.3397654181, "totalOtherIncomeExpensesNet": -18057000000, "incomeBeforeTax": 16067000000, "incomeBeforeTaxRatio": 0.1599757054, "incomeTaxExpense": 4415000000, "netIncome": 11728000000, "netIncomeRatio": 0.1167732043, "eps": 2.27, "epsdiluted": 2.26, "weightedAverageShsOut": 3862800000, "weightedAverageShsOutDil": 3879700000, "link": "https://www.sec.gov/Archives/edgar/data/19617/000095012310016029/0000950123-10-016029-index.html", "finalLink": "https://www.sec.gov/Archives/edgar/data/19617/000095012310016029/e82150e10vk.htm", "calculatedOtherExpenses": 37605000000, "calculatedOperatingExpenses": 66310000000, "calculatedNetInterest": 51152000000, "calculatedOtherIncome": -69209000000, "calculatedIncomeNonControlling": -76000000, "calculatedEbitda": 38482000000}, {"date": "2008-12-31", "symbol": "JPM", "reportedCurrency": "USD", "cik": "0000019617", "fillingDate": "2009-03-02", "acceptedDate": "2009-03-02 16:12:08", "calendarYear": "2008", "period": "FY", "revenue": 67252000000, "costOfRevenue": 0, "grossProfit": 67252000000, "grossProfitRatio": 1, "researchAndDevelopmentExpenses": 0, "generalAndAdministrativeExpenses": 22746000000, "sellingAndMarketingExpenses": 1913000000, "sellingGeneralAndAdministrativeExpenses": 24659000000, "otherExpenses": 0, "operatingExpenses": -25191000000, "costAndExpenses": -25191000000, "interestIncome": 73018000000, "interestExpense": 34239000000, "depreciationAndAmortization": 4528000000, "ebitda": 46467000000, "ebitdaratio": 0.6909385594, "operatingIncome": 42061000000, "operatingIncomeRatio": 0.6254237792, "totalOtherIncomeExpensesNet": -39288000000, "incomeBeforeTax": 2773000000, "incomeBeforeTaxRatio": 0.0412329745, "incomeTaxExpense": -926000000, "netIncome": 5605000000, "netIncomeRatio": 0.0833432463, "eps": 1.41, "epsdiluted": 1.37, "weightedAverageShsOut": 3501100000, "weightedAverageShsOutDil": 3604900000, "link": "https://www.sec.gov/Archives/edgar/data/19617/000095012309003840/0000950123-09-003840-index.html", "finalLink": "https://www.sec.gov/Archives/edgar/data/19617/000095012309003840/y74757e10vk.htm", "calculatedOtherExpenses": 532000000, "calculatedOperatingExpenses": 25191000000, "calculatedNetInterest": 38779000000, "calculatedOtherIncome": -78067000000, "calculatedIncomeNonControlling": -1906000000, "calculatedEbitda": 46589000000}, {"date": "2007-12-31", "symbol": "JPM", "reportedCurrency": "USD", "cik": "0000019617", "fillingDate": "2008-02-29", "acceptedDate": "2008-02-29 15:24:16", "calendarYear": "2007", "period": "FY", "revenue": 71372000000, "costOfRevenue": 0, "grossProfit": 71372000000, "grossProfitRatio": 1, "researchAndDevelopmentExpenses": 0, "generalAndAdministrativeExpenses": 22689000000, "sellingAndMarketingExpenses": 2070000000, "sellingGeneralAndAdministrativeExpenses": 24759000000, "otherExpenses": 0, "operatingExpenses": -3586000000, "costAndExpenses": -3586000000, "interestIncome": 71387000000, "interestExpense": 44981000000, "depreciationAndAmortization": 3821000000, "ebitda": 71607000000, "ebitdaratio": 1.0032926077, "operatingIncome": 67786000000, "operatingIncomeRatio": 0.9497562069, "totalOtherIncomeExpensesNet": -44981000000, "incomeBeforeTax": 22805000000, "incomeBeforeTaxRatio": 0.3195230623, "incomeTaxExpense": 7440000000, "netIncome": 15365000000, "netIncomeRatio": 0.2152805022, "eps": 4.51, "epsdiluted": 4.38, "weightedAverageShsOut": 3404000000, "weightedAverageShsOutDil": 3508000000, "link": "https://www.sec.gov/Archives/edgar/data/19617/000119312508043536/d10k.htm", "finalLink": "https://www.sec.gov/Archives/edgar/data/19617/000119312508043536/d10k.htm", "calculatedOtherExpenses": -21173000000, "calculatedOperatingExpenses": 3586000000, "calculatedNetInterest": 26406000000, "calculatedOtherIncome": -71387000000, "calculatedIncomeNonControlling": 0, "calculatedEbitda": 71607000000}, {"date": "2006-12-31", "symbol": "JPM", "reportedCurrency": "USD", "cik": "0000019617", "fillingDate": "2007-03-01", "acceptedDate": "2007-03-01 14:41:44", "calendarYear": "2006", "period": "FY", "revenue": 61999000000, "costOfRevenue": 0, "grossProfit": 61999000000, "grossProfitRatio": 1, "researchAndDevelopmentExpenses": 0, "generalAndAdministrativeExpenses": 21191000000, "sellingAndMarketingExpenses": 2209000000, "sellingGeneralAndAdministrativeExpenses": 23400000000, "otherExpenses": 0, "operatingExpenses": -2891000000, "costAndExpenses": -2891000000, "interestIncome": 59107000000, "interestExpense": 37865000000, "depreciationAndAmortization": 3577000000, "ebitda": 62123000000, "ebitdaratio": 1.0020000323, "operatingIncome": 58546000000, "operatingIncomeRatio": 0.9443055533, "totalOtherIncomeExpensesNet": -38660000000, "incomeBeforeTax": 19886000000, "incomeBeforeTaxRatio": 0.3207471088, "incomeTaxExpense": 6237000000, "netIncome": 14444000000, "netIncomeRatio": 0.2329714995, "eps": 4.16, "epsdiluted": 4.04, "weightedAverageShsOut": 3470000000, "weightedAverageShsOutDil": 3574000000, "link": "https://www.sec.gov/Archives/edgar/data/19617/000095012307003015/y30834e10vk.htm", "finalLink": "https://www.sec.gov/Archives/edgar/data/19617/000095012307003015/y30834e10vk.htm", "calculatedOtherExpenses": -19947000000, "calculatedOperatingExpenses": 3453000000, "calculatedNetInterest": 21242000000, "calculatedOtherIncome": -59902000000, "calculatedIncomeNonControlling": -795000000, "calculatedEbitda": 62123000000}, {"date": "2005-12-31", "symbol": "JPM", "reportedCurrency": "USD", "cik": "0000019617", "fillingDate": "2006-03-09", "acceptedDate": "2006-03-09 17:01:17", "calendarYear": "2005", "period": "FY", "revenue": 54248000000, "costOfRevenue": 0, "grossProfit": 54248000000, "grossProfitRatio": 1, "researchAndDevelopmentExpenses": 0, "generalAndAdministrativeExpenses": 18065000000, "sellingAndMarketingExpenses": 1917000000, "sellingGeneralAndAdministrativeExpenses": 19982000000, "otherExpenses": 0, "operatingExpenses": -16949000000, "costAndExpenses": -16949000000, "interestIncome": 45075000000, "interestExpense": 25520000000, "depreciationAndAmortization": 4318000000, "ebitda": 41902000000, "ebitdaratio": 0.7724155729, "operatingIncome": 37584000000, "operatingIncomeRatio": 0.6928181684, "totalOtherIncomeExpensesNet": -25369000000, "incomeBeforeTax": 12215000000, "incomeBeforeTaxRatio": 0.2251695915, "incomeTaxExpense": 3732000000, "netIncome": 8483000000, "netIncomeRatio": 0.1563744286, "eps": 2.43, "epsdiluted": 2.38, "weightedAverageShsOut": 3492000000, "weightedAverageShsOutDil": 3557000000, "link": "https://www.sec.gov/Archives/edgar/data/19617/000095012306002875/0000950123-06-002875-index.htm", "finalLink": "https://www.sec.gov/Archives/edgar/data/19617/000095012306002875/y17599e10vk.htm", "calculatedOtherExpenses": -3318000000, "calculatedOperatingExpenses": 16664000000, "calculatedNetInterest": 19555000000, "calculatedOtherIncome": -44924000000, "calculatedIncomeNonControlling": 0, "calculatedEbitda": 41902000000}, {"date": "2004-12-31", "symbol": "JPM", "reportedCurrency": "USD", "cik": "0000019617", "fillingDate": "2005-03-02", "acceptedDate": "2005-03-02 16:42:32", "calendarYear": "2004", "period": "FY", "revenue": 42372000000, "costOfRevenue": 0, "grossProfit": 42372000000, "grossProfitRatio": 1, "researchAndDevelopmentExpenses": 0, "generalAndAdministrativeExpenses": 14291000000, "sellingAndMarketingExpenses": 1335000000, "sellingGeneralAndAdministrativeExpenses": 15626000000, "otherExpenses": 0, "operatingExpenses": -23069000000, "costAndExpenses": -23069000000, "interestIncome": 30460000000, "interestExpense": 13933000000, "depreciationAndAmortization": 3835000000, "ebitda": 23863000000, "ebitdaratio": 0.5631785141, "operatingIncome": 20028000000, "operatingIncomeRatio": 0.4726706315, "totalOtherIncomeExpensesNet": -13834000000, "incomeBeforeTax": 6194000000, "incomeBeforeTaxRatio": 0.1461814406, "incomeTaxExpense": 1728000000, "netIncome": 4466000000, "netIncomeRatio": 0.1053997923, "eps": 1.59, "epsdiluted": 1.55, "weightedAverageShsOut": 2780000000, "weightedAverageShsOutDil": 2851000000, "link": "https://www.sec.gov/Archives/edgar/data/19617/000095012305002539/0000950123-05-002539-index.htm", "finalLink": "https://www.sec.gov/Archives/edgar/data/19617/000095012305002539/y05475e10vk.htm", "calculatedOtherExpenses": 6718000000, "calculatedOperatingExpenses": 22344000000, "calculatedNetInterest": 16527000000, "calculatedOtherIncome": -30361000000, "calculatedIncomeNonControlling": 0, "calculatedEbitda": 23863000000}, {"date": "2003-12-31", "symbol": "JPM", "reportedCurrency": "USD", "cik": "0000019617", "fillingDate": "2004-02-18", "acceptedDate": "2004-02-18 16:17:06", "calendarYear": "2003", "period": "FY", "revenue": 33256000000, "costOfRevenue": 0, "grossProfit": 33256000000, "grossProfitRatio": 1, "researchAndDevelopmentExpenses": 0, "generalAndAdministrativeExpenses": 11695000000, "sellingAndMarketingExpenses": 710000000, "sellingGeneralAndAdministrativeExpenses": 12405000000, "otherExpenses": 0, "operatingExpenses": -12121000000, "costAndExpenses": -12121000000, "interestIncome": 23444000000, "interestExpense": 11107000000, "depreciationAndAmortization": 3101000000, "ebitda": 24236000000, "ebitdaratio": 0.7287707481, "operatingIncome": 21135000000, "operatingIncomeRatio": 0.6355244166, "totalOtherIncomeExpensesNet": -11107000000, "incomeBeforeTax": 10028000000, "incomeBeforeTaxRatio": 0.3015395718, "incomeTaxExpense": 3309000000, "netIncome": 6719000000, "netIncomeRatio": 0.2020387299, "eps": 3.32, "epsdiluted": 3.24, "weightedAverageShsOut": 2009000000, "weightedAverageShsOutDil": 2055000000, "link": "https://www.sec.gov/Archives/edgar/data/19617/000095012304002022/0000950123-04-002022-index.htm", "finalLink": "https://www.sec.gov/Archives/edgar/data/19617/000095012304002022/y94051e10vk.htm", "calculatedOtherExpenses": -284000000, "calculatedOperatingExpenses": 12121000000, "calculatedNetInterest": 12337000000, "calculatedOtherIncome": -23444000000, "calculatedIncomeNonControlling": 0, "calculatedEbitda": 24236000000}, {"date": "2002-12-31", "symbol": "JPM", "reportedCurrency": "USD", "cik": "0000019617", "fillingDate": "2003-03-19", "acceptedDate": "2003-03-19 15:16:01", "calendarYear": "2002", "period": "FY", "revenue": 29614000000, "costOfRevenue": 0, "grossProfit": 29614000000, "grossProfitRatio": 1, "researchAndDevelopmentExpenses": 0, "generalAndAdministrativeExpenses": 10693000000, "sellingAndMarketingExpenses": 689000000, "sellingGeneralAndAdministrativeExpenses": 11382000000, "otherExpenses": 0, "operatingExpenses": -13337000000, "costAndExpenses": -13337000000, "interestIncome": 25936000000, "interestExpense": 13758000000, "depreciationAndAmortization": 3426000000, "ebitda": 19703000000, "ebitdaratio": 0.6653272101, "operatingIncome": 16277000000, "operatingIncomeRatio": 0.5496386844, "totalOtherIncomeExpensesNet": -13758000000, "incomeBeforeTax": 2519000000, "incomeBeforeTaxRatio": 0.0850611197, "incomeTaxExpense": 856000000, "netIncome": 1663000000, "netIncomeRatio": 0.0561558722, "eps": 0.81, "epsdiluted": 0.8, "weightedAverageShsOut": 1984000000, "weightedAverageShsOutDil": 2009000000, "link": "https://www.sec.gov/Archives/edgar/data/19617/000095012303002985/0000950123-03-002985-index.htm", "finalLink": "https://www.sec.gov/Archives/edgar/data/19617/000095012303002985/y83354e10vk.htm", "calculatedOtherExpenses": 1955000000, "calculatedOperatingExpenses": 13337000000, "calculatedNetInterest": 12178000000, "calculatedOtherIncome": -25936000000, "calculatedIncomeNonControlling": 0, "calculatedEbitda": 19703000000}, {"date": "2001-12-31", "symbol": "JPM", "reportedCurrency": "USD", "cik": "0000019617", "fillingDate": "2002-03-22", "acceptedDate": "2002-03-22 00:00:00", "calendarYear": "2001", "period": "FY", "revenue": 29050000000, "costOfRevenue": 0, "grossProfit": 29050000000, "grossProfitRatio": 1, "researchAndDevelopmentExpenses": 0, "generalAndAdministrativeExpenses": 11944000000, "sellingAndMarketingExpenses": 601000000, "sellingGeneralAndAdministrativeExpenses": 12545000000, "otherExpenses": 0, "operatingExpenses": -5130000000, "costAndExpenses": -5130000000, "interestIncome": 32181000000, "interestExpense": 21379000000, "depreciationAndAmortization": 2891000000, "ebitda": 26811000000, "ebitdaratio": 0.9229259897, "operatingIncome": 23920000000, "operatingIncomeRatio": 0.8234079174, "totalOtherIncomeExpensesNet": -21354000000, "incomeBeforeTax": 2566000000, "incomeBeforeTaxRatio": 0.0883304647, "incomeTaxExpense": 847000000, "netIncome": 1694000000, "netIncomeRatio": 0.058313253, "eps": 0.83, "epsdiluted": 0.8, "weightedAverageShsOut": 1972400000, "weightedAverageShsOutDil": 2023600000, "link": "https://www.sec.gov/Archives/edgar/data/19617/000095012302002823/0000950123-02-002823-index.htm", "finalLink": "https://www.sec.gov/Archives/edgar/data/19617/000095012302002823/y57010e10-k405.htm", "calculatedOtherExpenses": -7415000000, "calculatedOperatingExpenses": 5130000000, "calculatedNetInterest": 10802000000, "calculatedOtherIncome": -32156000000, "calculatedIncomeNonControlling": 25000000, "calculatedEbitda": 26811000000}, {"date": "2000-12-31", "symbol": "JPM", "reportedCurrency": "USD", "cik": "0000019617", "fillingDate": "2001-03-22", "acceptedDate": "2001-03-22 00:00:00", "calendarYear": "2000", "period": "FY", "revenue": 32934000000, "costOfRevenue": 0, "grossProfit": 32934000000, "grossProfitRatio": 1, "researchAndDevelopmentExpenses": 0, "generalAndAdministrativeExpenses": 12748000000, "sellingAndMarketingExpenses": 595000000, "sellingGeneralAndAdministrativeExpenses": 13343000000, "otherExpenses": 0, "operatingExpenses": 2930000000, "costAndExpenses": 2930000000, "interestIncome": 36643000000, "interestExpense": 27131000000, "depreciationAndAmortization": 2545000000, "ebitda": 38409000000, "ebitdaratio": 1.1662415741, "operatingIncome": 35864000000, "operatingIncomeRatio": 1.0889658104, "totalOtherIncomeExpensesNet": -27131000000, "incomeBeforeTax": 8733000000, "incomeBeforeTaxRatio": 0.265166697, "incomeTaxExpense": 3006000000, "netIncome": 5727000000, "netIncomeRatio": 0.173893241, "eps": 2.99, "epsdiluted": 2.86, "weightedAverageShsOut": 1884100000, "weightedAverageShsOutDil": 1969000000, "link": "https://www.sec.gov/Archives/edgar/data/19617/000095012301002499/0000950123-01-002499-index.htm", "finalLink": "https://www.sec.gov/Archives/edgar/data/19617/000095012301002499/y46253e10-k405.txt", "calculatedOtherExpenses": -16273000000, "calculatedOperatingExpenses": -2930000000, "calculatedNetInterest": 9512000000, "calculatedOtherIncome": -36643000000, "calculatedIncomeNonControlling": 0, "calculatedEbitda": 38409000000}, {"date": "1999-12-31", "symbol": "JPM", "reportedCurrency": "USD", "cik": "0000019617", "fillingDate": "2000-03-13", "acceptedDate": "2000-03-13 00:00:00", "calendarYear": "1999", "period": "FY", "revenue": 30930000000, "costOfRevenue": 0, "grossProfit": 30930000000, "grossProfitRatio": 1, "researchAndDevelopmentExpenses": 0, "generalAndAdministrativeExpenses": 10534000000, "sellingAndMarketingExpenses": 503000000, "sellingGeneralAndAdministrativeExpenses": 11037000000, "otherExpenses": 0, "operatingExpenses": -2349000000, "costAndExpenses": -2349000000, "interestIncome": 31207000000, "interestExpense": 20922000000, "depreciationAndAmortization": 1945000000, "ebitda": 21271000000, "ebitdaratio": 0.6877141933, "operatingIncome": 19868000000, "operatingIncomeRatio": 0.6423537019, "totalOtherIncomeExpensesNet": -11493000000, "incomeBeforeTax": 8375000000, "incomeBeforeTaxRatio": 0.2707727126, "incomeTaxExpense": 2929000000, "netIncome": 5446000000, "netIncomeRatio": 0.1760750081, "eps": 4.38, "epsdiluted": 4.24, "weightedAverageShsOut": 1243200000, "weightedAverageShsOutDil": 1285500000, "link": "https://www.sec.gov/Archives/edgar/data/19617/000095012300002204/0000950123-00-002204-index.htm", "finalLink": "https://www.sec.gov/Archives/edgar/data/19617/000095012300002204/0000950123-00-002204.txt", "calculatedOtherExpenses": 25000000, "calculatedOperatingExpenses": 11062000000, "calculatedNetInterest": 10285000000, "calculatedOtherIncome": -21778000000, "calculatedIncomeNonControlling": 0, "calculatedEbitda": 21813000000}, {"date": "1998-12-31", "symbol": "JPM", "reportedCurrency": "USD", "cik": "0000019617", "fillingDate": "1999-03-11", "acceptedDate": "1999-03-11 00:00:00", "calendarYear": "1998", "period": "FY", "revenue": 18656000000, "costOfRevenue": 0, "grossProfit": 18656000000, "grossProfitRatio": 1, "researchAndDevelopmentExpenses": 0, "generalAndAdministrativeExpenses": 5879000000, "sellingAndMarketingExpenses": 0, "sellingGeneralAndAdministrativeExpenses": 5879000000, "otherExpenses": 0, "operatingExpenses": 786000000, "costAndExpenses": 786000000, "interestIncome": 22289000000, "interestExpense": 13723000000, "depreciationAndAmortization": 1170000000, "ebitda": 20823000000, "ebitdaratio": 1.1161556604, "operatingIncome": 19653000000, "operatingIncomeRatio": 1.0534412521, "totalOtherIncomeExpensesNet": -13723000000, "incomeBeforeTax": 5930000000, "incomeBeforeTaxRatio": 0.3178602058, "incomeTaxExpense": 2148000000, "netIncome": 3782000000, "netIncomeRatio": 0.2027229846, "eps": 2.9, "epsdiluted": 2.83, "weightedAverageShsOut": 1269150000, "weightedAverageShsOutDil": 1303950000, "link": "https://www.sec.gov/Archives/edgar/data/19617/000095012399002057/0000950123-99-002057-index.htm", "finalLink": "https://www.sec.gov/Archives/edgar/data/19617/000095012399002057/", "calculatedOtherExpenses": -6876000000, "calculatedOperatingExpenses": -997000000, "calculatedNetInterest": 8566000000, "calculatedOtherIncome": -22289000000, "calculatedIncomeNonControlling": 0, "calculatedEbitda": 20823000000}, {"date": "1997-12-31", "symbol": "JPM", "reportedCurrency": "USD", "cik": "0000019617", "fillingDate": "1998-03-30", "acceptedDate": "1998-03-30 00:00:00", "calendarYear": "1997", "period": "FY", "revenue": 16808000000, "costOfRevenue": 0, "grossProfit": 16808000000, "grossProfitRatio": 1, "researchAndDevelopmentExpenses": 0, "generalAndAdministrativeExpenses": 5437000000, "sellingAndMarketingExpenses": 0, "sellingGeneralAndAdministrativeExpenses": 5437000000, "otherExpenses": 0, "operatingExpenses": 2725000000, "costAndExpenses": 2725000000, "interestIncome": 21851000000, "interestExpense": 13598000000, "depreciationAndAmortization": 951000000, "ebitda": 20459000000, "ebitdaratio": 1.2172179914, "operatingIncome": 19508000000, "operatingIncomeRatio": 1.1606377915, "totalOtherIncomeExpensesNet": -13598000000, "incomeBeforeTax": 5910000000, "incomeBeforeTaxRatio": 0.351618277, "incomeTaxExpense": 2202000000, "netIncome": 3708000000, "netIncomeRatio": 0.2206092337, "eps": 2.77, "epsdiluted": 2.68, "weightedAverageShsOut": 1273800000, "weightedAverageShsOutDil": 1317600000, "link": "https://www.sec.gov/Archives/edgar/data/19617/000095012398003043/0000950123-98-003043-index.htm", "finalLink": "https://www.sec.gov/Archives/edgar/data/19617/000095012398003043/", "calculatedOtherExpenses": -8137000000, "calculatedOperatingExpenses": -2700000000, "calculatedNetInterest": 8253000000, "calculatedOtherIncome": -21851000000, "calculatedIncomeNonControlling": 0, "calculatedEbitda": 20459000000}, {"date": "1996-12-31", "symbol": "JPM", "reportedCurrency": "USD", "cik": "0000019617", "fillingDate": "1997-03-25", "acceptedDate": "1997-03-25 00:00:00", "calendarYear": "1996", "period": "FY", "revenue": 15875000000, "costOfRevenue": 0, "grossProfit": 15875000000, "grossProfitRatio": 1, "researchAndDevelopmentExpenses": 0, "generalAndAdministrativeExpenses": 5158000000, "sellingAndMarketingExpenses": 0, "sellingGeneralAndAdministrativeExpenses": 5158000000, "otherExpenses": 0, "operatingExpenses": -472000000, "costAndExpenses": -472000000, "interestIncome": 19900000000, "interestExpense": 11569000000, "depreciationAndAmortization": 869000000, "ebitda": 16249000000, "ebitdaratio": 1.0235590551, "operatingIncome": 15380000000, "operatingIncomeRatio": 0.9688188976, "totalOtherIncomeExpensesNet": -11569000000, "incomeBeforeTax": 3811000000, "incomeBeforeTaxRatio": 0.2400629921, "incomeTaxExpense": 1350000000, "netIncome": 2461000000, "netIncomeRatio": 0.155023622, "eps": 1.67, "epsdiluted": 1.65, "weightedAverageShsOut": 1339200000, "weightedAverageShsOutDil": 1360200000, "link": "https://www.sec.gov/Archives/edgar/data/19617/000095012397002412/0000950123-97-002412-index.htm", "finalLink": "https://www.sec.gov/Archives/edgar/data/19617/0000950123-97-002412.txt", "calculatedOtherExpenses": -4663000000, "calculatedOperatingExpenses": 495000000, "calculatedNetInterest": 8331000000, "calculatedOtherIncome": -19900000000, "calculatedIncomeNonControlling": 0, "calculatedEbitda": 16249000000}, {"date": "1995-12-31", "symbol": "JPM", "reportedCurrency": "USD", "cik": "0000019617", "fillingDate": "1996-03-20", "acceptedDate": "1996-03-20 00:00:00", "calendarYear": "1995", "period": "FY", "revenue": 14960000000, "costOfRevenue": 0, "grossProfit": 14960000000, "grossProfitRatio": 1, "researchAndDevelopmentExpenses": 0, "generalAndAdministrativeExpenses": 5107000000, "sellingAndMarketingExpenses": 0, "sellingGeneralAndAdministrativeExpenses": 5107000000, "otherExpenses": 0, "operatingExpenses": 939000000, "costAndExpenses": 939000000, "interestIncome": 19531000000, "interestExpense": 11408000000, "depreciationAndAmortization": 866000000, "ebitda": 9760000000, "ebitdaratio": 0.6524064171, "operatingIncome": 9394000000, "operatingIncomeRatio": 0.6279411765, "totalOtherIncomeExpensesNet": -6418000000, "incomeBeforeTax": 2976000000, "incomeBeforeTaxRatio": 0.1989304813, "incomeTaxExpense": 1160000000, "netIncome": 1805000000, "netIncomeRatio": 0.1206550802, "eps": 2.38, "epsdiluted": 2.28, "weightedAverageShsOut": 757800000, "weightedAverageShsOutDil": 791400000, "link": "https://www.sec.gov/Archives/edgar/data/19617/000095012396001197/0000950123-96-001197-index.htm", "finalLink": "https://www.sec.gov/Archives/edgar/data/19617/000095012396001197/", "calculatedOtherExpenses": 459000000, "calculatedOperatingExpenses": 5566000000, "calculatedNetInterest": 8123000000, "calculatedOtherIncome": -14541000000, "calculatedIncomeNonControlling": 11000000, "calculatedEbitda": 10260000000}, {"date": "1994-12-31", "symbol": "JPM", "reportedCurrency": "USD", "cik": "0000019617", "fillingDate": "1995-03-27", "acceptedDate": "1995-03-27 00:00:00", "calendarYear": "1994", "period": "FY", "revenue": 8271000000, "costOfRevenue": 0, "grossProfit": 8271000000, "grossProfitRatio": 1, "researchAndDevelopmentExpenses": 0, "generalAndAdministrativeExpenses": 2644000000, "sellingAndMarketingExpenses": 0, "sellingGeneralAndAdministrativeExpenses": 2644000000, "otherExpenses": 0, "operatingExpenses": -1645000000, "costAndExpenses": -1645000000, "interestIncome": 9088000000, "interestExpense": 4414000000, "depreciationAndAmortization": 377000000, "ebitda": 7003000000, "ebitdaratio": 0.8466932656, "operatingIncome": 6626000000, "operatingIncomeRatio": 0.8011123202, "totalOtherIncomeExpensesNet": -4414000000, "incomeBeforeTax": 2212000000, "incomeBeforeTaxRatio": 0.2674404546, "incomeTaxExpense": 918000000, "netIncome": 1294000000, "netIncomeRatio": 0.1564502479, "eps": 1.55, "epsdiluted": 1.55, "weightedAverageShsOut": 747900000, "weightedAverageShsOutDil": 760447761, "link": "https://www.sec.gov/Archives/edgar/data/19617/000095012395000706/0000950123-95-000706-index.htm", "finalLink": "https://www.sec.gov/Archives/edgar/data/19617/000095012395000706/", "calculatedOtherExpenses": -999000000, "calculatedOperatingExpenses": 1645000000, "calculatedNetInterest": 4674000000, "calculatedOtherIncome": -9088000000, "calculatedIncomeNonControlling": 0, "calculatedEbitda": 7003000000}, {"date": "1993-12-31", "symbol": "JPM", "reportedCurrency": "USD", "cik": "0000019617", "fillingDate": "1994-03-25", "acceptedDate": "1994-03-25 00:00:00", "calendarYear": "1993", "period": "FY", "revenue": 8660000000, "costOfRevenue": 0, "grossProfit": 8660000000, "grossProfitRatio": 1, "researchAndDevelopmentExpenses": 0, "generalAndAdministrativeExpenses": 2466000000, "sellingAndMarketingExpenses": 0, "sellingGeneralAndAdministrativeExpenses": 2466000000, "otherExpenses": 0, "operatingExpenses": -2750000000, "costAndExpenses": -2750000000, "interestIncome": 8403000000, "interestExpense": 3767000000, "depreciationAndAmortization": 333000000, "ebitda": 6243000000, "ebitdaratio": 0.7209006928, "operatingIncome": 5910000000, "operatingIncomeRatio": 0.682448037, "totalOtherIncomeExpensesNet": -3802000000, "incomeBeforeTax": 2108000000, "incomeBeforeTaxRatio": 0.2434180139, "incomeTaxExpense": 539000000, "netIncome": 1604000000, "netIncomeRatio": 0.1852193995, "eps": 1.92, "epsdiluted": 1.92, "weightedAverageShsOut": 753600000, "weightedAverageShsOutDil": 753600000, "link": "https://www.sec.gov/Archives/edgar/data/19617/000095012394000607/0000950123-94-000607-index.htm", "finalLink": "https://www.sec.gov/Archives/edgar/data/19617/0000950123-94-000607.txt", "calculatedOtherExpenses": 284000000, "calculatedOperatingExpenses": 2750000000, "calculatedNetInterest": 4636000000, "calculatedOtherIncome": -8438000000, "calculatedIncomeNonControlling": -35000000, "calculatedEbitda": 6243000000}, {"date": "1992-12-31", "symbol": "JPM", "reportedCurrency": "USD", "cik": "0000019617", "fillingDate": "1992-12-31", "acceptedDate": "1992-12-30 19:00:00", "calendarYear": "1992", "period": "FY", "revenue": 7624000000, "costOfRevenue": 0, "grossProfit": 7624000000, "grossProfitRatio": 1, "researchAndDevelopmentExpenses": 0, "generalAndAdministrativeExpenses": 2349000000, "sellingAndMarketingExpenses": 0, "sellingGeneralAndAdministrativeExpenses": 2349000000, "otherExpenses": 0, "operatingExpenses": -1745000000, "costAndExpenses": -1745000000, "interestIncome": 9148000000, "interestExpense": 4550000000, "depreciationAndAmortization": 319000000, "ebitda": 6198000000, "ebitdaratio": 0.8129590766, "operatingIncome": 5879000000, "operatingIncomeRatio": 0.7711175236, "totalOtherIncomeExpensesNet": -4550000000, "incomeBeforeTax": 1329000000, "incomeBeforeTaxRatio": 0.1743179433, "incomeTaxExpense": 243000000, "netIncome": 1086000000, "netIncomeRatio": 0.1424449108, "eps": 1.3, "epsdiluted": 1.3, "weightedAverageShsOut": 717692308, "weightedAverageShsOutDil": 717692308, "link": "", "finalLink": "", "calculatedOtherExpenses": -604000000, "calculatedOperatingExpenses": 1745000000, "calculatedNetInterest": 4598000000, "calculatedOtherIncome": -9148000000, "calculatedIncomeNonControlling": 0, "calculatedEbitda": 6198000000}, {"date": "1991-12-31", "symbol": "JPM", "reportedCurrency": "USD", "cik": "0000019617", "fillingDate": "1991-12-31", "acceptedDate": "1991-12-30 19:00:00", "calendarYear": "1991", "period": "FY", "revenue": 6959000000, "costOfRevenue": 0, "grossProfit": 6959000000, "grossProfitRatio": 1, "researchAndDevelopmentExpenses": 0, "generalAndAdministrativeExpenses": 2369000000, "sellingAndMarketingExpenses": 0, "sellingGeneralAndAdministrativeExpenses": 2369000000, "otherExpenses": 0, "operatingExpenses": 500000000, "costAndExpenses": 500000000, "interestIncome": 11282000000, "interestExpense": 7169000000, "depreciationAndAmortization": 192000000, "ebitda": 7651000000, "ebitdaratio": 1.0994395747, "operatingIncome": 7459000000, "operatingIncomeRatio": 1.0718494036, "totalOtherIncomeExpensesNet": -7169000000, "incomeBeforeTax": 290000000, "incomeBeforeTaxRatio": 0.0416726541, "incomeTaxExpense": 136000000, "netIncome": 154000000, "netIncomeRatio": 0.0221296163, "eps": 0.04, "epsdiluted": 0.04, "weightedAverageShsOut": 500000000, "weightedAverageShsOutDil": 500000000, "link": "", "finalLink": "", "calculatedOtherExpenses": -2869000000, "calculatedOperatingExpenses": -500000000, "calculatedNetInterest": 4113000000, "calculatedOtherIncome": -11282000000, "calculatedIncomeNonControlling": 0, "calculatedEbitda": 7651000000}, {"date": "1990-12-31", "symbol": "JPM", "reportedCurrency": "USD", "cik": "0000019617", "fillingDate": "1990-12-31", "acceptedDate": "1990-12-30 19:00:00", "calendarYear": "1990", "period": "FY", "revenue": 3506600000, "costOfRevenue": 0, "grossProfit": 3506600000, "grossProfitRatio": 1, "researchAndDevelopmentExpenses": 0, "generalAndAdministrativeExpenses": 1335300000, "sellingAndMarketingExpenses": 0, "sellingGeneralAndAdministrativeExpenses": 1335300000, "otherExpenses": 0, "operatingExpenses": 1299700000, "costAndExpenses": 1299700000, "interestIncome": 6511000000, "interestExpense": 4459900000, "depreciationAndAmortization": 236000000, "ebitda": 5042300000, "ebitdaratio": 1.4379455883, "operatingIncome": 4806300000, "operatingIncomeRatio": 1.3706439286, "totalOtherIncomeExpensesNet": -4459900000, "incomeBeforeTax": 346400000, "incomeBeforeTaxRatio": 0.098785148, "incomeTaxExpense": 55200000, "netIncome": 291200000, "netIncomeRatio": 0.0830434039, "eps": 0.79, "epsdiluted": 0.79, "weightedAverageShsOut": 269873418, "weightedAverageShsOutDil": 269873418, "link": "", "finalLink": "", "calculatedOtherExpenses": -2635000000, "calculatedOperatingExpenses": -1299700000, "calculatedNetInterest": 2051100000, "calculatedOtherIncome": -6511000000, "calculatedIncomeNonControlling": 0, "calculatedEbitda": 5042300000}, {"date": "1989-12-31", "symbol": "JPM", "reportedCurrency": "USD", "cik": "0000019617", "fillingDate": "1989-12-31", "acceptedDate": "1989-12-30 19:00:00", "calendarYear": "1989", "period": "FY", "revenue": 3420900000, "costOfRevenue": 0, "grossProfit": 3420900000, "grossProfitRatio": 1, "researchAndDevelopmentExpenses": 0, "generalAndAdministrativeExpenses": 1355900000, "sellingAndMarketingExpenses": 0, "sellingGeneralAndAdministrativeExpenses": 1355900000, "otherExpenses": 0, "operatingExpenses": 931400000, "costAndExpenses": 931400000, "interestIncome": 6823100000, "interestExpense": 4806200000, "depreciationAndAmortization": 209000000, "ebitda": 4561300000, "ebitdaratio": 1.3333625654, "operatingIncome": 4352300000, "operatingIncomeRatio": 1.2722675319, "totalOtherIncomeExpensesNet": -4806200000, "incomeBeforeTax": -453900000, "incomeBeforeTaxRatio": -0.1326843813, "incomeTaxExpense": 28300000, "netIncome": -482200000, "netIncomeRatio": -0.1409570581, "eps": -1.4, "epsdiluted": -1.4, "weightedAverageShsOut": 345358321, "weightedAverageShsOutDil": 345358321, "link": "", "finalLink": "", "calculatedOtherExpenses": -2287300000, "calculatedOperatingExpenses": -931400000, "calculatedNetInterest": 2016900000, "calculatedOtherIncome": -6823100000, "calculatedIncomeNonControlling": 0, "calculatedEbitda": 4561300000}, {"date": "1988-12-31", "symbol": "JPM", "reportedCurrency": "USD", "cik": "0000019617", "fillingDate": "1988-12-31", "acceptedDate": "1988-12-30 19:00:00", "calendarYear": "1988", "period": "FY", "revenue": 0, "costOfRevenue": 0, "grossProfit": 0, "grossProfitRatio": 0, "researchAndDevelopmentExpenses": 0, "generalAndAdministrativeExpenses": 0, "sellingAndMarketingExpenses": 0, "sellingGeneralAndAdministrativeExpenses": 0, "otherExpenses": 753600000, "operatingExpenses": 753600000, "costAndExpenses": 753600000, "interestIncome": 0, "interestExpense": 0, "depreciationAndAmortization": 0, "ebitda": 753600000, "ebitdaratio": 0, "operatingIncome": 753600000, "operatingIncomeRatio": 0, "totalOtherIncomeExpensesNet": 0, "incomeBeforeTax": 0, "incomeBeforeTaxRatio": 0, "incomeTaxExpense": -753600000, "netIncome": 753600000, "netIncomeRatio": 0, "eps": 2.57, "epsdiluted": 2.57, "weightedAverageShsOut": 293334333, "weightedAverageShsOutDil": 293334333, "link": "", "finalLink": "", "calculatedOtherExpenses": -753600000, "calculatedOperatingExpenses": -753600000, "calculatedNetInterest": 0, "calculatedOtherIncome": -753600000, "calculatedIncomeNonControlling": 0, "calculatedEbitda": 753600000}, {"date": "1987-12-31", "symbol": "JPM", "reportedCurrency": "USD", "cik": "0000019617", "fillingDate": "1987-12-31", "acceptedDate": "1987-12-30 19:00:00", "calendarYear": "1987", "period": "FY", "revenue": 0, "costOfRevenue": 0, "grossProfit": 0, "grossProfitRatio": 0, "researchAndDevelopmentExpenses": 0, "generalAndAdministrativeExpenses": 0, "sellingAndMarketingExpenses": 0, "sellingGeneralAndAdministrativeExpenses": 0, "otherExpenses": -853700000, "operatingExpenses": -853700000, "costAndExpenses": -853700000, "interestIncome": 0, "interestExpense": 0, "depreciationAndAmortization": 0, "ebitda": -853700000, "ebitdaratio": 0, "operatingIncome": -853700000, "operatingIncomeRatio": 0, "totalOtherIncomeExpensesNet": 0, "incomeBeforeTax": 0, "incomeBeforeTaxRatio": 0, "incomeTaxExpense": 853700000, "netIncome": -853700000, "netIncomeRatio": 0, "eps": -3.21, "epsdiluted": -3.21, "weightedAverageShsOut": 265556222, "weightedAverageShsOutDil": 265556222, "link": "", "finalLink": "", "calculatedOtherExpenses": 853700000, "calculatedOperatingExpenses": 853700000, "calculatedNetInterest": 0, "calculatedOtherIncome": 853700000, "calculatedIncomeNonControlling": 0, "calculatedEbitda": -853700000}, {"date": "1986-12-31", "symbol": "JPM", "reportedCurrency": "USD", "cik": "0000019617", "fillingDate": "1986-12-31", "acceptedDate": "1986-12-30 19:00:00", "calendarYear": "1986", "period": "FY", "revenue": 0, "costOfRevenue": 0, "grossProfit": 0, "grossProfitRatio": 0, "researchAndDevelopmentExpenses": 0, "generalAndAdministrativeExpenses": 0, "sellingAndMarketingExpenses": 0, "sellingGeneralAndAdministrativeExpenses": 0, "otherExpenses": 402400000, "operatingExpenses": 402400000, "costAndExpenses": 402400000, "interestIncome": 0, "interestExpense": 0, "depreciationAndAmortization": 0, "ebitda": 402400000, "ebitdaratio": 0, "operatingIncome": 402400000, "operatingIncomeRatio": 0, "totalOtherIncomeExpensesNet": 0, "incomeBeforeTax": 0, "incomeBeforeTaxRatio": 0, "incomeTaxExpense": -402400000, "netIncome": 402400000, "netIncomeRatio": 0, "eps": 2.71, "epsdiluted": 2.64, "weightedAverageShsOut": 148537549, "weightedAverageShsOutDil": 152145749, "link": "", "finalLink": "", "calculatedOtherExpenses": -402400000, "calculatedOperatingExpenses": -402400000, "calculatedNetInterest": 0, "calculatedOtherIncome": -402400000, "calculatedIncomeNonControlling": 0, "calculatedEbitda": 402400000}, {"date": "1985-12-31", "symbol": "JPM", "reportedCurrency": "USD", "cik": "0000019617", "fillingDate": "1985-12-31", "acceptedDate": "1985-12-30 19:00:00", "calendarYear": "1985", "period": "FY", "revenue": 0, "costOfRevenue": 0, "grossProfit": 0, "grossProfitRatio": 0, "researchAndDevelopmentExpenses": 0, "generalAndAdministrativeExpenses": 0, "sellingAndMarketingExpenses": 0, "sellingGeneralAndAdministrativeExpenses": 0, "otherExpenses": 390200000, "operatingExpenses": 390200000, "costAndExpenses": 390200000, "interestIncome": 0, "interestExpense": 0, "depreciationAndAmortization": 0, "ebitda": 390200000, "ebitdaratio": 0, "operatingIncome": 390200000, "operatingIncomeRatio": 0, "totalOtherIncomeExpensesNet": 0, "incomeBeforeTax": 0, "incomeBeforeTaxRatio": 0, "incomeTaxExpense": -390200000, "netIncome": 390200000, "netIncomeRatio": 0, "eps": 2.7, "epsdiluted": 2.63, "weightedAverageShsOut": 144775510, "weightedAverageShsOutDil": 148410042, "link": "", "finalLink": "", "calculatedOtherExpenses": -390200000, "calculatedOperatingExpenses": -390200000, "calculatedNetInterest": 0, "calculatedOtherIncome": -390200000, "calculatedIncomeNonControlling": 0, "calculatedEbitda": 390200000}]}