{"originalCurrency": "USD", "convertedCurrency": "USD", "report": [{"date": "2023-12-31", "symbol": "JSM", "reportedCurrency": "USD", "cik": "0001593538", "fillingDate": "2024-02-26", "acceptedDate": "2024-02-26 16:10:10", "calendarYear": "2023", "period": "FY", "revenue": 1156000000, "costOfRevenue": 800000000, "grossProfit": 356000000, "grossProfitRatio": 0.3079584775, "researchAndDevelopmentExpenses": 0, "generalAndAdministrativeExpenses": 0, "sellingAndMarketingExpenses": 0, "sellingGeneralAndAdministrativeExpenses": 401000000, "otherExpenses": 800000000, "operatingExpenses": 843000000, "costAndExpenses": 843000000, "interestIncome": 0, "interestExpense": 3557000000, "depreciationAndAmortization": -346000000, "ebitda": -33000000, "ebitdaratio": -0.0285467128, "operatingIncome": 346000000, "operatingIncomeRatio": 0.2993079585, "totalOtherIncomeExpensesNet": -33000000, "incomeBeforeTax": 313000000, "incomeBeforeTaxRatio": 0.2707612457, "incomeTaxExpense": 85000000, "netIncome": 228000000, "netIncomeRatio": 0.1972318339, "eps": 1.85, "epsdiluted": 1.85, "weightedAverageShsOut": 123243243, "weightedAverageShsOutDil": 123000000, "link": "https://www.sec.gov/Archives/edgar/data/1593538/000095017024020149/0000950170-24-020149-index.htm", "finalLink": "https://www.sec.gov/Archives/edgar/data/1593538/000095017024020149/navi-20231231.htm", "calculatedOtherExpenses": -391000000, "calculatedOperatingExpenses": 10000000, "calculatedNetInterest": -3557000000, "calculatedOtherIncome": 3524000000, "calculatedIncomeNonControlling": 0, "calculatedEbitda": 0}, {"date": "2022-12-31", "symbol": "JSM", "reportedCurrency": "USD", "cik": "0001593538", "fillingDate": "2023-02-24", "acceptedDate": "2023-02-24 16:09:05", "calendarYear": "2022", "period": "FY", "revenue": 3223000000, "costOfRevenue": 444000000, "grossProfit": 2779000000, "grossProfitRatio": 0.8622401489, "researchAndDevelopmentExpenses": 0, "generalAndAdministrativeExpenses": 0, "sellingAndMarketingExpenses": 0, "sellingGeneralAndAdministrativeExpenses": 444000000, "otherExpenses": 776000000, "operatingExpenses": 776000000, "costAndExpenses": 1220000000, "interestIncome": 3223000000, "interestExpense": 2102000000, "depreciationAndAmortization": 19000000, "ebitda": 2948000000, "ebitdaratio": 0.9146757679, "operatingIncome": 2929000000, "operatingIncomeRatio": 0.9087806392, "totalOtherIncomeExpensesNet": -2102000000, "incomeBeforeTax": 827000000, "incomeBeforeTaxRatio": 0.2565932361, "incomeTaxExpense": 182000000, "netIncome": 645000000, "netIncomeRatio": 0.200124108, "eps": 4.49, "epsdiluted": 4.48, "weightedAverageShsOut": 143652561, "weightedAverageShsOutDil": 144000000, "link": "https://www.sec.gov/Archives/edgar/data/1593538/000095017023004376/0000950170-23-004376-index.htm", "finalLink": "https://www.sec.gov/Archives/edgar/data/1593538/000095017023004376/navi-20221231.htm", "calculatedOtherExpenses": -594000000, "calculatedOperatingExpenses": -150000000, "calculatedNetInterest": 1121000000, "calculatedOtherIncome": -3223000000, "calculatedIncomeNonControlling": 0, "calculatedEbitda": 2948000000}, {"date": "2021-12-31", "symbol": "JSM", "reportedCurrency": "USD", "cik": "0001593538", "fillingDate": "2022-02-25", "acceptedDate": "2022-02-25 16:26:56", "calendarYear": "2021", "period": "FY", "revenue": 2648000000, "costOfRevenue": 1207000000, "grossProfit": 1441000000, "grossProfitRatio": 0.54418429, "researchAndDevelopmentExpenses": 0, "generalAndAdministrativeExpenses": 0, "sellingAndMarketingExpenses": 0, "sellingGeneralAndAdministrativeExpenses": 569000000, "otherExpenses": 1207000000, "operatingExpenses": 1207000000, "costAndExpenses": 1207000000, "interestIncome": 0, "interestExpense": 1316000000, "depreciationAndAmortization": 30000000, "ebitda": 2282000000, "ebitdaratio": 0.8617824773, "operatingIncome": 2252000000, "operatingIncomeRatio": 0.8504531722, "totalOtherIncomeExpensesNet": -1316000000, "incomeBeforeTax": 936000000, "incomeBeforeTaxRatio": 0.3534743202, "incomeTaxExpense": 219000000, "netIncome": 717000000, "netIncomeRatio": 0.2707703927, "eps": 4.18, "epsdiluted": 4.17, "weightedAverageShsOut": 171531100, "weightedAverageShsOutDil": 172000000, "link": "https://www.sec.gov/Archives/edgar/data/1593538/000156459022007182/0001564590-22-007182-index.htm", "finalLink": "https://www.sec.gov/Archives/edgar/data/1593538/000156459022007182/navi-10k_20211231.htm", "calculatedOtherExpenses": -1380000000, "calculatedOperatingExpenses": -811000000, "calculatedNetInterest": -1316000000, "calculatedOtherIncome": 0, "calculatedIncomeNonControlling": 0, "calculatedEbitda": 2282000000}, {"date": "2020-12-31", "symbol": "JSM", "reportedCurrency": "USD", "cik": "0001593538", "fillingDate": "2021-02-26", "acceptedDate": "2021-02-26 16:16:59", "calendarYear": "2020", "period": "FY", "revenue": 3298000000, "costOfRevenue": 964000000, "grossProfit": 2334000000, "grossProfitRatio": 0.7077016374, "researchAndDevelopmentExpenses": 0, "generalAndAdministrativeExpenses": 0, "sellingAndMarketingExpenses": 0, "sellingGeneralAndAdministrativeExpenses": 497000000, "otherExpenses": 964000000, "operatingExpenses": 964000000, "costAndExpenses": 1928000000, "interestIncome": 0, "interestExpense": 2046000000, "depreciationAndAmortization": -547000000, "ebitda": 1370000000, "ebitdaratio": 0.4154032747, "operatingIncome": 1370000000, "operatingIncomeRatio": 0.4154032747, "totalOtherIncomeExpensesNet": -838000000, "incomeBeforeTax": 532000000, "incomeBeforeTaxRatio": 0.1613098848, "incomeTaxExpense": 120000000, "netIncome": 412000000, "netIncomeRatio": 0.1249241965, "eps": 2.12, "epsdiluted": 2.11, "weightedAverageShsOut": 194339622, "weightedAverageShsOutDil": 195000000, "link": "https://www.sec.gov/Archives/edgar/data/1593538/000156459021009436/0001564590-21-009436-index.htm", "finalLink": "https://www.sec.gov/Archives/edgar/data/1593538/000156459021009436/navi-10k_20201231.htm", "calculatedOtherExpenses": 467000000, "calculatedOperatingExpenses": 964000000, "calculatedNetInterest": -2046000000, "calculatedOtherIncome": 1208000000, "calculatedIncomeNonControlling": 0, "calculatedEbitda": 823000000}, {"date": "2019-12-31", "symbol": "JSM", "reportedCurrency": "USD", "cik": "0001593538", "fillingDate": "2020-02-27", "acceptedDate": "2020-02-27 17:05:04", "calendarYear": "2019", "period": "FY", "revenue": 4673000000, "costOfRevenue": 984000000, "grossProfit": 3689000000, "grossProfitRatio": 0.7894286326, "researchAndDevelopmentExpenses": 0, "generalAndAdministrativeExpenses": 0, "sellingAndMarketingExpenses": 0, "sellingGeneralAndAdministrativeExpenses": 488000000, "otherExpenses": 984000000, "operatingExpenses": 984000000, "costAndExpenses": 1968000000, "interestIncome": 0, "interestExpense": 3488000000, "depreciationAndAmortization": -724000000, "ebitda": 2705000000, "ebitdaratio": 0.5788572651, "operatingIncome": 2705000000, "operatingIncomeRatio": 0.5788572651, "totalOtherIncomeExpensesNet": -1942000000, "incomeBeforeTax": 763000000, "incomeBeforeTaxRatio": 0.1632784079, "incomeTaxExpense": 166000000, "netIncome": 597000000, "netIncomeRatio": 0.1277551894, "eps": 2.56, "epsdiluted": 2.56, "weightedAverageShsOut": 233000000, "weightedAverageShsOutDil": 233000000, "link": "https://www.sec.gov/Archives/edgar/data/1593538/000156459020007457/0001564590-20-007457-index.htm", "finalLink": "https://www.sec.gov/Archives/edgar/data/1593538/000156459020007457/navi-10k_20191231.htm", "calculatedOtherExpenses": 496000000, "calculatedOperatingExpenses": 984000000, "calculatedNetInterest": -3488000000, "calculatedOtherIncome": 1546000000, "calculatedIncomeNonControlling": 0, "calculatedEbitda": 1981000000}, {"date": "2018-12-31", "symbol": "JSM", "reportedCurrency": "USD", "cik": "0001593538", "fillingDate": "2019-02-26", "acceptedDate": "2019-02-25 21:05:30", "calendarYear": "2018", "period": "FY", "revenue": 4908000000, "costOfRevenue": 984000000, "grossProfit": 3924000000, "grossProfitRatio": 0.7995110024, "researchAndDevelopmentExpenses": 0, "generalAndAdministrativeExpenses": 0, "sellingAndMarketingExpenses": 0, "sellingGeneralAndAdministrativeExpenses": 0, "otherExpenses": 984000000, "operatingExpenses": 984000000, "costAndExpenses": 1968000000, "interestIncome": 0, "interestExpense": 3668000000, "depreciationAndAmortization": 0, "ebitda": 2940000000, "ebitdaratio": 0.5990220049, "operatingIncome": 2940000000, "operatingIncomeRatio": 0.5990220049, "totalOtherIncomeExpensesNet": -2412000000, "incomeBeforeTax": 528000000, "incomeBeforeTaxRatio": 0.1075794621, "incomeTaxExpense": 133000000, "netIncome": 395000000, "netIncomeRatio": 0.0804808476, "eps": 1.5, "epsdiluted": 1.5, "weightedAverageShsOut": 264000000, "weightedAverageShsOutDil": 264000000, "link": "https://www.sec.gov/Archives/edgar/data/1593538/000156459019004187/0001564590-19-004187-index.htm", "finalLink": "https://www.sec.gov/Archives/edgar/data/1593538/000156459019004187/navi-10k_20181231.htm", "calculatedOtherExpenses": 984000000, "calculatedOperatingExpenses": 984000000, "calculatedNetInterest": -3668000000, "calculatedOtherIncome": 1256000000, "calculatedIncomeNonControlling": 0, "calculatedEbitda": 2940000000}, {"date": "2017-12-31", "symbol": "JSM", "reportedCurrency": "USD", "cik": "0001593538", "fillingDate": "2018-02-26", "acceptedDate": "2018-02-26 17:28:09", "calendarYear": "2017", "period": "FY", "revenue": 4383000000, "costOfRevenue": 966000000, "grossProfit": 3417000000, "grossProfitRatio": 0.7796030116, "researchAndDevelopmentExpenses": 0, "generalAndAdministrativeExpenses": 0, "sellingAndMarketingExpenses": 0, "sellingGeneralAndAdministrativeExpenses": 0, "otherExpenses": 966000000, "operatingExpenses": 966000000, "costAndExpenses": 1932000000, "interestIncome": 0, "interestExpense": 2971000000, "depreciationAndAmortization": 0, "ebitda": 292000000, "ebitdaratio": 0.0666210358, "operatingIncome": 292000000, "operatingIncomeRatio": 0.0666210358, "totalOtherIncomeExpensesNet": 472000000, "incomeBeforeTax": 764000000, "incomeBeforeTaxRatio": 0.4280112045, "incomeTaxExpense": 472000000, "netIncome": 292000000, "netIncomeRatio": 0.1635854342, "eps": 1.06, "epsdiluted": 1.04, "weightedAverageShsOut": 280769230, "weightedAverageShsOutDil": 281000000, "link": "https://www.sec.gov/Archives/edgar/data/1593538/000156459018003273/0001564590-18-003273-index.htm", "finalLink": "https://www.sec.gov/Archives/edgar/data/1593538/000156459018003273/navi-10k_20171231.htm", "calculatedOtherExpenses": 3125000000, "calculatedOperatingExpenses": 3125000000, "calculatedNetInterest": -2971000000, "calculatedOtherIncome": 3443000000, "calculatedIncomeNonControlling": 0, "calculatedEbitda": 292000000}, {"date": "2016-12-31", "symbol": "JSM", "reportedCurrency": "USD", "cik": "0001593538", "fillingDate": "2017-02-24", "acceptedDate": "2017-02-24 16:28:54", "calendarYear": "2016", "period": "FY", "revenue": 4146000000, "costOfRevenue": 951000000, "grossProfit": 3195000000, "grossProfitRatio": 0.7706222865, "researchAndDevelopmentExpenses": 0, "generalAndAdministrativeExpenses": 0, "sellingAndMarketingExpenses": 0, "sellingGeneralAndAdministrativeExpenses": 0, "otherExpenses": 951000000, "operatingExpenses": 951000000, "costAndExpenses": 1902000000, "interestIncome": 0, "interestExpense": 2441000000, "depreciationAndAmortization": 0, "ebitda": 681000000, "ebitdaratio": 0.1642547033, "operatingIncome": 681000000, "operatingIncomeRatio": 0.1642547033, "totalOtherIncomeExpensesNet": 427000000, "incomeBeforeTax": 1108000000, "incomeBeforeTaxRatio": 0.52913085, "incomeTaxExpense": 427000000, "netIncome": 681000000, "netIncomeRatio": 0.3252148997, "eps": 2.16, "epsdiluted": 2.12, "weightedAverageShsOut": 321226415, "weightedAverageShsOutDil": 322000000, "link": "https://www.sec.gov/Archives/edgar/data/1593538/000119312517056358/0001193125-17-056358-index.htm", "finalLink": "https://www.sec.gov/Archives/edgar/data/1593538/000119312517056358/d293261d10k.htm", "calculatedOtherExpenses": 2514000000, "calculatedOperatingExpenses": 2514000000, "calculatedNetInterest": -2441000000, "calculatedOtherIncome": 2868000000, "calculatedIncomeNonControlling": 0, "calculatedEbitda": 681000000}, {"date": "2015-12-31", "symbol": "JSM", "reportedCurrency": "USD", "cik": "0001593538", "fillingDate": "2016-02-25", "acceptedDate": "2016-02-25 16:32:18", "calendarYear": "2015", "period": "FY", "revenue": 4295000000, "costOfRevenue": 918000000, "grossProfit": 3377000000, "grossProfitRatio": 0.7862630966, "researchAndDevelopmentExpenses": 0, "generalAndAdministrativeExpenses": 0, "sellingAndMarketingExpenses": 0, "sellingGeneralAndAdministrativeExpenses": 0, "otherExpenses": 918000000, "operatingExpenses": 918000000, "costAndExpenses": 1836000000, "interestIncome": 0, "interestExpense": 2074000000, "depreciationAndAmortization": 0, "ebitda": 996000000, "ebitdaratio": 0.2318975553, "operatingIncome": 996000000, "operatingIncomeRatio": 0.2318975553, "totalOtherIncomeExpensesNet": 604000000, "incomeBeforeTax": 1580000000, "incomeBeforeTaxRatio": 0.6267354225, "incomeTaxExpense": 597000000, "netIncome": 983000000, "netIncomeRatio": 0.3899246331, "eps": 2.61, "epsdiluted": 2.58, "weightedAverageShsOut": 381007751, "weightedAverageShsOutDil": 382000000, "link": "https://www.sec.gov/Archives/edgar/data/1593538/000119312516478393/0001193125-16-478393-index.htm", "finalLink": "https://www.sec.gov/Archives/edgar/data/1593538/000119312516478393/d35213d10k.htm", "calculatedOtherExpenses": 2381000000, "calculatedOperatingExpenses": 2381000000, "calculatedNetInterest": -2074000000, "calculatedOtherIncome": 2658000000, "calculatedIncomeNonControlling": 0, "calculatedEbitda": 996000000}, {"date": "2014-12-31", "symbol": "JSM", "reportedCurrency": "USD", "cik": "0001593538", "fillingDate": "2015-02-27", "acceptedDate": "2015-02-27 16:58:42", "calendarYear": "2014", "period": "FY", "revenue": 4730000000, "costOfRevenue": 987000000, "grossProfit": 3743000000, "grossProfitRatio": 0.7913319239, "researchAndDevelopmentExpenses": 0, "generalAndAdministrativeExpenses": 0, "sellingAndMarketingExpenses": 0, "sellingGeneralAndAdministrativeExpenses": 0, "otherExpenses": 987000000, "operatingExpenses": 987000000, "costAndExpenses": 1974000000, "interestIncome": 0, "interestExpense": 2063000000, "depreciationAndAmortization": 0, "ebitda": 1149000000, "ebitdaratio": 0.2429175476, "operatingIncome": 1149000000, "operatingIncomeRatio": 0.2429175476, "totalOtherIncomeExpensesNet": 688000000, "incomeBeforeTax": 1818000000, "incomeBeforeTaxRatio": 0.6211137684, "incomeTaxExpense": 681000000, "netIncome": 1131000000, "netIncomeRatio": 0.3864024599, "eps": 2.71, "epsdiluted": 2.66, "weightedAverageShsOut": 425000000, "weightedAverageShsOutDil": 425187969, "link": "https://www.sec.gov/Archives/edgar/data/1593538/000119312515070145/0001193125-15-070145-index.htm", "finalLink": "https://www.sec.gov/Archives/edgar/data/1593538/000119312515070145/d832950d10k.htm", "calculatedOtherExpenses": 2594000000, "calculatedOperatingExpenses": 2594000000, "calculatedNetInterest": -2063000000, "calculatedOtherIncome": 2732000000, "calculatedIncomeNonControlling": 6000000, "calculatedEbitda": 1149000000}]}