{"originalCurrency": "USD", "convertedCurrency": "USD", "report": [{"date": "2024-02-03", "symbol": "JWN", "reportedCurrency": "USD", "cik": "0000072333", "fillingDate": "2024-03-19", "acceptedDate": "2024-03-19 17:28:26", "calendarYear": "2023", "period": "FY", "revenue": 14693000000, "costOfRevenue": 9303000000, "grossProfit": 5390000000, "grossProfitRatio": 0.366841353, "researchAndDevelopmentExpenses": 0, "generalAndAdministrativeExpenses": 4512000000, "sellingAndMarketingExpenses": 313000000, "sellingGeneralAndAdministrativeExpenses": 4825000000, "otherExpenses": -284000000, "operatingExpenses": 5109000000, "costAndExpenses": 14412000000, "interestIncome": 33000000, "interestExpense": 150000000, "depreciationAndAmortization": 770000000, "ebitda": 1051000000, "ebitdaratio": 0.0715306609, "operatingIncome": 281000000, "operatingIncomeRatio": 0.0191247533, "totalOtherIncomeExpensesNet": -134000000, "incomeBeforeTax": 147000000, "incomeBeforeTaxRatio": 0.0100047642, "incomeTaxExpense": 13000000, "netIncome": 134000000, "netIncomeRatio": 0.0091199891, "eps": 0.83, "epsdiluted": 0.82, "weightedAverageShsOut": 161800000, "weightedAverageShsOutDil": 163400000, "link": "https://www.sec.gov/Archives/edgar/data/72333/000007233324000031/0000072333-24-000031-index.htm", "finalLink": "https://www.sec.gov/Archives/edgar/data/72333/000007233324000031/jwn-20240203.htm", "calculatedOtherExpenses": 284000000, "calculatedOperatingExpenses": 5109000000, "calculatedNetInterest": -117000000, "calculatedOtherIncome": -17000000, "calculatedIncomeNonControlling": 0, "calculatedEbitda": 1051000000}, {"date": "2023-01-28", "symbol": "JWN", "reportedCurrency": "USD", "cik": "0000072333", "fillingDate": "2023-03-10", "acceptedDate": "2023-03-10 17:26:18", "calendarYear": "2022", "period": "FY", "revenue": 15530000000, "costOfRevenue": 10019000000, "grossProfit": 5511000000, "grossProfitRatio": 0.3548615583, "researchAndDevelopmentExpenses": 0, "generalAndAdministrativeExpenses": 4737000000, "sellingAndMarketingExpenses": 309000000, "sellingGeneralAndAdministrativeExpenses": 5046000000, "otherExpenses": 0, "operatingExpenses": 5046000000, "costAndExpenses": 15065000000, "interestIncome": 10000000, "interestExpense": 128000000, "depreciationAndAmortization": 789000000, "ebitda": 1254000000, "ebitdaratio": 0.0807469414, "operatingIncome": 465000000, "operatingIncomeRatio": 0.0299420476, "totalOtherIncomeExpensesNet": -128000000, "incomeBeforeTax": 337000000, "incomeBeforeTaxRatio": 0.0216999356, "incomeTaxExpense": 92000000, "netIncome": 245000000, "netIncomeRatio": 0.0157759176, "eps": 1.53, "epsdiluted": 1.51, "weightedAverageShsOut": 160100000, "weightedAverageShsOutDil": 162100000, "link": "https://www.sec.gov/Archives/edgar/data/72333/000007233323000037/0000072333-23-000037-index.htm", "finalLink": "https://www.sec.gov/Archives/edgar/data/72333/000007233323000037/jwn-20230128.htm", "calculatedOtherExpenses": 0, "calculatedOperatingExpenses": 5046000000, "calculatedNetInterest": -118000000, "calculatedOtherIncome": -10000000, "calculatedIncomeNonControlling": 0, "calculatedEbitda": 1254000000}, {"date": "2022-01-29", "symbol": "JWN", "reportedCurrency": "USD", "cik": "0000072333", "fillingDate": "2022-03-11", "acceptedDate": "2022-03-11 17:25:20", "calendarYear": "2021", "period": "FY", "revenue": 14789000000, "costOfRevenue": 9344000000, "grossProfit": 5445000000, "grossProfitRatio": 0.368179052, "researchAndDevelopmentExpenses": 0, "generalAndAdministrativeExpenses": 4653000000, "sellingAndMarketingExpenses": 300000000, "sellingGeneralAndAdministrativeExpenses": 4953000000, "otherExpenses": 0, "operatingExpenses": 4953000000, "costAndExpenses": 14297000000, "interestIncome": 1000000, "interestExpense": 246000000, "depreciationAndAmortization": 790000000, "ebitda": 1282000000, "ebitdaratio": 0.0866860504, "operatingIncome": 492000000, "operatingIncomeRatio": 0.0332679694, "totalOtherIncomeExpensesNet": -246000000, "incomeBeforeTax": 246000000, "incomeBeforeTaxRatio": 0.0166339847, "incomeTaxExpense": 68000000, "netIncome": 178000000, "netIncomeRatio": 0.0120359727, "eps": 1.12, "epsdiluted": 1.1, "weightedAverageShsOut": 159000000, "weightedAverageShsOutDil": 162500000, "link": "https://www.sec.gov/Archives/edgar/data/72333/000007233322000060/0000072333-22-000060-index.htm", "finalLink": "https://www.sec.gov/Archives/edgar/data/72333/000007233322000060/jwn-20220129.htm", "calculatedOtherExpenses": 0, "calculatedOperatingExpenses": 4953000000, "calculatedNetInterest": -245000000, "calculatedOtherIncome": -1000000, "calculatedIncomeNonControlling": 0, "calculatedEbitda": 1282000000}, {"date": "2021-01-30", "symbol": "JWN", "reportedCurrency": "USD", "cik": "0000072333", "fillingDate": "2021-03-16", "acceptedDate": "2021-03-15 19:53:18", "calendarYear": "2020", "period": "FY", "revenue": 10715000000, "costOfRevenue": 7600000000, "grossProfit": 3115000000, "grossProfitRatio": 0.2907139524, "researchAndDevelopmentExpenses": 0, "generalAndAdministrativeExpenses": 3879000000, "sellingAndMarketingExpenses": 283000000, "sellingGeneralAndAdministrativeExpenses": 4162000000, "otherExpenses": 0, "operatingExpenses": 4162000000, "costAndExpenses": 11762000000, "interestIncome": 3000000, "interestExpense": 181000000, "depreciationAndAmortization": 843000000, "ebitda": -204000000, "ebitdaratio": -0.0190387308, "operatingIncome": -1047000000, "operatingIncomeRatio": -0.0977134858, "totalOtherIncomeExpensesNet": -181000000, "incomeBeforeTax": -1228000000, "incomeBeforeTaxRatio": -0.114605693, "incomeTaxExpense": -538000000, "netIncome": -690000000, "netIncomeRatio": -0.064395707, "eps": -4.39, "epsdiluted": -4.39, "weightedAverageShsOut": 157200000, "weightedAverageShsOutDil": 157200000, "link": "https://www.sec.gov/Archives/edgar/data/72333/000007233321000099/0000072333-21-000099-index.htm", "finalLink": "https://www.sec.gov/Archives/edgar/data/72333/000007233321000099/jwn-20210130.htm", "calculatedOtherExpenses": 0, "calculatedOperatingExpenses": 4162000000, "calculatedNetInterest": -178000000, "calculatedOtherIncome": -3000000, "calculatedIncomeNonControlling": 0, "calculatedEbitda": -204000000}, {"date": "2020-02-01", "symbol": "JWN", "reportedCurrency": "USD", "cik": "0000072333", "fillingDate": "2020-03-20", "acceptedDate": "2020-03-20 17:06:45", "calendarYear": "2019", "period": "FY", "revenue": 15524000000, "costOfRevenue": 9932000000, "grossProfit": 5592000000, "grossProfitRatio": 0.3602164391, "researchAndDevelopmentExpenses": 0, "generalAndAdministrativeExpenses": 4509000000, "sellingAndMarketingExpenses": 299000000, "sellingGeneralAndAdministrativeExpenses": 4808000000, "otherExpenses": 0, "operatingExpenses": 4808000000, "costAndExpenses": 14740000000, "interestIncome": 10000000, "interestExpense": 102000000, "depreciationAndAmortization": 854000000, "ebitda": 1638000000, "ebitdaratio": 0.1055140428, "operatingIncome": 784000000, "operatingIncomeRatio": 0.0505024478, "totalOtherIncomeExpensesNet": -102000000, "incomeBeforeTax": 682000000, "incomeBeforeTaxRatio": 0.0439319763, "incomeTaxExpense": 186000000, "netIncome": 496000000, "netIncomeRatio": 0.0319505282, "eps": 3.2, "epsdiluted": 3.18, "weightedAverageShsOut": 155200000, "weightedAverageShsOutDil": 156100000, "link": "https://www.sec.gov/Archives/edgar/data/72333/000007233320000078/0000072333-20-000078-index.htm", "finalLink": "https://www.sec.gov/Archives/edgar/data/72333/000007233320000078/jwn-212020x10k.htm", "calculatedOtherExpenses": 0, "calculatedOperatingExpenses": 4808000000, "calculatedNetInterest": -92000000, "calculatedOtherIncome": -10000000, "calculatedIncomeNonControlling": 0, "calculatedEbitda": 1638000000}, {"date": "2019-02-02", "symbol": "JWN", "reportedCurrency": "USD", "cik": "0000072333", "fillingDate": "2019-03-18", "acceptedDate": "2019-03-18 17:14:42", "calendarYear": "2018", "period": "FY", "revenue": 15860000000, "costOfRevenue": 10155000000, "grossProfit": 5705000000, "grossProfitRatio": 0.3597099622, "researchAndDevelopmentExpenses": 0, "generalAndAdministrativeExpenses": 4868000000, "sellingAndMarketingExpenses": 246000000, "sellingGeneralAndAdministrativeExpenses": 4868000000, "otherExpenses": 0, "operatingExpenses": 4868000000, "costAndExpenses": 15023000000, "interestIncome": 15000000, "interestExpense": 104000000, "depreciationAndAmortization": 669000000, "ebitda": 1506000000, "ebitdaratio": 0.0949558638, "operatingIncome": 837000000, "operatingIncomeRatio": 0.0527742749, "totalOtherIncomeExpensesNet": -104000000, "incomeBeforeTax": 733000000, "incomeBeforeTaxRatio": 0.0462168979, "incomeTaxExpense": 169000000, "netIncome": 564000000, "netIncomeRatio": 0.0355611602, "eps": 3.37, "epsdiluted": 3.32, "weightedAverageShsOut": 167300000, "weightedAverageShsOutDil": 170000000, "link": "https://www.sec.gov/Archives/edgar/data/72333/000007233319000060/0000072333-19-000060-index.htm", "finalLink": "https://www.sec.gov/Archives/edgar/data/72333/000007233319000060/jwn-222019x10k.htm", "calculatedOtherExpenses": 0, "calculatedOperatingExpenses": 4868000000, "calculatedNetInterest": -89000000, "calculatedOtherIncome": -15000000, "calculatedIncomeNonControlling": 0, "calculatedEbitda": 1506000000}, {"date": "2018-02-03", "symbol": "JWN", "reportedCurrency": "USD", "cik": "0000072333", "fillingDate": "2018-03-19", "acceptedDate": "2018-03-19 16:43:52", "calendarYear": "2017", "period": "FY", "revenue": 15478000000, "costOfRevenue": 9890000000, "grossProfit": 5588000000, "grossProfitRatio": 0.3610285567, "researchAndDevelopmentExpenses": 0, "generalAndAdministrativeExpenses": 4662000000, "sellingAndMarketingExpenses": 0, "sellingGeneralAndAdministrativeExpenses": 4662000000, "otherExpenses": 0, "operatingExpenses": 4662000000, "costAndExpenses": 14552000000, "interestIncome": 5000000, "interestExpense": 136000000, "depreciationAndAmortization": 666000000, "ebitda": 1592000000, "ebitdaratio": 0.1028556661, "operatingIncome": 926000000, "operatingIncomeRatio": 0.059826851, "totalOtherIncomeExpensesNet": -136000000, "incomeBeforeTax": 790000000, "incomeBeforeTaxRatio": 0.0510401861, "incomeTaxExpense": 353000000, "netIncome": 437000000, "netIncomeRatio": 0.0282336219, "eps": 2.62, "epsdiluted": 2.59, "weightedAverageShsOut": 166800000, "weightedAverageShsOutDil": 168900000, "link": "https://www.sec.gov/Archives/edgar/data/72333/000007233318000049/0000072333-18-000049-index.htm", "finalLink": "https://www.sec.gov/Archives/edgar/data/72333/000007233318000049/jwn-232018x10k.htm", "calculatedOtherExpenses": 0, "calculatedOperatingExpenses": 4662000000, "calculatedNetInterest": -131000000, "calculatedOtherIncome": -5000000, "calculatedIncomeNonControlling": 0, "calculatedEbitda": 1592000000}, {"date": "2017-01-28", "symbol": "JWN", "reportedCurrency": "USD", "cik": "0000072333", "fillingDate": "2017-03-20", "acceptedDate": "2017-03-20 16:35:45", "calendarYear": "2016", "period": "FY", "revenue": 14757000000, "costOfRevenue": 9440000000, "grossProfit": 5317000000, "grossProfitRatio": 0.3603035847, "researchAndDevelopmentExpenses": 0, "generalAndAdministrativeExpenses": 4315000000, "sellingAndMarketingExpenses": 0, "sellingGeneralAndAdministrativeExpenses": 4315000000, "otherExpenses": 197000000, "operatingExpenses": 4315000000, "costAndExpenses": 13755000000, "interestIncome": 1000000, "interestExpense": 121000000, "depreciationAndAmortization": 645000000, "ebitda": 1647000000, "ebitdaratio": 0.1116080504, "operatingIncome": 1002000000, "operatingIncomeRatio": 0.0678999797, "totalOtherIncomeExpensesNet": -197000000, "incomeBeforeTax": 684000000, "incomeBeforeTaxRatio": 0.0463508843, "incomeTaxExpense": 330000000, "netIncome": 354000000, "netIncomeRatio": 0.0239886156, "eps": 2.05, "epsdiluted": 2.02, "weightedAverageShsOut": 173200000, "weightedAverageShsOutDil": 175600000, "link": "https://www.sec.gov/Archives/edgar/data/72333/000007233317000071/0000072333-17-000071-index.htm", "finalLink": "https://www.sec.gov/Archives/edgar/data/72333/000007233317000071/jwn-1282017x10k.htm", "calculatedOtherExpenses": 0, "calculatedOperatingExpenses": 4315000000, "calculatedNetInterest": -120000000, "calculatedOtherIncome": -198000000, "calculatedIncomeNonControlling": 0, "calculatedEbitda": 1647000000}, {"date": "2016-01-30", "symbol": "JWN", "reportedCurrency": "USD", "cik": "0000072333", "fillingDate": "2016-03-14", "acceptedDate": "2016-03-14 16:54:15", "calendarYear": "2015", "period": "FY", "revenue": 14437000000, "costOfRevenue": 9168000000, "grossProfit": 5269000000, "grossProfitRatio": 0.3649650204, "researchAndDevelopmentExpenses": 0, "generalAndAdministrativeExpenses": 4168000000, "sellingAndMarketingExpenses": 0, "sellingGeneralAndAdministrativeExpenses": 4168000000, "otherExpenses": 0, "operatingExpenses": 4168000000, "costAndExpenses": 13336000000, "interestIncome": 0, "interestExpense": 125000000, "depreciationAndAmortization": 576000000, "ebitda": 1677000000, "ebitdaratio": 0.116159867, "operatingIncome": 1101000000, "operatingIncomeRatio": 0.0762623814, "totalOtherIncomeExpensesNet": -125000000, "incomeBeforeTax": 976000000, "incomeBeforeTaxRatio": 0.0676040729, "incomeTaxExpense": 376000000, "netIncome": 600000000, "netIncomeRatio": 0.0415598809, "eps": 3.22, "epsdiluted": 3.15, "weightedAverageShsOut": 186300000, "weightedAverageShsOutDil": 190100000, "link": "https://www.sec.gov/Archives/edgar/data/72333/000007233316000260/0000072333-16-000260-index.htm", "finalLink": "https://www.sec.gov/Archives/edgar/data/72333/000007233316000260/jwn-1302016x10k.htm", "calculatedOtherExpenses": 0, "calculatedOperatingExpenses": 4168000000, "calculatedNetInterest": -125000000, "calculatedOtherIncome": 0, "calculatedIncomeNonControlling": 0, "calculatedEbitda": 1677000000}, {"date": "2015-01-31", "symbol": "JWN", "reportedCurrency": "USD", "cik": "0000072333", "fillingDate": "2015-03-16", "acceptedDate": "2015-03-16 16:37:57", "calendarYear": "2014", "period": "FY", "revenue": 13506000000, "costOfRevenue": 8406000000, "grossProfit": 5100000000, "grossProfitRatio": 0.3776099511, "researchAndDevelopmentExpenses": 0, "generalAndAdministrativeExpenses": 0, "sellingAndMarketingExpenses": 0, "sellingGeneralAndAdministrativeExpenses": 3777000000, "otherExpenses": 0, "operatingExpenses": 3777000000, "costAndExpenses": 12183000000, "interestIncome": 1000000, "interestExpense": 138000000, "depreciationAndAmortization": 508000000, "ebitda": 1831000000, "ebitdaratio": 0.1355693766, "operatingIncome": 1323000000, "operatingIncomeRatio": 0.0979564638, "totalOtherIncomeExpensesNet": -138000000, "incomeBeforeTax": 1185000000, "incomeBeforeTaxRatio": 0.0877387828, "incomeTaxExpense": 465000000, "netIncome": 720000000, "netIncomeRatio": 0.0533096402, "eps": 3.79, "epsdiluted": 3.72, "weightedAverageShsOut": 190000000, "weightedAverageShsOutDil": 193600000, "link": "https://www.sec.gov/Archives/edgar/data/72333/000007233315000041/0000072333-15-000041-index.htm", "finalLink": "https://www.sec.gov/Archives/edgar/data/72333/000007233315000041/jwn-1312015x10k.htm", "calculatedOtherExpenses": 0, "calculatedOperatingExpenses": 3777000000, "calculatedNetInterest": -137000000, "calculatedOtherIncome": -1000000, "calculatedIncomeNonControlling": 0, "calculatedEbitda": 1831000000}, {"date": "2014-02-01", "symbol": "JWN", "reportedCurrency": "USD", "cik": "0000072333", "fillingDate": "2014-03-17", "acceptedDate": "2014-03-17 16:37:22", "calendarYear": "2013", "period": "FY", "revenue": 12540000000, "costOfRevenue": 7737000000, "grossProfit": 4803000000, "grossProfitRatio": 0.3830143541, "researchAndDevelopmentExpenses": 0, "generalAndAdministrativeExpenses": 3453000000, "sellingAndMarketingExpenses": 0, "sellingGeneralAndAdministrativeExpenses": 3453000000, "otherExpenses": -1000000, "operatingExpenses": 3453000000, "costAndExpenses": 11190000000, "interestIncome": 1000000, "interestExpense": 161000000, "depreciationAndAmortization": 454000000, "ebitda": 1804000000, "ebitdaratio": 0.1438596491, "operatingIncome": 1350000000, "operatingIncomeRatio": 0.1076555024, "totalOtherIncomeExpensesNet": -161000000, "incomeBeforeTax": 1189000000, "incomeBeforeTaxRatio": 0.0948165869, "incomeTaxExpense": 455000000, "netIncome": 734000000, "netIncomeRatio": 0.0585326954, "eps": 3.77, "epsdiluted": 3.71, "weightedAverageShsOut": 194500000, "weightedAverageShsOutDil": 197700000, "link": "https://www.sec.gov/Archives/edgar/data/72333/000007233314000036/0000072333-14-000036-index.htm", "finalLink": "https://www.sec.gov/Archives/edgar/data/72333/000007233314000036/jwn-212014x10k.htm", "calculatedOtherExpenses": 0, "calculatedOperatingExpenses": 3453000000, "calculatedNetInterest": -160000000, "calculatedOtherIncome": -1000000, "calculatedIncomeNonControlling": 0, "calculatedEbitda": 1804000000}, {"date": "2013-02-02", "symbol": "JWN", "reportedCurrency": "USD", "cik": "0000072333", "fillingDate": "2013-03-18", "acceptedDate": "2013-03-18 16:56:03", "calendarYear": "2012", "period": "FY", "revenue": 12148000000, "costOfRevenue": 7432000000, "grossProfit": 4716000000, "grossProfitRatio": 0.3882120514, "researchAndDevelopmentExpenses": 0, "generalAndAdministrativeExpenses": 3371000000, "sellingAndMarketingExpenses": 0, "sellingGeneralAndAdministrativeExpenses": 3371000000, "otherExpenses": -2000000, "operatingExpenses": 3371000000, "costAndExpenses": 10803000000, "interestIncome": 2000000, "interestExpense": 160000000, "depreciationAndAmortization": 429000000, "ebitda": 1774000000, "ebitdaratio": 0.1460322687, "operatingIncome": 1345000000, "operatingIncomeRatio": 0.1107178136, "totalOtherIncomeExpensesNet": -160000000, "incomeBeforeTax": 1185000000, "incomeBeforeTaxRatio": 0.0975469213, "incomeTaxExpense": 450000000, "netIncome": 735000000, "netIncomeRatio": 0.0605037866, "eps": 3.62, "epsdiluted": 3.56, "weightedAverageShsOut": 203000000, "weightedAverageShsOutDil": 206700000, "link": "https://www.sec.gov/Archives/edgar/data/72333/000007233313000039/0000072333-13-000039-index.htm", "finalLink": "https://www.sec.gov/Archives/edgar/data/72333/000007233313000039/jwn-222013x10k.htm", "calculatedOtherExpenses": 0, "calculatedOperatingExpenses": 3371000000, "calculatedNetInterest": -158000000, "calculatedOtherIncome": -2000000, "calculatedIncomeNonControlling": 0, "calculatedEbitda": 1774000000}, {"date": "2012-01-28", "symbol": "JWN", "reportedCurrency": "USD", "cik": "0000072333", "fillingDate": "2012-03-16", "acceptedDate": "2012-03-16 16:03:29", "calendarYear": "2011", "period": "FY", "revenue": 10877000000, "costOfRevenue": 6592000000, "grossProfit": 4285000000, "grossProfitRatio": 0.3939505378, "researchAndDevelopmentExpenses": 0, "generalAndAdministrativeExpenses": 3036000000, "sellingAndMarketingExpenses": 0, "sellingGeneralAndAdministrativeExpenses": 3036000000, "otherExpenses": 0, "operatingExpenses": 3036000000, "costAndExpenses": 9628000000, "interestIncome": 2000000, "interestExpense": 130000000, "depreciationAndAmortization": 371000000, "ebitda": 1620000000, "ebitdaratio": 0.1489381263, "operatingIncome": 1249000000, "operatingIncomeRatio": 0.1148294567, "totalOtherIncomeExpensesNet": -130000000, "incomeBeforeTax": 1119000000, "incomeBeforeTaxRatio": 0.1028776317, "incomeTaxExpense": 436000000, "netIncome": 683000000, "netIncomeRatio": 0.0627930496, "eps": 3.2, "epsdiluted": 3.14, "weightedAverageShsOut": 213500000, "weightedAverageShsOutDil": 217700000, "link": "https://www.sec.gov/Archives/edgar/data/72333/000119312512119641/0001193125-12-119641-index.htm", "finalLink": "https://www.sec.gov/Archives/edgar/data/72333/000119312512119641/d264543d10k.htm", "calculatedOtherExpenses": 0, "calculatedOperatingExpenses": 3036000000, "calculatedNetInterest": -128000000, "calculatedOtherIncome": -2000000, "calculatedIncomeNonControlling": 0, "calculatedEbitda": 1620000000}, {"date": "2011-01-29", "symbol": "JWN", "reportedCurrency": "USD", "cik": "0000072333", "fillingDate": "2011-03-18", "acceptedDate": "2011-03-18 16:07:14", "calendarYear": "2010", "period": "FY", "revenue": 9700000000, "costOfRevenue": 5897000000, "grossProfit": 3803000000, "grossProfitRatio": 0.3920618557, "researchAndDevelopmentExpenses": 0, "generalAndAdministrativeExpenses": 2685000000, "sellingAndMarketingExpenses": 0, "sellingGeneralAndAdministrativeExpenses": 2685000000, "otherExpenses": 127000000, "operatingExpenses": 2685000000, "costAndExpenses": 8582000000, "interestIncome": 6000000, "interestExpense": 133000000, "depreciationAndAmortization": 273000000, "ebitda": 1391000000, "ebitdaratio": 0.1434020619, "operatingIncome": 1118000000, "operatingIncomeRatio": 0.115257732, "totalOtherIncomeExpensesNet": -127000000, "incomeBeforeTax": 991000000, "incomeBeforeTaxRatio": 0.1021649485, "incomeTaxExpense": 378000000, "netIncome": 613000000, "netIncomeRatio": 0.0631958763, "eps": 2.8, "epsdiluted": 2.75, "weightedAverageShsOut": 218800000, "weightedAverageShsOutDil": 222600000, "link": "https://www.sec.gov/Archives/edgar/data/72333/000119312511071211/0001193125-11-071211-index.htm", "finalLink": "https://www.sec.gov/Archives/edgar/data/72333/000119312511071211/d10k.htm", "calculatedOtherExpenses": 0, "calculatedOperatingExpenses": 2685000000, "calculatedNetInterest": -127000000, "calculatedOtherIncome": 0, "calculatedIncomeNonControlling": 0, "calculatedEbitda": 1391000000}, {"date": "2010-01-30", "symbol": "JWN", "reportedCurrency": "USD", "cik": "0000072333", "fillingDate": "2010-03-22", "acceptedDate": "2010-03-22 14:24:25", "calendarYear": "2009", "period": "FY", "revenue": 8627000000, "costOfRevenue": 5328000000, "grossProfit": 3299000000, "grossProfitRatio": 0.3824040802, "researchAndDevelopmentExpenses": 0, "generalAndAdministrativeExpenses": 356000000, "sellingAndMarketingExpenses": 2109000000, "sellingGeneralAndAdministrativeExpenses": 2465000000, "otherExpenses": 0, "operatingExpenses": 2465000000, "costAndExpenses": 7793000000, "interestIncome": 3000000, "interestExpense": 138000000, "depreciationAndAmortization": 271000000, "ebitda": 1105000000, "ebitdaratio": 0.1280862409, "operatingIncome": 834000000, "operatingIncomeRatio": 0.0966732352, "totalOtherIncomeExpensesNet": -138000000, "incomeBeforeTax": 696000000, "incomeBeforeTaxRatio": 0.0806769445, "incomeTaxExpense": 255000000, "netIncome": 441000000, "netIncomeRatio": 0.0511185812, "eps": 2.03, "epsdiluted": 2.01, "weightedAverageShsOut": 216800000, "weightedAverageShsOutDil": 219700000, "link": "https://www.sec.gov/Archives/edgar/data/72333/000095012310026782/0000950123-10-026782-index.htm", "finalLink": "https://www.sec.gov/Archives/edgar/data/72333/000095012310026782/v54971e10vk.htm", "calculatedOtherExpenses": 0, "calculatedOperatingExpenses": 2465000000, "calculatedNetInterest": -135000000, "calculatedOtherIncome": -3000000, "calculatedIncomeNonControlling": 0, "calculatedEbitda": 1105000000}, {"date": "2009-01-31", "symbol": "JWN", "reportedCurrency": "USD", "cik": "0000072333", "fillingDate": "2009-03-23", "acceptedDate": "2009-03-23 17:04:48", "calendarYear": "2008", "period": "FY", "revenue": 8573000000, "costOfRevenue": 5417000000, "grossProfit": 3156000000, "grossProfitRatio": 0.368132509, "researchAndDevelopmentExpenses": 0, "generalAndAdministrativeExpenses": 0, "sellingAndMarketingExpenses": 0, "sellingGeneralAndAdministrativeExpenses": 2386000000, "otherExpenses": -9000000, "operatingExpenses": 2377000000, "costAndExpenses": 7794000000, "interestIncome": 0, "interestExpense": 0, "depreciationAndAmortization": 281000000, "ebitda": 1051000000, "ebitdaratio": 0.1225941911, "operatingIncome": 779000000, "operatingIncomeRatio": 0.0908666744, "totalOtherIncomeExpensesNet": 9000000, "incomeBeforeTax": 648000000, "incomeBeforeTaxRatio": 0.0755861425, "incomeTaxExpense": 247000000, "netIncome": 401000000, "netIncomeRatio": 0.046774758, "eps": 1.85, "epsdiluted": 1.83, "weightedAverageShsOut": 216600000, "weightedAverageShsOutDil": 219200000, "link": "https://www.sec.gov/Archives/edgar/data/72333/000095013409005871/0000950134-09-005871-index.htm", "finalLink": "https://www.sec.gov/Archives/edgar/data/72333/000095013409005871/v51634e10vk.htm", "calculatedOtherExpenses": -9000000, "calculatedOperatingExpenses": 2377000000, "calculatedNetInterest": 0, "calculatedOtherIncome": -131000000, "calculatedIncomeNonControlling": 0, "calculatedEbitda": 1060000000}, {"date": "2008-02-02", "symbol": "JWN", "reportedCurrency": "USD", "cik": "0000072333", "fillingDate": "2008-03-21", "acceptedDate": "2008-03-21 15:56:41", "calendarYear": "2007", "period": "FY", "revenue": 8828000000, "costOfRevenue": 5526000000, "grossProfit": 3302000000, "grossProfitRatio": 0.3740371545, "researchAndDevelopmentExpenses": 0, "generalAndAdministrativeExpenses": 2360000000, "sellingAndMarketingExpenses": 0, "sellingGeneralAndAdministrativeExpenses": 2360000000, "otherExpenses": -34000000, "operatingExpenses": 2360000000, "costAndExpenses": 7886000000, "interestIncome": 0, "interestExpense": 0, "depreciationAndAmortization": 233000000, "ebitda": 870000000, "ebitdaratio": 0.098550068, "operatingIncome": 942000000, "operatingIncomeRatio": 0.1067059357, "totalOtherIncomeExpensesNet": 305000000, "incomeBeforeTax": 1173000000, "incomeBeforeTaxRatio": 0.1328726778, "incomeTaxExpense": 458000000, "netIncome": 715000000, "netIncomeRatio": 0.0809922972, "eps": 2.92, "epsdiluted": 2.88, "weightedAverageShsOut": 244800000, "weightedAverageShsOutDil": 248800000, "link": "https://www.sec.gov/Archives/edgar/data/72333/000095013408005196/0000950134-08-005196-index.htm", "finalLink": "https://www.sec.gov/Archives/edgar/data/72333/000095013408005196/v39073e10vk.htm", "calculatedOtherExpenses": 0, "calculatedOperatingExpenses": 2360000000, "calculatedNetInterest": 0, "calculatedOtherIncome": 231000000, "calculatedIncomeNonControlling": 0, "calculatedEbitda": 1175000000}, {"date": "2007-02-03", "symbol": "JWN", "reportedCurrency": "USD", "cik": "0000072333", "fillingDate": "2007-03-23", "acceptedDate": "2007-03-23 15:33:27", "calendarYear": "2006", "period": "FY", "revenue": 8560698000, "costOfRevenue": 5353949000, "grossProfit": 3206749000, "grossProfitRatio": 0.3745896655, "researchAndDevelopmentExpenses": 0, "generalAndAdministrativeExpenses": 2297000000, "sellingAndMarketingExpenses": -137000, "sellingGeneralAndAdministrativeExpenses": 2296863000, "otherExpenses": 137000, "operatingExpenses": 2296863000, "costAndExpenses": 7650812000, "interestIncome": 0, "interestExpense": 0, "depreciationAndAmortization": 248227000, "ebitda": 919588000, "ebitdaratio": 0.1074197454, "operatingIncome": 909886000, "operatingIncomeRatio": 0.1062864266, "totalOtherIncomeExpensesNet": 238525000, "incomeBeforeTax": 1105653000, "incomeBeforeTaxRatio": 0.1291545386, "incomeTaxExpense": 427654000, "netIncome": 677999000, "netIncomeRatio": 0.0791990326, "eps": 2.6, "epsdiluted": 2.55, "weightedAverageShsOut": 261000000, "weightedAverageShsOutDil": 266000000, "link": "https://www.sec.gov/Archives/edgar/data/72333/000095013407006483/0000950134-07-006483-index.htm", "finalLink": "https://www.sec.gov/Archives/edgar/data/72333/000095013407006483/v28408e10vk.htm", "calculatedOtherExpenses": 0, "calculatedOperatingExpenses": 2296863000, "calculatedNetInterest": 0, "calculatedOtherIncome": 195767000, "calculatedIncomeNonControlling": 0, "calculatedEbitda": 1158113000}, {"date": "2006-01-28", "symbol": "JWN", "reportedCurrency": "USD", "cik": "0000072333", "fillingDate": "2006-03-24", "acceptedDate": "2006-03-24 15:06:06", "calendarYear": "2005", "period": "FY", "revenue": 7722860000, "costOfRevenue": 4888023000, "grossProfit": 2834837000, "grossProfitRatio": 0.3670708779, "researchAndDevelopmentExpenses": 0, "generalAndAdministrativeExpenses": 2101000000, "sellingAndMarketingExpenses": -334000, "sellingGeneralAndAdministrativeExpenses": 2100666000, "otherExpenses": 334000, "operatingExpenses": 2100666000, "costAndExpenses": 6988689000, "interestIncome": 0, "interestExpense": 0, "depreciationAndAmortization": 242978000, "ebitda": 780795000, "ebitdaratio": 0.1011017939, "operatingIncome": 734171000, "operatingIncomeRatio": 0.0950646522, "totalOtherIncomeExpensesNet": 196354000, "incomeBeforeTax": 885225000, "incomeBeforeTaxRatio": 0.1146239865, "incomeTaxExpense": 333886000, "netIncome": 551339000, "netIncomeRatio": 0.0713905211, "eps": 2.03, "epsdiluted": 1.98, "weightedAverageShsOut": 271958000, "weightedAverageShsOutDil": 277776000, "link": "https://www.sec.gov/Archives/edgar/data/72333/000095012406001459/0000950124-06-001459-index.htm", "finalLink": "https://www.sec.gov/Archives/edgar/data/72333/000095012406001459/v18665e10vk.htm", "calculatedOtherExpenses": 0, "calculatedOperatingExpenses": 2100666000, "calculatedNetInterest": 0, "calculatedOtherIncome": 151054000, "calculatedIncomeNonControlling": 0, "calculatedEbitda": 977149000}, {"date": "2005-01-29", "symbol": "JWN", "reportedCurrency": "USD", "cik": "0000072333", "fillingDate": "2005-04-08", "acceptedDate": "2005-04-08 17:32:46", "calendarYear": "2004", "period": "FY", "revenue": 7131388000, "costOfRevenue": 4559388000, "grossProfit": 2572000000, "grossProfitRatio": 0.3606591031, "researchAndDevelopmentExpenses": 0, "generalAndAdministrativeExpenses": 2020000000, "sellingAndMarketingExpenses": 233000, "sellingGeneralAndAdministrativeExpenses": 2020233000, "otherExpenses": 767000, "operatingExpenses": 2020233000, "costAndExpenses": 6579621000, "interestIncome": 0, "interestExpense": 0, "depreciationAndAmortization": 233391000, "ebitda": 612216000, "ebitdaratio": 0.0858480846, "operatingIncome": 551767000, "operatingIncomeRatio": 0.0773716141, "totalOtherIncomeExpensesNet": 172942000, "incomeBeforeTax": 647281000, "incomeBeforeTaxRatio": 0.0907650797, "incomeTaxExpense": 253831000, "netIncome": 393450000, "netIncomeRatio": 0.0551715879, "eps": 1.41, "epsdiluted": 1.39, "weightedAverageShsOut": 278994000, "weightedAverageShsOutDil": 284534000, "link": "https://www.sec.gov/Archives/edgar/data/72333/000089102005000104/0000891020-05-000104-index.htm", "finalLink": "https://www.sec.gov/Archives/edgar/data/72333/000089102005000104/v07697e10vk.htm", "calculatedOtherExpenses": 0, "calculatedOperatingExpenses": 2020233000, "calculatedNetInterest": 0, "calculatedOtherIncome": 95514000, "calculatedIncomeNonControlling": 0, "calculatedEbitda": 785158000}, {"date": "2004-01-31", "symbol": "JWN", "reportedCurrency": "USD", "cik": "0000072333", "fillingDate": "2004-03-30", "acceptedDate": "2004-03-30 14:23:07", "calendarYear": "2003", "period": "FY", "revenue": 6491673000, "costOfRevenue": 4213955000, "grossProfit": 2277718000, "grossProfitRatio": 0.3508676423, "researchAndDevelopmentExpenses": 0, "generalAndAdministrativeExpenses": 0, "sellingAndMarketingExpenses": 0, "sellingGeneralAndAdministrativeExpenses": 1943715000, "otherExpenses": 0, "operatingExpenses": 1943715000, "costAndExpenses": 6157670000, "interestIncome": 0, "interestExpense": 0, "depreciationAndAmortization": 222971000, "ebitda": 401884000, "ebitdaratio": 0.0619076161, "operatingIncome": 334003000, "operatingIncomeRatio": 0.0514509896, "totalOtherIncomeExpensesNet": 155090000, "incomeBeforeTax": 398141000, "incomeBeforeTaxRatio": 0.0613310313, "incomeTaxExpense": 155300000, "netIncome": 242841000, "netIncomeRatio": 0.0374080765, "eps": 0.89, "epsdiluted": 0.88, "weightedAverageShsOut": 272658000, "weightedAverageShsOutDil": 275478000, "link": "https://www.sec.gov/Archives/edgar/data/72333/000095012404001345/0000950124-04-001345-index.htm", "finalLink": "https://www.sec.gov/Archives/edgar/data/72333/000095012404001345/v96844e10vk.htm", "calculatedOtherExpenses": 0, "calculatedOperatingExpenses": 1943715000, "calculatedNetInterest": 0, "calculatedOtherIncome": 64138000, "calculatedIncomeNonControlling": 0, "calculatedEbitda": 556974000}, {"date": "2003-01-31", "symbol": "JWN", "reportedCurrency": "USD", "cik": "0000072333", "fillingDate": "2003-04-17", "acceptedDate": "2003-04-17 14:06:18", "calendarYear": "2002", "period": "FY", "revenue": 5975076000, "costOfRevenue": 3971372000, "grossProfit": 2003704000, "grossProfitRatio": 0.3353436843, "researchAndDevelopmentExpenses": 0, "generalAndAdministrativeExpenses": 0, "sellingAndMarketingExpenses": 0, "sellingGeneralAndAdministrativeExpenses": 1813968000, "otherExpenses": 0, "operatingExpenses": 1813968000, "costAndExpenses": 5785340000, "interestIncome": 0, "interestExpense": 0, "depreciationAndAmortization": 211752000, "ebitda": 260511000, "ebitdaratio": 0.0435996128, "operatingIncome": 189736000, "operatingIncomeRatio": 0.0317545752, "totalOtherIncomeExpensesNet": 140977000, "incomeBeforeTax": 195624000, "incomeBeforeTaxRatio": 0.032740002, "incomeTaxExpense": 92041000, "netIncome": 90224000, "netIncomeRatio": 0.015100059, "eps": 0.33, "epsdiluted": 0.33, "weightedAverageShsOut": 274454545, "weightedAverageShsOutDil": 274454545, "link": "https://www.sec.gov/Archives/edgar/data/72333/000089102003001270/0000891020-03-001270-index.htm", "finalLink": "https://www.sec.gov/Archives/edgar/data/72333/000089102003001270/v89013e10vk.htm", "calculatedOtherExpenses": 0, "calculatedOperatingExpenses": 1813968000, "calculatedNetInterest": 0, "calculatedOtherIncome": 5888000, "calculatedIncomeNonControlling": 13359000, "calculatedEbitda": 401488000}, {"date": "2002-01-31", "symbol": "JWN", "reportedCurrency": "USD", "cik": "0000072333", "fillingDate": "2002-04-18", "acceptedDate": "2002-04-18 00:00:00", "calendarYear": "2001", "period": "FY", "revenue": 5634130000, "costOfRevenue": 3765859000, "grossProfit": 1868271000, "grossProfitRatio": 0.3315988449, "researchAndDevelopmentExpenses": 0, "generalAndAdministrativeExpenses": 1722635000, "sellingAndMarketingExpenses": 0, "sellingGeneralAndAdministrativeExpenses": 1722635000, "otherExpenses": 0, "operatingExpenses": 1722635000, "costAndExpenses": 5488494000, "interestIncome": 0, "interestExpense": 0, "depreciationAndAmortization": 209181000, "ebitda": 220927000, "ebitdaratio": 0.0392122652, "operatingIncome": 145636000, "operatingIncomeRatio": 0.0258488888, "totalOtherIncomeExpensesNet": 133890000, "incomeBeforeTax": 204488000, "incomeBeforeTaxRatio": 0.0362945122, "incomeTaxExpense": 79800000, "netIncome": 124688000, "netIncomeRatio": 0.0221308348, "eps": 0.46, "epsdiluted": 0.46, "weightedAverageShsOut": 268905455, "weightedAverageShsOutDil": 271060870, "link": "https://www.sec.gov/Archives/edgar/data/72333/000089102002000499/0000891020-02-000499-index.htm", "finalLink": "https://www.sec.gov/Archives/edgar/data/72333/000089102002000499/v80728e10-k.htm", "calculatedOtherExpenses": 0, "calculatedOperatingExpenses": 1722635000, "calculatedNetInterest": 0, "calculatedOtherIncome": 58852000, "calculatedIncomeNonControlling": 0, "calculatedEbitda": 354817000}, {"date": "2001-01-31", "symbol": "JWN", "reportedCurrency": "USD", "cik": "0000072333", "fillingDate": "2001-04-11", "acceptedDate": "2001-04-11 00:00:00", "calendarYear": "2000", "period": "FY", "revenue": 5528537000, "costOfRevenue": 3457566000, "grossProfit": 2070971000, "grossProfitRatio": 0.3745965705, "researchAndDevelopmentExpenses": 0, "generalAndAdministrativeExpenses": 1747048000, "sellingAndMarketingExpenses": 0, "sellingGeneralAndAdministrativeExpenses": 1747048000, "otherExpenses": 191950000, "operatingExpenses": 1938998000, "costAndExpenses": 5396564000, "interestIncome": 0, "interestExpense": 0, "depreciationAndAmortization": 191950000, "ebitda": 226180000, "ebitdaratio": 0.0409113659, "operatingIncome": 131973000, "operatingIncomeRatio": 0.0238712339, "totalOtherIncomeExpensesNet": 97743000, "incomeBeforeTax": 167018000, "incomeBeforeTaxRatio": 0.0302101623, "incomeTaxExpense": 65100000, "netIncome": 101918000, "netIncomeRatio": 0.0184348952, "eps": 0.39, "epsdiluted": 0.39, "weightedAverageShsOut": 261328205, "weightedAverageShsOutDil": 261328205, "link": "https://www.sec.gov/Archives/edgar/data/72333/000109581101501149/0001095811-01-501149-index.htm", "finalLink": "https://www.sec.gov/Archives/edgar/data/72333/000109581101501149/v71301e10-k.txt", "calculatedOtherExpenses": 191950000, "calculatedOperatingExpenses": 1938998000, "calculatedNetInterest": 0, "calculatedOtherIncome": 35045000, "calculatedIncomeNonControlling": 0, "calculatedEbitda": 323923000}, {"date": "2000-01-31", "symbol": "JWN", "reportedCurrency": "USD", "cik": "0000072333", "fillingDate": "2000-04-07", "acceptedDate": "2000-04-07 00:00:00", "calendarYear": "1999", "period": "FY", "revenue": 5124200000, "costOfRevenue": 3172500000, "grossProfit": 1951700000, "grossProfitRatio": 0.3808789665, "researchAndDevelopmentExpenses": 0, "generalAndAdministrativeExpenses": 1491000000, "sellingAndMarketingExpenses": 0, "sellingGeneralAndAdministrativeExpenses": 1491000000, "otherExpenses": 187300000, "operatingExpenses": 1678300000, "costAndExpenses": 4850800000, "interestIncome": 0, "interestExpense": 0, "depreciationAndAmortization": 187300000, "ebitda": 351700000, "ebitdaratio": 0.068635104, "operatingIncome": 273400000, "operatingIncomeRatio": 0.05335467, "totalOtherIncomeExpensesNet": 109000000, "incomeBeforeTax": 332100000, "incomeBeforeTaxRatio": 0.0648101167, "incomeTaxExpense": 129500000, "netIncome": 202600000, "netIncomeRatio": 0.0395378791, "eps": 0.74, "epsdiluted": 0.73, "weightedAverageShsOut": 275587755, "weightedAverageShsOutDil": 277475342, "link": "https://www.sec.gov/Archives/edgar/data/72333/000089102000000775/0000891020-00-000775-index.html", "finalLink": "https://www.sec.gov/Archives/edgar/data/72333/000089102000000775/", "calculatedOtherExpenses": 187300000, "calculatedOperatingExpenses": 1678300000, "calculatedNetInterest": 0, "calculatedOtherIncome": 58700000, "calculatedIncomeNonControlling": 0, "calculatedEbitda": 460700000}, {"date": "1999-01-31", "symbol": "JWN", "reportedCurrency": "USD", "cik": "0000072333", "fillingDate": "1999-03-23", "acceptedDate": "1999-03-23 00:00:00", "calendarYear": "1998", "period": "FY", "revenue": 5027900000, "costOfRevenue": 3167800000, "grossProfit": 1860100000, "grossProfitRatio": 0.3699556475, "researchAndDevelopmentExpenses": 0, "generalAndAdministrativeExpenses": 1405300000, "sellingAndMarketingExpenses": 0, "sellingGeneralAndAdministrativeExpenses": 1405300000, "otherExpenses": 177200000, "operatingExpenses": 1582500000, "costAndExpenses": 4750300000, "interestIncome": 0, "interestExpense": 0, "depreciationAndAmortization": 177200000, "ebitda": 347700000, "ebitdaratio": 0.06915412, "operatingIncome": 277600000, "operatingIncomeRatio": 0.0552119175, "totalOtherIncomeExpensesNet": 107100000, "incomeBeforeTax": 337700000, "incomeBeforeTaxRatio": 0.0671652181, "incomeTaxExpense": 131000000, "netIncome": 206700000, "netIncomeRatio": 0.0411106028, "eps": 0.71, "epsdiluted": 0.71, "weightedAverageShsOut": 292482182, "weightedAverageShsOutDil": 293716542, "link": "https://www.sec.gov/Archives/edgar/data/72333/000007233399000004/0000072333-99-000004-index.html", "finalLink": "https://www.sec.gov/Archives/edgar/data/72333/", "calculatedOtherExpenses": 177200000, "calculatedOperatingExpenses": 1582500000, "calculatedNetInterest": 0, "calculatedOtherIncome": 60100000, "calculatedIncomeNonControlling": 0, "calculatedEbitda": 454800000}, {"date": "1998-01-31", "symbol": "JWN", "reportedCurrency": "USD", "cik": "0000072333", "fillingDate": "1998-03-31", "acceptedDate": "1998-03-31 00:00:00", "calendarYear": "1997", "period": "FY", "revenue": 4851600000, "costOfRevenue": 3136000000, "grossProfit": 1715600000, "grossProfitRatio": 0.3536153022, "researchAndDevelopmentExpenses": 0, "generalAndAdministrativeExpenses": 1322900000, "sellingAndMarketingExpenses": 0, "sellingGeneralAndAdministrativeExpenses": 1322900000, "otherExpenses": 159700000, "operatingExpenses": 1482600000, "costAndExpenses": 4618600000, "interestIncome": 0, "interestExpense": 0, "depreciationAndAmortization": 159700000, "ebitda": 284100000, "ebitdaratio": 0.0585580015, "operatingIncome": 233000000, "operatingIncomeRatio": 0.0480253937, "totalOtherIncomeExpensesNet": 108600000, "incomeBeforeTax": 307200000, "incomeBeforeTaxRatio": 0.0633193173, "incomeTaxExpense": 121000000, "netIncome": 186200000, "netIncomeRatio": 0.0383790914, "eps": 0.6, "epsdiluted": 0.6, "weightedAverageShsOut": 310333333, "weightedAverageShsOutDil": 310333333, "link": "https://www.sec.gov/Archives/edgar/data/72333/000007233398000004/0000072333-98-000004-index.html", "finalLink": "https://www.sec.gov/Archives/edgar/data/72333/", "calculatedOtherExpenses": 159700000, "calculatedOperatingExpenses": 1482600000, "calculatedNetInterest": 0, "calculatedOtherIncome": 74200000, "calculatedIncomeNonControlling": 0, "calculatedEbitda": 392700000}, {"date": "1997-01-31", "symbol": "JWN", "reportedCurrency": "USD", "cik": "0000072333", "fillingDate": "1997-03-31", "acceptedDate": "1997-03-31 00:00:00", "calendarYear": "1996", "period": "FY", "revenue": 4453100000, "costOfRevenue": 2925900000, "grossProfit": 1527200000, "grossProfitRatio": 0.3429521008, "researchAndDevelopmentExpenses": 0, "generalAndAdministrativeExpenses": 1217600000, "sellingAndMarketingExpenses": 0, "sellingGeneralAndAdministrativeExpenses": 1217600000, "otherExpenses": 156100000, "operatingExpenses": 1373700000, "costAndExpenses": 4299600000, "interestIncome": 0, "interestExpense": 0, "depreciationAndAmortization": 156100000, "ebitda": 180100000, "ebitdaratio": 0.0404437358, "operatingIncome": 153500000, "operatingIncomeRatio": 0.034470369, "totalOtherIncomeExpensesNet": 129500000, "incomeBeforeTax": 243500000, "incomeBeforeTaxRatio": 0.0546810087, "incomeTaxExpense": 96000000, "netIncome": 147500000, "netIncomeRatio": 0.033122993, "eps": 0.46, "epsdiluted": 0.46, "weightedAverageShsOut": 324175824, "weightedAverageShsOutDil": 327187500, "link": "https://www.sec.gov/Archives/edgar/data/72333/000007233397000007/0000072333-97-000007-index.html", "finalLink": "https://www.sec.gov/Archives/edgar/data/72333/", "calculatedOtherExpenses": 156100000, "calculatedOperatingExpenses": 1373700000, "calculatedNetInterest": 0, "calculatedOtherIncome": 90000000, "calculatedIncomeNonControlling": 0, "calculatedEbitda": 309600000}, {"date": "1996-01-31", "symbol": "JWN", "reportedCurrency": "USD", "cik": "0000072333", "fillingDate": "1996-03-29", "acceptedDate": "1996-03-29 00:00:00", "calendarYear": "1995", "period": "FY", "revenue": 4113500000, "costOfRevenue": 2672000000, "grossProfit": 1441500000, "grossProfitRatio": 0.350431506, "researchAndDevelopmentExpenses": 0, "generalAndAdministrativeExpenses": 1120800000, "sellingAndMarketingExpenses": 0, "sellingGeneralAndAdministrativeExpenses": 1120800000, "otherExpenses": 134300000, "operatingExpenses": 1255100000, "costAndExpenses": 3927100000, "interestIncome": 0, "interestExpense": 0, "depreciationAndAmortization": 134300000, "ebitda": 195600000, "ebitdaratio": 0.0475507475, "operatingIncome": 186400000, "operatingIncomeRatio": 0.0453142093, "totalOtherIncomeExpensesNet": 125100000, "incomeBeforeTax": 272300000, "incomeBeforeTaxRatio": 0.0661966695, "incomeTaxExpense": 107200000, "netIncome": 165100000, "netIncomeRatio": 0.0401361371, "eps": 0.51, "epsdiluted": 0.51, "weightedAverageShsOut": 326930693, "weightedAverageShsOutDil": 326930693, "link": "https://www.sec.gov/Archives/edgar/data/72333/000007233396000002/0000072333-96-000002-index.html", "finalLink": "https://www.sec.gov/Archives/edgar/data/72333/", "calculatedOtherExpenses": 134300000, "calculatedOperatingExpenses": 1255100000, "calculatedNetInterest": 0, "calculatedOtherIncome": 85900000, "calculatedIncomeNonControlling": 0, "calculatedEbitda": 320700000}, {"date": "1995-01-31", "symbol": "JWN", "reportedCurrency": "USD", "cik": "0000072333", "fillingDate": "1995-03-31", "acceptedDate": "1995-03-31 00:00:00", "calendarYear": "1994", "period": "FY", "revenue": 3894500000, "costOfRevenue": 2488800000, "grossProfit": 1405700000, "grossProfitRatio": 0.3609449223, "researchAndDevelopmentExpenses": 0, "generalAndAdministrativeExpenses": 1023300000, "sellingAndMarketingExpenses": 0, "sellingGeneralAndAdministrativeExpenses": 1023300000, "otherExpenses": 110800000, "operatingExpenses": 1134100000, "costAndExpenses": 3622900000, "interestIncome": 0, "interestExpense": 0, "depreciationAndAmortization": 110800000, "ebitda": 287800000, "ebitdaratio": 0.0738990885, "operatingIncome": 271600000, "operatingIncomeRatio": 0.069739376, "totalOtherIncomeExpensesNet": 94600000, "incomeBeforeTax": 335600000, "incomeBeforeTaxRatio": 0.0861728078, "incomeTaxExpense": 132600000, "netIncome": 203000000, "netIncomeRatio": 0.0521247914, "eps": 0.62, "epsdiluted": 0.62, "weightedAverageShsOut": 328744939, "weightedAverageShsOutDil": 328744939, "link": "https://www.sec.gov/Archives/edgar/data/72333/000007233395000004/0000072333-95-000004-index.html", "finalLink": "https://www.sec.gov/Archives/edgar/data/72333/", "calculatedOtherExpenses": 110800000, "calculatedOperatingExpenses": 1134100000, "calculatedNetInterest": 0, "calculatedOtherIncome": 64000000, "calculatedIncomeNonControlling": 0, "calculatedEbitda": 382400000}, {"date": "1994-01-31", "symbol": "JWN", "reportedCurrency": "USD", "cik": "0000072333", "fillingDate": "1994-03-31", "acceptedDate": "1994-03-31 00:00:00", "calendarYear": "1993", "period": "FY", "revenue": 3589900000, "costOfRevenue": 2365800000, "grossProfit": 1224100000, "grossProfitRatio": 0.3409844285, "researchAndDevelopmentExpenses": 0, "generalAndAdministrativeExpenses": 0, "sellingAndMarketingExpenses": 0, "sellingGeneralAndAdministrativeExpenses": 940600000, "otherExpenses": 103500000, "operatingExpenses": 1044100000, "costAndExpenses": 3409900000, "interestIncome": 0, "interestExpense": 0, "depreciationAndAmortization": 103500000, "ebitda": 195000000, "ebitdaratio": 0.0543190618, "operatingIncome": 180000000, "operatingIncomeRatio": 0.0501406724, "totalOtherIncomeExpensesNet": 88500000, "incomeBeforeTax": 230900000, "incomeBeforeTaxRatio": 0.0643193404, "incomeTaxExpense": 90500000, "netIncome": 140400000, "netIncomeRatio": 0.0391097245, "eps": 0.43, "epsdiluted": 0.43, "weightedAverageShsOut": 328421053, "weightedAverageShsOutDil": 328421053, "link": "https://www.sec.gov/Archives/edgar/data/72333/000007233394000003/0000072333-94-000003-index.html", "finalLink": "https://www.sec.gov/Archives/edgar/data/72333/", "calculatedOtherExpenses": 103500000, "calculatedOperatingExpenses": 1044100000, "calculatedNetInterest": 0, "calculatedOtherIncome": 50900000, "calculatedIncomeNonControlling": 0, "calculatedEbitda": 283500000}, {"date": "1993-01-31", "symbol": "JWN", "reportedCurrency": "USD", "cik": "0000072333", "fillingDate": "1993-01-31", "acceptedDate": "1993-01-30 19:00:00", "calendarYear": "1992", "period": "FY", "revenue": 3422000000, "costOfRevenue": 2236300000, "grossProfit": 1185700000, "grossProfitRatio": 0.3464932788, "researchAndDevelopmentExpenses": 0, "generalAndAdministrativeExpenses": 0, "sellingAndMarketingExpenses": 0, "sellingGeneralAndAdministrativeExpenses": 902100000, "otherExpenses": 102800000, "operatingExpenses": 1004900000, "costAndExpenses": 3241200000, "interestIncome": 0, "interestExpense": 0, "depreciationAndAmortization": 102800000, "ebitda": 197500000, "ebitdaratio": 0.0577147867, "operatingIncome": 180800000, "operatingIncomeRatio": 0.0528345996, "totalOtherIncomeExpensesNet": 86100000, "incomeBeforeTax": 222100000, "incomeBeforeTaxRatio": 0.0649035652, "incomeTaxExpense": 85500000, "netIncome": 136600000, "netIncomeRatio": 0.0399181765, "eps": 0.42, "epsdiluted": 0.42, "weightedAverageShsOut": 325238095, "weightedAverageShsOutDil": 325238095, "link": "", "finalLink": "", "calculatedOtherExpenses": 102800000, "calculatedOperatingExpenses": 1004900000, "calculatedNetInterest": 0, "calculatedOtherIncome": 41300000, "calculatedIncomeNonControlling": 0, "calculatedEbitda": 283600000}, {"date": "1992-01-31", "symbol": "JWN", "reportedCurrency": "USD", "cik": "0000072333", "fillingDate": "1992-01-31", "acceptedDate": "1992-01-30 19:00:00", "calendarYear": "1991", "period": "FY", "revenue": 3179800000, "costOfRevenue": 2073400000, "grossProfit": 1106400000, "grossProfitRatio": 0.3479464117, "researchAndDevelopmentExpenses": 0, "generalAndAdministrativeExpenses": 0, "sellingAndMarketingExpenses": 0, "sellingGeneralAndAdministrativeExpenses": 831500000, "otherExpenses": 96000000, "operatingExpenses": 927500000, "costAndExpenses": 3000900000, "interestIncome": 0, "interestExpense": 0, "depreciationAndAmortization": 96000000, "ebitda": 187500000, "ebitdaratio": 0.0589659727, "operatingIncome": 178900000, "operatingIncomeRatio": 0.0562614001, "totalOtherIncomeExpensesNet": 87400000, "incomeBeforeTax": 217200000, "incomeBeforeTaxRatio": 0.0683061828, "incomeTaxExpense": 81400000, "netIncome": 135800000, "netIncomeRatio": 0.0427070885, "eps": 0.42, "epsdiluted": 0.42, "weightedAverageShsOut": 327228916, "weightedAverageShsOutDil": 327228916, "link": "", "finalLink": "", "calculatedOtherExpenses": 96000000, "calculatedOperatingExpenses": 927500000, "calculatedNetInterest": 0, "calculatedOtherIncome": 38300000, "calculatedIncomeNonControlling": 0, "calculatedEbitda": 274900000}, {"date": "1991-01-31", "symbol": "JWN", "reportedCurrency": "USD", "cik": "0000072333", "fillingDate": "1991-01-31", "acceptedDate": "1991-01-30 19:00:00", "calendarYear": "1990", "period": "FY", "revenue": 2893900000, "costOfRevenue": 1914600000, "grossProfit": 979300000, "grossProfitRatio": 0.3384014652, "researchAndDevelopmentExpenses": 0, "generalAndAdministrativeExpenses": 0, "sellingAndMarketingExpenses": 0, "sellingGeneralAndAdministrativeExpenses": 747800000, "otherExpenses": 85600000, "operatingExpenses": 833400000, "costAndExpenses": 2748000000, "interestIncome": 0, "interestExpense": 0, "depreciationAndAmortization": 85600000, "ebitda": 146800000, "ebitdaratio": 0.0507273921, "operatingIncome": 145900000, "operatingIncomeRatio": 0.0504163931, "totalOtherIncomeExpensesNet": 84700000, "incomeBeforeTax": 178300000, "incomeBeforeTaxRatio": 0.061612357, "incomeTaxExpense": 62500000, "netIncome": 115800000, "netIncomeRatio": 0.0400152044, "eps": 0.36, "epsdiluted": 0.36, "weightedAverageShsOut": 326197183, "weightedAverageShsOutDil": 326197183, "link": "", "finalLink": "", "calculatedOtherExpenses": 85600000, "calculatedOperatingExpenses": 833400000, "calculatedNetInterest": 0, "calculatedOtherIncome": 32400000, "calculatedIncomeNonControlling": 0, "calculatedEbitda": 231500000}, {"date": "1990-01-31", "symbol": "JWN", "reportedCurrency": "USD", "cik": "0000072333", "fillingDate": "1990-01-31", "acceptedDate": "1990-01-30 19:00:00", "calendarYear": "1989", "period": "FY", "revenue": 2671100000, "costOfRevenue": 1758500000, "grossProfit": 912600000, "grossProfitRatio": 0.3416569952, "researchAndDevelopmentExpenses": 0, "generalAndAdministrativeExpenses": 0, "sellingAndMarketingExpenses": 0, "sellingGeneralAndAdministrativeExpenses": 669200000, "otherExpenses": 70900000, "operatingExpenses": 740100000, "costAndExpenses": 2498600000, "interestIncome": 0, "interestExpense": 0, "depreciationAndAmortization": 70900000, "ebitda": 187400000, "ebitdaratio": 0.0701583617, "operatingIncome": 172500000, "operatingIncomeRatio": 0.0645801355, "totalOtherIncomeExpensesNet": 56000000, "incomeBeforeTax": 179400000, "incomeBeforeTaxRatio": 0.0671633409, "incomeTaxExpense": 64500000, "netIncome": 114900000, "netIncomeRatio": 0.0430159859, "eps": 0.36, "epsdiluted": 0.36, "weightedAverageShsOut": 323661972, "weightedAverageShsOutDil": 323661972, "link": "", "finalLink": "", "calculatedOtherExpenses": 70900000, "calculatedOperatingExpenses": 740100000, "calculatedNetInterest": 0, "calculatedOtherIncome": 6900000, "calculatedIncomeNonControlling": 0, "calculatedEbitda": 243400000}, {"date": "1989-01-31", "symbol": "JWN", "reportedCurrency": "USD", "cik": "0000072333", "fillingDate": "1989-01-31", "acceptedDate": "1989-01-30 19:00:00", "calendarYear": "1988", "period": "FY", "revenue": 2327900000, "costOfRevenue": 1503500000, "grossProfit": 824400000, "grossProfitRatio": 0.3541389235, "researchAndDevelopmentExpenses": 0, "generalAndAdministrativeExpenses": 0, "sellingAndMarketingExpenses": 0, "sellingGeneralAndAdministrativeExpenses": 583000000, "otherExpenses": 60600000, "operatingExpenses": 643600000, "costAndExpenses": 2147100000, "interestIncome": 0, "interestExpense": 0, "depreciationAndAmortization": 60600000, "ebitda": 183900000, "ebitdaratio": 0.0789982388, "operatingIncome": 180800000, "operatingIncomeRatio": 0.0776665664, "totalOtherIncomeExpensesNet": 57500000, "incomeBeforeTax": 198400000, "incomeBeforeTaxRatio": 0.0852270287, "incomeTaxExpense": 75100000, "netIncome": 123300000, "netIncomeRatio": 0.0529661927, "eps": 0.38, "epsdiluted": 0.38, "weightedAverageShsOut": 324473684, "weightedAverageShsOutDil": 324473684, "link": "", "finalLink": "", "calculatedOtherExpenses": 60600000, "calculatedOperatingExpenses": 643600000, "calculatedNetInterest": 0, "calculatedOtherIncome": 17600000, "calculatedIncomeNonControlling": 0, "calculatedEbitda": 241400000}, {"date": "1988-01-31", "symbol": "JWN", "reportedCurrency": "USD", "cik": "0000072333", "fillingDate": "1988-01-31", "acceptedDate": "1988-01-30 19:00:00", "calendarYear": "1987", "period": "FY", "revenue": 1920200000, "costOfRevenue": 1250800000, "grossProfit": 669400000, "grossProfitRatio": 0.3486095198, "researchAndDevelopmentExpenses": 0, "generalAndAdministrativeExpenses": 0, "sellingAndMarketingExpenses": 0, "sellingGeneralAndAdministrativeExpenses": 477500000, "otherExpenses": 50100000, "operatingExpenses": 527600000, "costAndExpenses": 1778400000, "interestIncome": 0, "interestExpense": 0, "depreciationAndAmortization": 50100000, "ebitda": 138100000, "ebitdaratio": 0.0719195917, "operatingIncome": 141800000, "operatingIncomeRatio": 0.0738464743, "totalOtherIncomeExpensesNet": 53800000, "incomeBeforeTax": 162700000, "incomeBeforeTaxRatio": 0.0847307572, "incomeTaxExpense": 70000000, "netIncome": 92700000, "netIncomeRatio": 0.0482762212, "eps": 0.28, "epsdiluted": 0.28, "weightedAverageShsOut": 325263158, "weightedAverageShsOutDil": 325263158, "link": "", "finalLink": "", "calculatedOtherExpenses": 50100000, "calculatedOperatingExpenses": 527600000, "calculatedNetInterest": 0, "calculatedOtherIncome": 20900000, "calculatedIncomeNonControlling": 0, "calculatedEbitda": 191900000}, {"date": "1987-01-31", "symbol": "JWN", "reportedCurrency": "USD", "cik": "0000072333", "fillingDate": "1987-01-31", "acceptedDate": "1987-01-30 19:00:00", "calendarYear": "1986", "period": "FY", "revenue": 1629900000, "costOfRevenue": 1048900000, "grossProfit": 581000000, "grossProfitRatio": 0.3564635867, "researchAndDevelopmentExpenses": 0, "generalAndAdministrativeExpenses": 0, "sellingAndMarketingExpenses": 0, "sellingGeneralAndAdministrativeExpenses": 408700000, "otherExpenses": 46700000, "operatingExpenses": 455400000, "costAndExpenses": 1504300000, "interestIncome": 0, "interestExpense": 0, "depreciationAndAmortization": 46700000, "ebitda": 122800000, "ebitdaratio": 0.0753420455, "operatingIncome": 125600000, "operatingIncomeRatio": 0.0770599423, "totalOtherIncomeExpensesNet": 49500000, "incomeBeforeTax": 140200000, "incomeBeforeTaxRatio": 0.0860175471, "incomeTaxExpense": 67300000, "netIncome": 72900000, "netIncomeRatio": 0.0447266703, "eps": 0.23, "epsdiluted": 0.23, "weightedAverageShsOut": 316956522, "weightedAverageShsOutDil": 316956522, "link": "", "finalLink": "", "calculatedOtherExpenses": 46700000, "calculatedOperatingExpenses": 455400000, "calculatedNetInterest": 0, "calculatedOtherIncome": 14600000, "calculatedIncomeNonControlling": 0, "calculatedEbitda": 172300000}, {"date": "1986-01-31", "symbol": "JWN", "reportedCurrency": "USD", "cik": "0000072333", "fillingDate": "1986-01-31", "acceptedDate": "1986-01-30 19:00:00", "calendarYear": "1985", "period": "FY", "revenue": 1301900000, "costOfRevenue": 856400000, "grossProfit": 445500000, "grossProfitRatio": 0.3421921807, "researchAndDevelopmentExpenses": 0, "generalAndAdministrativeExpenses": 0, "sellingAndMarketingExpenses": 0, "sellingGeneralAndAdministrativeExpenses": 326800000, "otherExpenses": 37400000, "operatingExpenses": 364200000, "costAndExpenses": 1220600000, "interestIncome": 0, "interestExpense": 0, "depreciationAndAmortization": 37400000, "ebitda": 82100000, "ebitdaratio": 0.0630616791, "operatingIncome": 81300000, "operatingIncomeRatio": 0.0624471926, "totalOtherIncomeExpensesNet": 36600000, "incomeBeforeTax": 87400000, "incomeBeforeTaxRatio": 0.0671326523, "incomeTaxExpense": 37300000, "netIncome": 50100000, "netIncomeRatio": 0.0384822183, "eps": 0.17, "epsdiluted": 0.17, "weightedAverageShsOut": 303636364, "weightedAverageShsOutDil": 303636364, "link": "", "finalLink": "", "calculatedOtherExpenses": 37400000, "calculatedOperatingExpenses": 364200000, "calculatedNetInterest": 0, "calculatedOtherIncome": 6100000, "calculatedIncomeNonControlling": 0, "calculatedEbitda": 118700000}]}