{"originalCurrency": "USD", "convertedCurrency": "USD", "report": [{"date": "2023-12-30", "symbol": "K", "reportedCurrency": "USD", "cik": "0000055067", "fillingDate": "2024-02-20", "acceptedDate": "2024-02-20 16:20:33", "calendarYear": "2023", "period": "FY", "revenue": 13122000000, "costOfRevenue": 8839000000, "grossProfit": 4283000000, "grossProfitRatio": 0.3263984149, "researchAndDevelopmentExpenses": 116000000, "generalAndAdministrativeExpenses": 0, "sellingAndMarketingExpenses": 0, "sellingGeneralAndAdministrativeExpenses": 2778000000, "otherExpenses": -263000000, "operatingExpenses": 2778000000, "costAndExpenses": 11617000000, "interestIncome": 101000000, "interestExpense": 303000000, "depreciationAndAmortization": 419000000, "ebitda": 1924000000, "ebitdaratio": 0.1466239902, "operatingIncome": 1505000000, "operatingIncomeRatio": 0.1146928822, "totalOtherIncomeExpensesNet": -465000000, "incomeBeforeTax": 1040000000, "incomeBeforeTaxRatio": 0.0792562109, "incomeTaxExpense": 258000000, "netIncome": 951000000, "netIncomeRatio": 0.0724737083, "eps": 2.78, "epsdiluted": 2.76, "weightedAverageShsOut": 342000000, "weightedAverageShsOutDil": 345000000, "link": "https://www.sec.gov/Archives/edgar/data/55067/000162828024005583/0001628280-24-005583-index.htm", "finalLink": "https://www.sec.gov/Archives/edgar/data/55067/000162828024005583/k-20231230.htm", "calculatedOtherExpenses": -116000000, "calculatedOperatingExpenses": 2778000000, "calculatedNetInterest": -202000000, "calculatedOtherIncome": -263000000, "calculatedIncomeNonControlling": -169000000, "calculatedEbitda": 1924000000}, {"date": "2022-12-31", "symbol": "K", "reportedCurrency": "USD", "cik": "0000055067", "fillingDate": "2023-02-21", "acceptedDate": "2023-02-21 16:17:45", "calendarYear": "2022", "period": "FY", "revenue": 15315000000, "costOfRevenue": 10700000000, "grossProfit": 4615000000, "grossProfitRatio": 0.301338557, "researchAndDevelopmentExpenses": 127000000, "generalAndAdministrativeExpenses": 0, "sellingAndMarketingExpenses": 0, "sellingGeneralAndAdministrativeExpenses": 2980000000, "otherExpenses": -220000000, "operatingExpenses": 2980000000, "costAndExpenses": 13680000000, "interestIncome": 33000000, "interestExpense": 218000000, "depreciationAndAmortization": 258000000, "ebitda": 1893000000, "ebitdaratio": 0.1236043095, "operatingIncome": 1635000000, "operatingIncomeRatio": 0.1067580803, "totalOtherIncomeExpensesNet": -438000000, "incomeBeforeTax": 1197000000, "incomeBeforeTaxRatio": 0.078158668, "incomeTaxExpense": 244000000, "netIncome": 960000000, "netIncomeRatio": 0.0626836435, "eps": 2.82, "epsdiluted": 2.79, "weightedAverageShsOut": 341000000, "weightedAverageShsOutDil": 344000000, "link": "https://www.sec.gov/Archives/edgar/data/55067/000162828023004299/0001628280-23-004299-index.htm", "finalLink": "https://www.sec.gov/Archives/edgar/data/55067/000162828023004299/k-20221231.htm", "calculatedOtherExpenses": -127000000, "calculatedOperatingExpenses": 2980000000, "calculatedNetInterest": -185000000, "calculatedOtherIncome": -253000000, "calculatedIncomeNonControlling": -7000000, "calculatedEbitda": 1893000000}, {"date": "2021-12-31", "symbol": "K", "reportedCurrency": "USD", "cik": "0000055067", "fillingDate": "2022-02-22", "acceptedDate": "2022-02-22 16:25:56", "calendarYear": "2021", "period": "FY", "revenue": 14181000000, "costOfRevenue": 9621000000, "grossProfit": 4560000000, "grossProfitRatio": 0.3215570129, "researchAndDevelopmentExpenses": 134000000, "generalAndAdministrativeExpenses": 0, "sellingAndMarketingExpenses": 0, "sellingGeneralAndAdministrativeExpenses": 2808000000, "otherExpenses": 437000000, "operatingExpenses": 2808000000, "costAndExpenses": 12429000000, "interestIncome": 205000000, "interestExpense": 223000000, "depreciationAndAmortization": 904000000, "ebitda": 2656000000, "ebitdaratio": 0.1872928566, "operatingIncome": 1752000000, "operatingIncomeRatio": 0.1235455892, "totalOtherIncomeExpensesNet": 214000000, "incomeBeforeTax": 1966000000, "incomeBeforeTaxRatio": 0.1386362034, "incomeTaxExpense": 474000000, "netIncome": 1488000000, "netIncomeRatio": 0.1049291305, "eps": 4.36, "epsdiluted": 4.34, "weightedAverageShsOut": 341000000, "weightedAverageShsOutDil": 343000000, "link": "https://www.sec.gov/Archives/edgar/data/55067/000162828022003345/0001628280-22-003345-index.htm", "finalLink": "https://www.sec.gov/Archives/edgar/data/55067/000162828022003345/k-20220101.htm", "calculatedOtherExpenses": -134000000, "calculatedOperatingExpenses": 2808000000, "calculatedNetInterest": -18000000, "calculatedOtherIncome": 232000000, "calculatedIncomeNonControlling": 4000000, "calculatedEbitda": 2656000000}, {"date": "2020-12-31", "symbol": "K", "reportedCurrency": "USD", "cik": "0000055067", "fillingDate": "2021-02-22", "acceptedDate": "2021-02-22 16:17:32", "calendarYear": "2020", "period": "FY", "revenue": 13770000000, "costOfRevenue": 9043000000, "grossProfit": 4727000000, "grossProfitRatio": 0.3432824982, "researchAndDevelopmentExpenses": 135000000, "generalAndAdministrativeExpenses": 0, "sellingAndMarketingExpenses": 0, "sellingGeneralAndAdministrativeExpenses": 2966000000, "otherExpenses": 121000000, "operatingExpenses": 2966000000, "costAndExpenses": 12009000000, "interestIncome": 281000000, "interestExpense": 281000000, "depreciationAndAmortization": 600000000, "ebitda": 2361000000, "ebitdaratio": 0.171459695, "operatingIncome": 1761000000, "operatingIncomeRatio": 0.1278867102, "totalOtherIncomeExpensesNet": -160000000, "incomeBeforeTax": 1601000000, "incomeBeforeTaxRatio": 0.1162672476, "incomeTaxExpense": 323000000, "netIncome": 1251000000, "netIncomeRatio": 0.0908496732, "eps": 3.65, "epsdiluted": 3.63, "weightedAverageShsOut": 343000000, "weightedAverageShsOutDil": 345000000, "link": "https://www.sec.gov/Archives/edgar/data/55067/000162828021002660/0001628280-21-002660-index.htm", "finalLink": "https://www.sec.gov/Archives/edgar/data/55067/000162828021002660/k-20210102.htm", "calculatedOtherExpenses": -135000000, "calculatedOperatingExpenses": 2966000000, "calculatedNetInterest": 0, "calculatedOtherIncome": -160000000, "calculatedIncomeNonControlling": 27000000, "calculatedEbitda": 2361000000}, {"date": "2019-12-28", "symbol": "K", "reportedCurrency": "USD", "cik": "0000055067", "fillingDate": "2020-02-24", "acceptedDate": "2020-02-24 16:32:44", "calendarYear": "2019", "period": "FY", "revenue": 13578000000, "costOfRevenue": 9197000000, "grossProfit": 4381000000, "grossProfitRatio": 0.3226542937, "researchAndDevelopmentExpenses": 144000000, "generalAndAdministrativeExpenses": 0, "sellingAndMarketingExpenses": 0, "sellingGeneralAndAdministrativeExpenses": 2980000000, "otherExpenses": 188000000, "operatingExpenses": 2980000000, "costAndExpenses": 12177000000, "interestIncome": 284000000, "interestExpense": 284000000, "depreciationAndAmortization": 672000000, "ebitda": 2073000000, "ebitdaratio": 0.1526734423, "operatingIncome": 1401000000, "operatingIncomeRatio": 0.1031816173, "totalOtherIncomeExpensesNet": -96000000, "incomeBeforeTax": 1305000000, "incomeBeforeTaxRatio": 0.0961113566, "incomeTaxExpense": 321000000, "netIncome": 960000000, "netIncomeRatio": 0.0707026072, "eps": 2.82, "epsdiluted": 2.8, "weightedAverageShsOut": 341000000, "weightedAverageShsOutDil": 343000000, "link": "https://www.sec.gov/Archives/edgar/data/55067/000162828020002113/0001628280-20-002113-index.htm", "finalLink": "https://www.sec.gov/Archives/edgar/data/55067/000162828020002113/k-2019q410xk.htm", "calculatedOtherExpenses": -144000000, "calculatedOperatingExpenses": 2980000000, "calculatedNetInterest": 0, "calculatedOtherIncome": -96000000, "calculatedIncomeNonControlling": 24000000, "calculatedEbitda": 2073000000}, {"date": "2018-12-29", "symbol": "K", "reportedCurrency": "USD", "cik": "0000055067", "fillingDate": "2019-02-25", "acceptedDate": "2019-02-25 16:20:08", "calendarYear": "2018", "period": "FY", "revenue": 13547000000, "costOfRevenue": 8821000000, "grossProfit": 4726000000, "grossProfitRatio": 0.3488595261, "researchAndDevelopmentExpenses": 154000000, "generalAndAdministrativeExpenses": 2793000000, "sellingAndMarketingExpenses": 227000000, "sellingGeneralAndAdministrativeExpenses": 3020000000, "otherExpenses": -243000000, "operatingExpenses": 2931000000, "costAndExpenses": 11841000000, "interestIncome": 0, "interestExpense": 287000000, "depreciationAndAmortization": 516000000, "ebitda": 2320000000, "ebitdaratio": 0.1712556286, "operatingIncome": 1706000000, "operatingIncomeRatio": 0.1259319407, "totalOtherIncomeExpensesNet": -377000000, "incomeBeforeTax": 1329000000, "incomeBeforeTaxRatio": 0.098102901, "incomeTaxExpense": 181000000, "netIncome": 1336000000, "netIncomeRatio": 0.0986196206, "eps": 3.85, "epsdiluted": 3.84, "weightedAverageShsOut": 347000000, "weightedAverageShsOutDil": 348000000, "link": "https://www.sec.gov/Archives/edgar/data/55067/000162828019001864/0001628280-19-001864-index.htm", "finalLink": "https://www.sec.gov/Archives/edgar/data/55067/000162828019001864/k-2018q410xk.htm", "calculatedOtherExpenses": -154000000, "calculatedOperatingExpenses": 3020000000, "calculatedNetInterest": -287000000, "calculatedOtherIncome": -90000000, "calculatedIncomeNonControlling": -188000000, "calculatedEbitda": 2222000000}, {"date": "2017-12-30", "symbol": "K", "reportedCurrency": "USD", "cik": "0000055067", "fillingDate": "2018-02-20", "acceptedDate": "2018-02-20 08:04:17", "calendarYear": "2017", "period": "FY", "revenue": 12923000000, "costOfRevenue": 7901000000, "grossProfit": 5022000000, "grossProfitRatio": 0.388609456, "researchAndDevelopmentExpenses": 148000000, "generalAndAdministrativeExpenses": 2852000000, "sellingAndMarketingExpenses": 224000000, "sellingGeneralAndAdministrativeExpenses": 3076000000, "otherExpenses": -124000000, "operatingExpenses": 3100000000, "costAndExpenses": 11467000000, "interestIncome": 0, "interestExpense": 256000000, "depreciationAndAmortization": 481000000, "ebitda": 2403000000, "ebitdaratio": 0.1859475354, "operatingIncome": 1946000000, "operatingIncomeRatio": 0.1505842297, "totalOtherIncomeExpensesNet": -289000000, "incomeBeforeTax": 1657000000, "incomeBeforeTaxRatio": 0.1282210013, "incomeTaxExpense": 412000000, "netIncome": 1269000000, "netIncomeRatio": 0.0981970131, "eps": 0.75, "epsdiluted": 0.74, "weightedAverageShsOut": 345602717, "weightedAverageShsOutDil": 345602717, "link": "https://www.sec.gov/Archives/edgar/data/55067/000162828018001872/0001628280-18-001872-index.htm", "finalLink": "https://www.sec.gov/Archives/edgar/data/55067/000162828018001872/k-2017q410xk.htm", "calculatedOtherExpenses": -148000000, "calculatedOperatingExpenses": 3076000000, "calculatedNetInterest": -256000000, "calculatedOtherIncome": -33000000, "calculatedIncomeNonControlling": -24000000, "calculatedEbitda": 2427000000}, {"date": "2016-12-31", "symbol": "K", "reportedCurrency": "USD", "cik": "0000055067", "fillingDate": "2017-02-21", "acceptedDate": "2017-02-21 16:15:46", "calendarYear": "2016", "period": "FY", "revenue": 13014000000, "costOfRevenue": 8259000000, "grossProfit": 4755000000, "grossProfitRatio": 0.3653757492, "researchAndDevelopmentExpenses": 182000000, "generalAndAdministrativeExpenses": 3360000000, "sellingAndMarketingExpenses": 0, "sellingGeneralAndAdministrativeExpenses": 3360000000, "otherExpenses": -62000000, "operatingExpenses": 3360000000, "costAndExpenses": 11619000000, "interestIncome": 0, "interestExpense": 406000000, "depreciationAndAmortization": 517000000, "ebitda": 1850000000, "ebitdaratio": 0.1421546027, "operatingIncome": 1395000000, "operatingIncomeRatio": 0.1071922545, "totalOtherIncomeExpensesNet": -468000000, "incomeBeforeTax": 927000000, "incomeBeforeTaxRatio": 0.071230982, "incomeTaxExpense": 233000000, "netIncome": 694000000, "netIncomeRatio": 0.0533271861, "eps": 1.98, "epsdiluted": 1.96, "weightedAverageShsOut": 350000000, "weightedAverageShsOutDil": 354000000, "link": "https://www.sec.gov/Archives/edgar/data/55067/000162828017001510/0001628280-17-001510-index.htm", "finalLink": "https://www.sec.gov/Archives/edgar/data/55067/000162828017001510/k-2016q410xk.htm", "calculatedOtherExpenses": -182000000, "calculatedOperatingExpenses": 3360000000, "calculatedNetInterest": -406000000, "calculatedOtherIncome": -62000000, "calculatedIncomeNonControlling": 0, "calculatedEbitda": 1912000000}, {"date": "2015-12-31", "symbol": "K", "reportedCurrency": "USD", "cik": "0000055067", "fillingDate": "2016-02-24", "acceptedDate": "2016-02-24 16:42:27", "calendarYear": "2015", "period": "FY", "revenue": 13525000000, "costOfRevenue": 8844000000, "grossProfit": 4681000000, "grossProfitRatio": 0.3460998152, "researchAndDevelopmentExpenses": 193000000, "generalAndAdministrativeExpenses": 3150000000, "sellingAndMarketingExpenses": 440000000, "sellingGeneralAndAdministrativeExpenses": 3590000000, "otherExpenses": 460000000, "operatingExpenses": 4243000000, "costAndExpenses": 12434000000, "interestIncome": 0, "interestExpense": 227000000, "depreciationAndAmortization": 534000000, "ebitda": 1534000000, "ebitdaratio": 0.1134195933, "operatingIncome": 1091000000, "operatingIncomeRatio": 0.0806654344, "totalOtherIncomeExpensesNet": -318000000, "incomeBeforeTax": 773000000, "incomeBeforeTaxRatio": 0.0571534196, "incomeTaxExpense": 159000000, "netIncome": 614000000, "netIncomeRatio": 0.0453974122, "eps": 1.74, "epsdiluted": 1.72, "weightedAverageShsOut": 354000000, "weightedAverageShsOutDil": 356000000, "link": "https://www.sec.gov/Archives/edgar/data/55067/000162828016011639/0001628280-16-011639-index.htm", "finalLink": "https://www.sec.gov/Archives/edgar/data/55067/000162828016011639/k-2015q410xk.htm", "calculatedOtherExpenses": -193000000, "calculatedOperatingExpenses": 3590000000, "calculatedNetInterest": -227000000, "calculatedOtherIncome": -91000000, "calculatedIncomeNonControlling": 0, "calculatedEbitda": 1625000000}, {"date": "2014-12-31", "symbol": "K", "reportedCurrency": "USD", "cik": "0000055067", "fillingDate": "2015-02-25", "acceptedDate": "2015-02-25 17:24:42", "calendarYear": "2014", "period": "FY", "revenue": 14580000000, "costOfRevenue": 9517000000, "grossProfit": 5063000000, "grossProfitRatio": 0.3472565158, "researchAndDevelopmentExpenses": 199000000, "generalAndAdministrativeExpenses": 4014000000, "sellingAndMarketingExpenses": 25000000, "sellingGeneralAndAdministrativeExpenses": 4039000000, "otherExpenses": 95000000, "operatingExpenses": 4134000000, "costAndExpenses": 13556000000, "interestIncome": 0, "interestExpense": 209000000, "depreciationAndAmortization": 503000000, "ebitda": 1530000000, "ebitdaratio": 0.1049382716, "operatingIncome": 1024000000, "operatingIncomeRatio": 0.0702331962, "totalOtherIncomeExpensesNet": -199000000, "incomeBeforeTax": 825000000, "incomeBeforeTaxRatio": 0.0565843621, "incomeTaxExpense": 186000000, "netIncome": 632000000, "netIncomeRatio": 0.0433470508, "eps": 1.76, "epsdiluted": 1.75, "weightedAverageShsOut": 358000000, "weightedAverageShsOutDil": 360000000, "link": "https://www.sec.gov/Archives/edgar/data/55067/000119312515062865/0001193125-15-062865-index.htm", "finalLink": "https://www.sec.gov/Archives/edgar/data/55067/000119312515062865/d853014d10k.htm", "calculatedOtherExpenses": -199000000, "calculatedOperatingExpenses": 4039000000, "calculatedNetInterest": -209000000, "calculatedOtherIncome": 10000000, "calculatedIncomeNonControlling": 7000000, "calculatedEbitda": 1527000000}, {"date": "2013-12-28", "symbol": "K", "reportedCurrency": "USD", "cik": "0000055067", "fillingDate": "2014-02-24", "acceptedDate": "2014-02-24 16:28:28", "calendarYear": "2013", "period": "FY", "revenue": 14792000000, "costOfRevenue": 8689000000, "grossProfit": 6103000000, "grossProfitRatio": 0.4125878853, "researchAndDevelopmentExpenses": 199000000, "generalAndAdministrativeExpenses": 3220000000, "sellingAndMarketingExpenses": 46000000, "sellingGeneralAndAdministrativeExpenses": 3266000000, "otherExpenses": 52000000, "operatingExpenses": 3318000000, "costAndExpenses": 11955000000, "interestIncome": 0, "interestExpense": 235000000, "depreciationAndAmortization": 532000000, "ebitda": 3366000000, "ebitdaratio": 0.2275554354, "operatingIncome": 2837000000, "operatingIncomeRatio": 0.191792861, "totalOtherIncomeExpensesNet": -231000000, "incomeBeforeTax": 2606000000, "incomeBeforeTaxRatio": 0.1761763115, "incomeTaxExpense": 792000000, "netIncome": 1807000000, "netIncomeRatio": 0.1221606274, "eps": 4.98, "epsdiluted": 4.94, "weightedAverageShsOut": 363000000, "weightedAverageShsOutDil": 365000000, "link": "https://www.sec.gov/Archives/edgar/data/55067/000119312514065068/0001193125-14-065068-index.htm", "finalLink": "https://www.sec.gov/Archives/edgar/data/55067/000119312514065068/d668818d10k.htm", "calculatedOtherExpenses": -199000000, "calculatedOperatingExpenses": 3266000000, "calculatedNetInterest": -235000000, "calculatedOtherIncome": 4000000, "calculatedIncomeNonControlling": 7000000, "calculatedEbitda": 3369000000}, {"date": "2012-12-29", "symbol": "K", "reportedCurrency": "USD", "cik": "0000055067", "fillingDate": "2013-02-26", "acceptedDate": "2013-02-26 08:01:36", "calendarYear": "2012", "period": "FY", "revenue": 14197000000, "costOfRevenue": 8763000000, "grossProfit": 5434000000, "grossProfitRatio": 0.3827569205, "researchAndDevelopmentExpenses": 206000000, "generalAndAdministrativeExpenses": 3799000000, "sellingAndMarketingExpenses": 73000000, "sellingGeneralAndAdministrativeExpenses": 3872000000, "otherExpenses": 30000000, "operatingExpenses": 3902000000, "costAndExpenses": 12635000000, "interestIncome": 0, "interestExpense": 261000000, "depreciationAndAmortization": 448000000, "ebitda": 2033000000, "ebitdaratio": 0.1431992675, "operatingIncome": 1562000000, "operatingIncomeRatio": 0.1100232443, "totalOtherIncomeExpensesNet": -237000000, "incomeBeforeTax": 1325000000, "incomeBeforeTaxRatio": 0.0933295767, "incomeTaxExpense": 363000000, "netIncome": 961000000, "netIncomeRatio": 0.0676903571, "eps": 2.68, "epsdiluted": 2.67, "weightedAverageShsOut": 358000000, "weightedAverageShsOutDil": 360000000, "link": "https://www.sec.gov/Archives/edgar/data/55067/000119312513075288/0001193125-13-075288-index.htm", "finalLink": "https://www.sec.gov/Archives/edgar/data/55067/000119312513075288/d487202d10k.htm", "calculatedOtherExpenses": -206000000, "calculatedOperatingExpenses": 3872000000, "calculatedNetInterest": -261000000, "calculatedOtherIncome": 24000000, "calculatedIncomeNonControlling": 1000000, "calculatedEbitda": 2010000000}, {"date": "2011-12-31", "symbol": "K", "reportedCurrency": "USD", "cik": "0000055067", "fillingDate": "2012-02-29", "acceptedDate": "2012-02-28 18:08:40", "calendarYear": "2011", "period": "FY", "revenue": 13198000000, "costOfRevenue": 7750000000, "grossProfit": 5448000000, "grossProfitRatio": 0.4127898166, "researchAndDevelopmentExpenses": 0, "generalAndAdministrativeExpenses": 3472000000, "sellingAndMarketingExpenses": 0, "sellingGeneralAndAdministrativeExpenses": 3472000000, "otherExpenses": -11000000, "operatingExpenses": 3472000000, "costAndExpenses": 11222000000, "interestIncome": 0, "interestExpense": 233000000, "depreciationAndAmortization": 369000000, "ebitda": 2336000000, "ebitdaratio": 0.1769965146, "operatingIncome": 1976000000, "operatingIncomeRatio": 0.1497196545, "totalOtherIncomeExpensesNet": -244000000, "incomeBeforeTax": 1732000000, "incomeBeforeTaxRatio": 0.1312320048, "incomeTaxExpense": 503000000, "netIncome": 1231000000, "netIncomeRatio": 0.0932717078, "eps": 3.4, "epsdiluted": 3.38, "weightedAverageShsOut": 362000000, "weightedAverageShsOutDil": 364000000, "link": "https://www.sec.gov/Archives/edgar/data/55067/000119312512085976/0001193125-12-085976-index.htm", "finalLink": "https://www.sec.gov/Archives/edgar/data/55067/000119312512085976/d279714d10k.htm", "calculatedOtherExpenses": 0, "calculatedOperatingExpenses": 3472000000, "calculatedNetInterest": -233000000, "calculatedOtherIncome": -11000000, "calculatedIncomeNonControlling": -2000000, "calculatedEbitda": 2345000000}, {"date": "2010-12-31", "symbol": "K", "reportedCurrency": "USD", "cik": "0000055067", "fillingDate": "2011-02-25", "acceptedDate": "2011-02-25 16:00:18", "calendarYear": "2010", "period": "FY", "revenue": 12397000000, "costOfRevenue": 7108000000, "grossProfit": 5289000000, "grossProfitRatio": 0.4266354763, "researchAndDevelopmentExpenses": 0, "generalAndAdministrativeExpenses": 3249000000, "sellingAndMarketingExpenses": 50000000, "sellingGeneralAndAdministrativeExpenses": 3299000000, "otherExpenses": 0, "operatingExpenses": 3299000000, "costAndExpenses": 10407000000, "interestIncome": 0, "interestExpense": 248000000, "depreciationAndAmortization": 392000000, "ebitda": 2389000000, "ebitdaratio": 0.1927079132, "operatingIncome": 1990000000, "operatingIncomeRatio": 0.1605227071, "totalOtherIncomeExpensesNet": -248000000, "incomeBeforeTax": 1742000000, "incomeBeforeTaxRatio": 0.1405178672, "incomeTaxExpense": 502000000, "netIncome": 1247000000, "netIncomeRatio": 0.1005888521, "eps": 3.32, "epsdiluted": 3.3, "weightedAverageShsOut": 376000000, "weightedAverageShsOutDil": 378000000, "link": "https://www.sec.gov/Archives/edgar/data/55067/000119312511047372/0001193125-11-047372-index.htm", "finalLink": "https://www.sec.gov/Archives/edgar/data/55067/000119312511047372/d10k.htm", "calculatedOtherExpenses": 0, "calculatedOperatingExpenses": 3299000000, "calculatedNetInterest": -248000000, "calculatedOtherIncome": 0, "calculatedIncomeNonControlling": -7000000, "calculatedEbitda": 2382000000}, {"date": "2009-12-31", "symbol": "K", "reportedCurrency": "USD", "cik": "0000055067", "fillingDate": "2010-02-26", "acceptedDate": "2010-02-26 15:02:52", "calendarYear": "2009", "period": "FY", "revenue": 12575000000, "costOfRevenue": 7184000000, "grossProfit": 5391000000, "grossProfitRatio": 0.4287077535, "researchAndDevelopmentExpenses": 0, "generalAndAdministrativeExpenses": 3365000000, "sellingAndMarketingExpenses": 25000000, "sellingGeneralAndAdministrativeExpenses": 3390000000, "otherExpenses": 0, "operatingExpenses": 3390000000, "costAndExpenses": 10574000000, "interestIncome": 0, "interestExpense": 295000000, "depreciationAndAmortization": 384000000, "ebitda": 2367000000, "ebitdaratio": 0.1882306163, "operatingIncome": 2001000000, "operatingIncomeRatio": 0.1591252485, "totalOtherIncomeExpensesNet": -317000000, "incomeBeforeTax": 1684000000, "incomeBeforeTaxRatio": 0.133916501, "incomeTaxExpense": 476000000, "netIncome": 1212000000, "netIncomeRatio": 0.0963817097, "eps": 3.17, "epsdiluted": 3.16, "weightedAverageShsOut": 382000000, "weightedAverageShsOutDil": 384000000, "link": "https://www.sec.gov/Archives/edgar/data/55067/000119312510042654/0001193125-10-042654-index.htm", "finalLink": "https://www.sec.gov/Archives/edgar/data/55067/000119312510042654/d10k.htm", "calculatedOtherExpenses": 0, "calculatedOperatingExpenses": 3390000000, "calculatedNetInterest": -295000000, "calculatedOtherIncome": -22000000, "calculatedIncomeNonControlling": -4000000, "calculatedEbitda": 2385000000}, {"date": "2008-12-31", "symbol": "K", "reportedCurrency": "USD", "cik": "0000055067", "fillingDate": "2009-02-24", "acceptedDate": "2009-02-23 17:48:49", "calendarYear": "2008", "period": "FY", "revenue": 12822000000, "costOfRevenue": 7455000000, "grossProfit": 5367000000, "grossProfitRatio": 0.418577445, "researchAndDevelopmentExpenses": 0, "generalAndAdministrativeExpenses": 3414000000, "sellingAndMarketingExpenses": 0, "sellingGeneralAndAdministrativeExpenses": 3414000000, "otherExpenses": -12000000, "operatingExpenses": 3414000000, "costAndExpenses": 10869000000, "interestIncome": 0, "interestExpense": 308000000, "depreciationAndAmortization": 375000000, "ebitda": 2316000000, "ebitdaratio": 0.1806270473, "operatingIncome": 1953000000, "operatingIncomeRatio": 0.1523163313, "totalOtherIncomeExpensesNet": -320000000, "incomeBeforeTax": 1633000000, "incomeBeforeTaxRatio": 0.1273592263, "incomeTaxExpense": 485000000, "netIncome": 1148000000, "netIncomeRatio": 0.0895336141, "eps": 3.01, "epsdiluted": 2.99, "weightedAverageShsOut": 382000000, "weightedAverageShsOutDil": 385000000, "link": "https://www.sec.gov/Archives/edgar/data/55067/000095015209001670/0000950152-09-001670-index.htm", "finalLink": "https://www.sec.gov/Archives/edgar/data/55067/000095015209001670/k47381e10vk.htm", "calculatedOtherExpenses": 0, "calculatedOperatingExpenses": 3414000000, "calculatedNetInterest": -308000000, "calculatedOtherIncome": -12000000, "calculatedIncomeNonControlling": 0, "calculatedEbitda": 2328000000}, {"date": "2007-12-29", "symbol": "K", "reportedCurrency": "USD", "cik": "0000055067", "fillingDate": "2008-02-25", "acceptedDate": "2008-02-25 09:12:28", "calendarYear": "2007", "period": "FY", "revenue": 11776000000, "costOfRevenue": 6597000000, "grossProfit": 5179000000, "grossProfitRatio": 0.4397927989, "researchAndDevelopmentExpenses": 0, "generalAndAdministrativeExpenses": 3311000000, "sellingAndMarketingExpenses": 0, "sellingGeneralAndAdministrativeExpenses": 3311000000, "otherExpenses": 0, "operatingExpenses": 3311000000, "costAndExpenses": 9908000000, "interestIncome": 0, "interestExpense": 0, "depreciationAndAmortization": 372000000, "ebitda": 1919000000, "ebitdaratio": 0.1629585598, "operatingIncome": 1868000000, "operatingIncomeRatio": 0.1586277174, "totalOtherIncomeExpensesNet": -321000000, "incomeBeforeTax": 1547000000, "incomeBeforeTaxRatio": 0.1313688859, "incomeTaxExpense": 444000000, "netIncome": 1103000000, "netIncomeRatio": 0.0936650815, "eps": 2.79, "epsdiluted": 2.76, "weightedAverageShsOut": 395340502, "weightedAverageShsOutDil": 399637681, "link": "https://www.sec.gov/Archives/edgar/data/55067/000095012408000801/0000950124-08-000801-index.htm", "finalLink": "https://www.sec.gov/Archives/edgar/data/55067/000095012408000801/k22969e10vk.htm", "calculatedOtherExpenses": 0, "calculatedOperatingExpenses": 3311000000, "calculatedNetInterest": 0, "calculatedOtherIncome": -321000000, "calculatedIncomeNonControlling": 0, "calculatedEbitda": 2240000000}, {"date": "2006-12-30", "symbol": "K", "reportedCurrency": "USD", "cik": "0000055067", "fillingDate": "2007-02-23", "acceptedDate": "2007-02-23 14:52:34", "calendarYear": "2006", "period": "FY", "revenue": 10906700000, "costOfRevenue": 6081500000, "grossProfit": 4825200000, "grossProfitRatio": 0.4424069609, "researchAndDevelopmentExpenses": 0, "generalAndAdministrativeExpenses": 0, "sellingAndMarketingExpenses": 0, "sellingGeneralAndAdministrativeExpenses": 3059400000, "otherExpenses": 0, "operatingExpenses": 3059400000, "costAndExpenses": 9140900000, "interestIncome": 0, "interestExpense": 0, "depreciationAndAmortization": 352700000, "ebitda": 1823300000, "ebitdaratio": 0.167172472, "operatingIncome": 1765800000, "operatingIncomeRatio": 0.1619004832, "totalOtherIncomeExpensesNet": -294200000, "incomeBeforeTax": 1471600000, "incomeBeforeTaxRatio": 0.134926238, "incomeTaxExpense": 466500000, "netIncome": 1004100000, "netIncomeRatio": 0.0920626771, "eps": 2.53, "epsdiluted": 2.51, "weightedAverageShsOut": 396877470, "weightedAverageShsOutDil": 400039841, "link": "https://www.sec.gov/Archives/edgar/data/55067/000095012407001044/0000950124-07-001044-index.htm", "finalLink": "https://www.sec.gov/Archives/edgar/data/55067/000095012407001044/k11902e10vk.htm", "calculatedOtherExpenses": 0, "calculatedOperatingExpenses": 3059400000, "calculatedNetInterest": 0, "calculatedOtherIncome": -294200000, "calculatedIncomeNonControlling": 1000000, "calculatedEbitda": 2118500000}, {"date": "2005-12-31", "symbol": "K", "reportedCurrency": "USD", "cik": "0000055067", "fillingDate": "2006-02-28", "acceptedDate": "2006-02-28 15:11:04", "calendarYear": "2005", "period": "FY", "revenue": 10177200000, "costOfRevenue": 5611600000, "grossProfit": 4565600000, "grossProfitRatio": 0.4486106198, "researchAndDevelopmentExpenses": 0, "generalAndAdministrativeExpenses": 2815300000, "sellingAndMarketingExpenses": 0, "sellingGeneralAndAdministrativeExpenses": 2815300000, "otherExpenses": 0, "operatingExpenses": 2815300000, "costAndExpenses": 8426900000, "interestIncome": 0, "interestExpense": 0, "depreciationAndAmortization": 391800000, "ebitda": 1816900000, "ebitdaratio": 0.1785265102, "operatingIncome": 1750300000, "operatingIncomeRatio": 0.1719824706, "totalOtherIncomeExpensesNet": -325200000, "incomeBeforeTax": 1425100000, "incomeBeforeTaxRatio": 0.1400286916, "incomeTaxExpense": 444700000, "netIncome": 980400000, "netIncomeRatio": 0.0963329796, "eps": 2.38, "epsdiluted": 2.36, "weightedAverageShsOut": 411932773, "weightedAverageShsOutDil": 415423729, "link": "https://www.sec.gov/Archives/edgar/data/55067/000095012406000896/0000950124-06-000896-index.htm", "finalLink": "https://www.sec.gov/Archives/edgar/data/55067/000095012406000896/k02193e10vk.htm", "calculatedOtherExpenses": 0, "calculatedOperatingExpenses": 2815300000, "calculatedNetInterest": 0, "calculatedOtherIncome": -325200000, "calculatedIncomeNonControlling": 0, "calculatedEbitda": 2142100000}, {"date": "2004-12-31", "symbol": "K", "reportedCurrency": "USD", "cik": "0000055067", "fillingDate": "2005-03-14", "acceptedDate": "2005-03-14 15:24:42", "calendarYear": "2004", "period": "FY", "revenue": 9613900000, "costOfRevenue": 5298700000, "grossProfit": 4315200000, "grossProfitRatio": 0.4488501025, "researchAndDevelopmentExpenses": 0, "generalAndAdministrativeExpenses": 2634000000, "sellingAndMarketingExpenses": 100000, "sellingGeneralAndAdministrativeExpenses": 2634100000, "otherExpenses": -100000, "operatingExpenses": 2634000000, "costAndExpenses": 7933000000, "interestIncome": 0, "interestExpense": 0, "depreciationAndAmortization": 410000000, "ebitda": 1776000000, "ebitdaratio": 0.1847325227, "operatingIncome": 1681100000, "operatingIncomeRatio": 0.1748613986, "totalOtherIncomeExpensesNet": -315100000, "incomeBeforeTax": 1366000000, "incomeBeforeTaxRatio": 0.1420859381, "incomeTaxExpense": 475000000, "netIncome": 890600000, "netIncomeRatio": 0.0926367031, "eps": 2.16, "epsdiluted": 2.14, "weightedAverageShsOut": 412314815, "weightedAverageShsOutDil": 416168224, "link": "https://www.sec.gov/Archives/edgar/data/55067/000095012405001480/0000950124-05-001480-index.htm", "finalLink": "https://www.sec.gov/Archives/edgar/data/55067/000095012405001480/k91924e10vk.htm", "calculatedOtherExpenses": 0, "calculatedOperatingExpenses": 2634100000, "calculatedNetInterest": 0, "calculatedOtherIncome": -315100000, "calculatedIncomeNonControlling": 400000, "calculatedEbitda": 2091100000}, {"date": "2003-12-27", "symbol": "K", "reportedCurrency": "USD", "cik": "0000055067", "fillingDate": "2004-03-10", "acceptedDate": "2004-03-10 16:18:36", "calendarYear": "2003", "period": "FY", "revenue": 8811500000, "costOfRevenue": 4898900000, "grossProfit": 3912600000, "grossProfitRatio": 0.4440333655, "researchAndDevelopmentExpenses": 0, "generalAndAdministrativeExpenses": 2369000000, "sellingAndMarketingExpenses": -500000, "sellingGeneralAndAdministrativeExpenses": 2368500000, "otherExpenses": -500000, "operatingExpenses": 2368000000, "costAndExpenses": 7267000000, "interestIncome": 0, "interestExpense": 0, "depreciationAndAmortization": 372800000, "ebitda": 1541800000, "ebitdaratio": 0.1749758838, "operatingIncome": 1544100000, "operatingIncomeRatio": 0.1752369063, "totalOtherIncomeExpensesNet": -374100000, "incomeBeforeTax": 1170000000, "incomeBeforeTaxRatio": 0.1327810248, "incomeTaxExpense": 382000000, "netIncome": 787100000, "netIncomeRatio": 0.0893264484, "eps": 1.93, "epsdiluted": 1.92, "weightedAverageShsOut": 407823834, "weightedAverageShsOutDil": 409947917, "link": "https://www.sec.gov/Archives/edgar/data/55067/000095012404000801/0000950124-04-000801-index.htm", "finalLink": "https://www.sec.gov/Archives/edgar/data/55067/000095012404000801/k82532e10vk.htm", "calculatedOtherExpenses": 0, "calculatedOperatingExpenses": 2368500000, "calculatedNetInterest": 0, "calculatedOtherIncome": -374100000, "calculatedIncomeNonControlling": 900000, "calculatedEbitda": 1916900000}, {"date": "2002-12-31", "symbol": "K", "reportedCurrency": "USD", "cik": "0000055067", "fillingDate": "2003-03-14", "acceptedDate": "2003-03-14 13:44:26", "calendarYear": "2002", "period": "FY", "revenue": 8304100000, "costOfRevenue": 4569000000, "grossProfit": 3735100000, "grossProfitRatio": 0.4497898628, "researchAndDevelopmentExpenses": 0, "generalAndAdministrativeExpenses": 2227000000, "sellingAndMarketingExpenses": 0, "sellingGeneralAndAdministrativeExpenses": 2227000000, "otherExpenses": 0, "operatingExpenses": 2227000000, "costAndExpenses": 6796000000, "interestIncome": 0, "interestExpense": 0, "depreciationAndAmortization": 348400000, "ebitda": 1492400000, "ebitdaratio": 0.1797184523, "operatingIncome": 1508100000, "operatingIncomeRatio": 0.1816090847, "totalOtherIncomeExpensesNet": -364100000, "incomeBeforeTax": 1144000000, "incomeBeforeTaxRatio": 0.1377632736, "incomeTaxExpense": 423000000, "netIncome": 720900000, "netIncomeRatio": 0.0868125384, "eps": 1.77, "epsdiluted": 1.75, "weightedAverageShsOut": 407288136, "weightedAverageShsOutDil": 411942857, "link": "https://www.sec.gov/Archives/edgar/data/55067/000095012403000647/0000950124-03-000647-index.htm", "finalLink": "https://www.sec.gov/Archives/edgar/data/55067/000095012403000647/k74347e10vk.htm", "calculatedOtherExpenses": 0, "calculatedOperatingExpenses": 2227000000, "calculatedNetInterest": 0, "calculatedOtherIncome": -364100000, "calculatedIncomeNonControlling": 100000, "calculatedEbitda": 1856500000}, {"date": "2001-12-31", "symbol": "K", "reportedCurrency": "USD", "cik": "0000055067", "fillingDate": "2002-03-25", "acceptedDate": "2002-03-25 00:00:00", "calendarYear": "2001", "period": "FY", "revenue": 8853300000, "costOfRevenue": 4128500000, "grossProfit": 4724800000, "grossProfitRatio": 0.5336767081, "researchAndDevelopmentExpenses": 0, "generalAndAdministrativeExpenses": 3523600000, "sellingAndMarketingExpenses": 0, "sellingGeneralAndAdministrativeExpenses": 3523600000, "otherExpenses": 0, "operatingExpenses": 3523600000, "costAndExpenses": 7652100000, "interestIncome": 0, "interestExpense": 0, "depreciationAndAmortization": 438600000, "ebitda": 1234300000, "ebitdaratio": 0.1394169406, "operatingIncome": 1167900000, "operatingIncomeRatio": 0.1319169123, "totalOtherIncomeExpensesNet": -363800000, "incomeBeforeTax": 804100000, "incomeBeforeTaxRatio": 0.0908248902, "incomeTaxExpense": 322100000, "netIncome": 473600000, "netIncomeRatio": 0.0534941773, "eps": 1.17, "epsdiluted": 1.16, "weightedAverageShsOut": 404786325, "weightedAverageShsOutDil": 408275862, "link": "https://www.sec.gov/Archives/edgar/data/55067/000095012402000980/0000950124-02-000980-index.htm", "finalLink": "https://www.sec.gov/Archives/edgar/data/55067/000095012402000980/k67850e10-k.htm", "calculatedOtherExpenses": 33300000, "calculatedOperatingExpenses": 3556900000, "calculatedNetInterest": 0, "calculatedOtherIncome": -363800000, "calculatedIncomeNonControlling": 8400000, "calculatedEbitda": 1606500000}, {"date": "2000-12-31", "symbol": "K", "reportedCurrency": "USD", "cik": "0000055067", "fillingDate": "2001-03-13", "acceptedDate": "2001-03-13 00:00:00", "calendarYear": "2000", "period": "FY", "revenue": 6954700000, "costOfRevenue": 3327000000, "grossProfit": 3627700000, "grossProfitRatio": 0.5216184738, "researchAndDevelopmentExpenses": 0, "generalAndAdministrativeExpenses": 2551400000, "sellingAndMarketingExpenses": 0, "sellingGeneralAndAdministrativeExpenses": 2551400000, "otherExpenses": 0, "operatingExpenses": 2551400000, "costAndExpenses": 5878400000, "interestIncome": 0, "interestExpense": 0, "depreciationAndAmortization": 290600000, "ebitda": 1158300000, "ebitdaratio": 0.1665492401, "operatingIncome": 1076300000, "operatingIncomeRatio": 0.1547586524, "totalOtherIncomeExpensesNet": -208600000, "incomeBeforeTax": 867700000, "incomeBeforeTaxRatio": 0.1247645477, "incomeTaxExpense": 280000000, "netIncome": 587700000, "netIncomeRatio": 0.0845040045, "eps": 1.45, "epsdiluted": 1.45, "weightedAverageShsOut": 405310345, "weightedAverageShsOutDil": 405310345, "link": "https://www.sec.gov/Archives/edgar/data/55067/000095012401001250/0000950124-01-001250-index.htm", "finalLink": "https://www.sec.gov/Archives/edgar/data/55067/000095012401001250/k60557e10-k.htm", "calculatedOtherExpenses": 0, "calculatedOperatingExpenses": 2551400000, "calculatedNetInterest": 0, "calculatedOtherIncome": -208600000, "calculatedIncomeNonControlling": 0, "calculatedEbitda": 1366900000}, {"date": "1999-12-31", "symbol": "K", "reportedCurrency": "USD", "cik": "0000055067", "fillingDate": "2000-03-24", "acceptedDate": "2000-03-24 00:00:00", "calendarYear": "1999", "period": "FY", "revenue": 6984200000, "costOfRevenue": 3037100000, "grossProfit": 3947100000, "grossProfitRatio": 0.5651470462, "researchAndDevelopmentExpenses": 0, "generalAndAdministrativeExpenses": 2585700000, "sellingAndMarketingExpenses": 0, "sellingGeneralAndAdministrativeExpenses": 2585700000, "otherExpenses": 288000000, "operatingExpenses": 2873700000, "costAndExpenses": 5910800000, "interestIncome": 0, "interestExpense": 0, "depreciationAndAmortization": 288000000, "ebitda": 824700000, "ebitdaratio": 0.118080811, "operatingIncome": 1073400000, "operatingIncomeRatio": 0.1536897569, "totalOtherIncomeExpensesNet": -536700000, "incomeBeforeTax": 536700000, "incomeBeforeTaxRatio": 0.0768448784, "incomeTaxExpense": 198400000, "netIncome": 338300000, "netIncomeRatio": 0.0484379027, "eps": 0.83, "epsdiluted": 0.83, "weightedAverageShsOut": 407590361, "weightedAverageShsOutDil": 407590361, "link": "https://www.sec.gov/Archives/edgar/data/55067/000095012400001547/0000950124-00-001547-index.html", "finalLink": "https://www.sec.gov/Archives/edgar/data/55067/000095012400001547/0000950124-00-001547-d1.html", "calculatedOtherExpenses": 288000000, "calculatedOperatingExpenses": 2873700000, "calculatedNetInterest": 0, "calculatedOtherIncome": -536700000, "calculatedIncomeNonControlling": 0, "calculatedEbitda": 1361400000}, {"date": "1998-12-31", "symbol": "K", "reportedCurrency": "USD", "cik": "0000055067", "fillingDate": "1999-03-26", "acceptedDate": "1999-03-26 00:00:00", "calendarYear": "1998", "period": "FY", "revenue": 6762000000, "costOfRevenue": 3005000000, "grossProfit": 3757000000, "grossProfitRatio": 0.5556048506, "researchAndDevelopmentExpenses": 0, "generalAndAdministrativeExpenses": 2514000000, "sellingAndMarketingExpenses": 0, "sellingGeneralAndAdministrativeExpenses": 2514000000, "otherExpenses": 278000000, "operatingExpenses": 2792000000, "costAndExpenses": 5797000000, "interestIncome": 0, "interestExpense": 0, "depreciationAndAmortization": 278000000, "ebitda": 1061000000, "ebitdaratio": 0.1569062408, "operatingIncome": 965000000, "operatingIncomeRatio": 0.1427092576, "totalOtherIncomeExpensesNet": -182000000, "incomeBeforeTax": 783000000, "incomeBeforeTaxRatio": 0.1157941437, "incomeTaxExpense": 280000000, "netIncome": 503000000, "netIncomeRatio": 0.0743862762, "eps": 1.23, "epsdiluted": 1.23, "weightedAverageShsOut": 408617886, "weightedAverageShsOutDil": 408943089, "link": "https://www.sec.gov/Archives/edgar/data/55067/0000950124-99-002062-index.html", "finalLink": "https://www.sec.gov/Archives/edgar/data/55067/0000950124-99-002062.txt", "calculatedOtherExpenses": 278000000, "calculatedOperatingExpenses": 2792000000, "calculatedNetInterest": 0, "calculatedOtherIncome": -182000000, "calculatedIncomeNonControlling": 0, "calculatedEbitda": 1243000000}, {"date": "1997-12-31", "symbol": "K", "reportedCurrency": "USD", "cik": "0000055067", "fillingDate": "1998-03-31", "acceptedDate": "1998-03-31 00:00:00", "calendarYear": "1997", "period": "FY", "revenue": 6830100000, "costOfRevenue": 2982800000, "grossProfit": 3847300000, "grossProfitRatio": 0.5632860427, "researchAndDevelopmentExpenses": 0, "generalAndAdministrativeExpenses": 2366800000, "sellingAndMarketingExpenses": 0, "sellingGeneralAndAdministrativeExpenses": 2366800000, "otherExpenses": 287300000, "operatingExpenses": 2654100000, "costAndExpenses": 5636900000, "interestIncome": 0, "interestExpense": 0, "depreciationAndAmortization": 287300000, "ebitda": 1173800000, "ebitdaratio": 0.1718569274, "operatingIncome": 1193200000, "operatingIncomeRatio": 0.1746972958, "totalOtherIncomeExpensesNet": -288700000, "incomeBeforeTax": 904500000, "incomeBeforeTaxRatio": 0.132428515, "incomeTaxExpense": 340500000, "netIncome": 546000000, "netIncomeRatio": 0.0799402644, "eps": 1.32, "epsdiluted": 1.32, "weightedAverageShsOut": 413636364, "weightedAverageShsOutDil": 418425197, "link": "https://www.sec.gov/Archives/edgar/data/55067/000095012498001836/0000950124-98-001836-index.html", "finalLink": "https://www.sec.gov/Archives/edgar/data/55067/", "calculatedOtherExpenses": 287300000, "calculatedOperatingExpenses": 2654100000, "calculatedNetInterest": 0, "calculatedOtherIncome": -288700000, "calculatedIncomeNonControlling": 18000000, "calculatedEbitda": 1480500000}, {"date": "1996-12-31", "symbol": "K", "reportedCurrency": "USD", "cik": "0000055067", "fillingDate": "1997-03-27", "acceptedDate": "1997-03-27 00:00:00", "calendarYear": "1996", "period": "FY", "revenue": 6676600000, "costOfRevenue": 2871400000, "grossProfit": 3805200000, "grossProfitRatio": 0.5699308031, "researchAndDevelopmentExpenses": 0, "generalAndAdministrativeExpenses": 2458700000, "sellingAndMarketingExpenses": 0, "sellingGeneralAndAdministrativeExpenses": 2458700000, "otherExpenses": 251500000, "operatingExpenses": 2710200000, "costAndExpenses": 5581600000, "interestIncome": 0, "interestExpense": 0, "depreciationAndAmortization": 251500000, "ebitda": 1111400000, "ebitdaratio": 0.1664619717, "operatingIncome": 1095000000, "operatingIncomeRatio": 0.1640056316, "totalOtherIncomeExpensesNet": -235100000, "incomeBeforeTax": 859900000, "incomeBeforeTaxRatio": 0.1287930983, "incomeTaxExpense": 328900000, "netIncome": 531000000, "netIncomeRatio": 0.0795314981, "eps": 1.25, "epsdiluted": 1.25, "weightedAverageShsOut": 424800000, "weightedAverageShsOutDil": 424800000, "link": "https://www.sec.gov/Archives/edgar/data/55067/000095012497001847/0000950124-97-001847-index.html", "finalLink": "https://www.sec.gov/Archives/edgar/data/55067/", "calculatedOtherExpenses": 251500000, "calculatedOperatingExpenses": 2710200000, "calculatedNetInterest": 0, "calculatedOtherIncome": -235100000, "calculatedIncomeNonControlling": 0, "calculatedEbitda": 1346500000}, {"date": "1995-12-31", "symbol": "K", "reportedCurrency": "USD", "cik": "0000055067", "fillingDate": "1996-03-29", "acceptedDate": "1996-03-29 00:00:00", "calendarYear": "1995", "period": "FY", "revenue": 7003700000, "costOfRevenue": 2918900000, "grossProfit": 4084800000, "grossProfitRatio": 0.583234576, "researchAndDevelopmentExpenses": 0, "generalAndAdministrativeExpenses": 2566700000, "sellingAndMarketingExpenses": 0, "sellingGeneralAndAdministrativeExpenses": 2566700000, "otherExpenses": 258800000, "operatingExpenses": 2825500000, "costAndExpenses": 5744400000, "interestIncome": 0, "interestExpense": 0, "depreciationAndAmortization": 258800000, "ebitda": 1054800000, "ebitdaratio": 0.1506061082, "operatingIncome": 1259300000, "operatingIncomeRatio": 0.1798049602, "totalOtherIncomeExpensesNet": -463300000, "incomeBeforeTax": 796000000, "incomeBeforeTaxRatio": 0.1136542113, "incomeTaxExpense": 305700000, "netIncome": 490300000, "netIncomeRatio": 0.070005854, "eps": 1.12, "epsdiluted": 1.12, "weightedAverageShsOut": 437767857, "weightedAverageShsOutDil": 438984375, "link": "https://www.sec.gov/Archives/edgar/data/55067/000095012496001400/0000950124-96-001400-index.html", "finalLink": "https://www.sec.gov/Archives/edgar/data/55067/", "calculatedOtherExpenses": 258800000, "calculatedOperatingExpenses": 2825500000, "calculatedNetInterest": 0, "calculatedOtherIncome": -463300000, "calculatedIncomeNonControlling": 0, "calculatedEbitda": 1518100000}, {"date": "1994-12-31", "symbol": "K", "reportedCurrency": "USD", "cik": "0000055067", "fillingDate": "1995-03-28", "acceptedDate": "1995-03-28 00:00:00", "calendarYear": "1994", "period": "FY", "revenue": 6562000000, "costOfRevenue": 2694600000, "grossProfit": 3867400000, "grossProfitRatio": 0.5893629991, "researchAndDevelopmentExpenses": 0, "generalAndAdministrativeExpenses": 2448700000, "sellingAndMarketingExpenses": 0, "sellingGeneralAndAdministrativeExpenses": 2448700000, "otherExpenses": 256100000, "operatingExpenses": 2704800000, "costAndExpenses": 5399400000, "interestIncome": 0, "interestExpense": 0, "depreciationAndAmortization": 256100000, "ebitda": 1386100000, "ebitdaratio": 0.2112313319, "operatingIncome": 1162600000, "operatingIncomeRatio": 0.177171594, "totalOtherIncomeExpensesNet": -32600000, "incomeBeforeTax": 1130000000, "incomeBeforeTaxRatio": 0.1722035965, "incomeTaxExpense": 424600000, "netIncome": 705400000, "netIncomeRatio": 0.1074977141, "eps": 1.58, "epsdiluted": 1.58, "weightedAverageShsOut": 447873016, "weightedAverageShsOutDil": 450000000, "link": "https://www.sec.gov/Archives/edgar/data/55067/000095012495000907/0000950124-95-000907-index.html", "finalLink": "https://www.sec.gov/Archives/edgar/data/55067/", "calculatedOtherExpenses": 256100000, "calculatedOperatingExpenses": 2704800000, "calculatedNetInterest": 0, "calculatedOtherIncome": -32600000, "calculatedIncomeNonControlling": 0, "calculatedEbitda": 1418700000}, {"date": "1993-12-31", "symbol": "K", "reportedCurrency": "USD", "cik": "0000055067", "fillingDate": "1994-03-29", "acceptedDate": "1994-03-29 00:00:00", "calendarYear": "1993", "period": "FY", "revenue": 6295400000, "costOfRevenue": 2723800000, "grossProfit": 3571600000, "grossProfitRatio": 0.5673348794, "researchAndDevelopmentExpenses": 0, "generalAndAdministrativeExpenses": 0, "sellingAndMarketingExpenses": 0, "sellingGeneralAndAdministrativeExpenses": 2237500000, "otherExpenses": 265200000, "operatingExpenses": 2502700000, "costAndExpenses": 5226500000, "interestIncome": 0, "interestExpense": 0, "depreciationAndAmortization": 265200000, "ebitda": 1299300000, "ebitdaratio": 0.2063887918, "operatingIncome": 1068900000, "operatingIncomeRatio": 0.1697906408, "totalOtherIncomeExpensesNet": -34800000, "incomeBeforeTax": 1034100000, "incomeBeforeTaxRatio": 0.1642627951, "incomeTaxExpense": 353400000, "netIncome": 680700000, "netIncomeRatio": 0.1081265686, "eps": 1.47, "epsdiluted": 1.47, "weightedAverageShsOut": 463061224, "weightedAverageShsOutDil": 463061224, "link": "https://www.sec.gov/Archives/edgar/data/55067/000095012494000635/0000950124-94-000635-index.html", "finalLink": "https://www.sec.gov/Archives/edgar/data/55067/", "calculatedOtherExpenses": 265200000, "calculatedOperatingExpenses": 2502700000, "calculatedNetInterest": 0, "calculatedOtherIncome": -34800000, "calculatedIncomeNonControlling": 0, "calculatedEbitda": 1334100000}, {"date": "1992-12-31", "symbol": "K", "reportedCurrency": "USD", "cik": "0000055067", "fillingDate": "1992-12-31", "acceptedDate": "1992-12-30 19:00:00", "calendarYear": "1992", "period": "FY", "revenue": 6190600000, "costOfRevenue": 2756200000, "grossProfit": 3434400000, "grossProfitRatio": 0.5547765968, "researchAndDevelopmentExpenses": 0, "generalAndAdministrativeExpenses": 0, "sellingAndMarketingExpenses": 0, "sellingGeneralAndAdministrativeExpenses": 2140100000, "otherExpenses": 231500000, "operatingExpenses": 2371600000, "costAndExpenses": 5127800000, "interestIncome": 0, "interestExpense": 0, "depreciationAndAmortization": 231500000, "ebitda": 1050300000, "ebitdaratio": 0.1696604529, "operatingIncome": 1062800000, "operatingIncomeRatio": 0.1716796433, "totalOtherIncomeExpensesNet": 7600000, "incomeBeforeTax": 1070400000, "incomeBeforeTaxRatio": 0.1729073111, "incomeTaxExpense": 387600000, "netIncome": 431200000, "netIncomeRatio": 0.0696539915, "eps": 0.9, "epsdiluted": 0.9, "weightedAverageShsOut": 479111111, "weightedAverageShsOutDil": 479111111, "link": "", "finalLink": "", "calculatedOtherExpenses": 231500000, "calculatedOperatingExpenses": 2371600000, "calculatedNetInterest": 0, "calculatedOtherIncome": 7600000, "calculatedIncomeNonControlling": 251600000, "calculatedEbitda": 1294300000}, {"date": "1991-12-31", "symbol": "K", "reportedCurrency": "USD", "cik": "0000055067", "fillingDate": "1991-12-31", "acceptedDate": "1991-12-30 19:00:00", "calendarYear": "1991", "period": "FY", "revenue": 5786600000, "costOfRevenue": 2605900000, "grossProfit": 3180700000, "grossProfitRatio": 0.5496664708, "researchAndDevelopmentExpenses": 0, "generalAndAdministrativeExpenses": 0, "sellingAndMarketingExpenses": 0, "sellingGeneralAndAdministrativeExpenses": 1930000000, "otherExpenses": 222800000, "operatingExpenses": 2152800000, "costAndExpenses": 4758700000, "interestIncome": 0, "interestExpense": 0, "depreciationAndAmortization": 222800000, "ebitda": 1207000000, "ebitdaratio": 0.2085853524, "operatingIncome": 1027900000, "operatingIncomeRatio": 0.177634535, "totalOtherIncomeExpensesNet": -43700000, "incomeBeforeTax": 984200000, "incomeBeforeTaxRatio": 0.1700826046, "incomeTaxExpense": 378200000, "netIncome": 606000000, "netIncomeRatio": 0.1047247088, "eps": 1.26, "epsdiluted": 1.26, "weightedAverageShsOut": 480952381, "weightedAverageShsOutDil": 480952381, "link": "", "finalLink": "", "calculatedOtherExpenses": 222800000, "calculatedOperatingExpenses": 2152800000, "calculatedNetInterest": 0, "calculatedOtherIncome": -43700000, "calculatedIncomeNonControlling": 0, "calculatedEbitda": 1250700000}, {"date": "1990-12-31", "symbol": "K", "reportedCurrency": "USD", "cik": "0000055067", "fillingDate": "1990-12-31", "acceptedDate": "1990-12-30 19:00:00", "calendarYear": "1990", "period": "FY", "revenue": 5181400000, "costOfRevenue": 2476400000, "grossProfit": 2705000000, "grossProfitRatio": 0.522059675, "researchAndDevelopmentExpenses": 0, "generalAndAdministrativeExpenses": 0, "sellingAndMarketingExpenses": 0, "sellingGeneralAndAdministrativeExpenses": 1618800000, "otherExpenses": 200200000, "operatingExpenses": 1819000000, "costAndExpenses": 4295400000, "interestIncome": 0, "interestExpense": 0, "depreciationAndAmortization": 200200000, "ebitda": 1014900000, "ebitdaratio": 0.1958737021, "operatingIncome": 886000000, "operatingIncomeRatio": 0.1709962558, "totalOtherIncomeExpensesNet": -71300000, "incomeBeforeTax": 814700000, "incomeBeforeTaxRatio": 0.1572354962, "incomeTaxExpense": 311900000, "netIncome": 502800000, "netIncomeRatio": 0.0970394102, "eps": 1.04, "epsdiluted": 1.04, "weightedAverageShsOut": 483461538, "weightedAverageShsOutDil": 483461538, "link": "", "finalLink": "", "calculatedOtherExpenses": 200200000, "calculatedOperatingExpenses": 1819000000, "calculatedNetInterest": 0, "calculatedOtherIncome": -71300000, "calculatedIncomeNonControlling": 0, "calculatedEbitda": 1086200000}, {"date": "1989-12-31", "symbol": "K", "reportedCurrency": "USD", "cik": "0000055067", "fillingDate": "1989-12-31", "acceptedDate": "1989-12-30 19:00:00", "calendarYear": "1989", "period": "FY", "revenue": 4651700000, "costOfRevenue": 2246200000, "grossProfit": 2405500000, "grossProfitRatio": 0.5171227723, "researchAndDevelopmentExpenses": 0, "generalAndAdministrativeExpenses": 0, "sellingAndMarketingExpenses": 0, "sellingGeneralAndAdministrativeExpenses": 1505400000, "otherExpenses": 167600000, "operatingExpenses": 1673000000, "costAndExpenses": 3919200000, "interestIncome": 0, "interestExpense": 0, "depreciationAndAmortization": 167600000, "ebitda": 834600000, "ebitdaratio": 0.1794182772, "operatingIncome": 732500000, "operatingIncomeRatio": 0.1574693123, "totalOtherIncomeExpensesNet": -65500000, "incomeBeforeTax": 667000000, "incomeBeforeTaxRatio": 0.1433884386, "incomeTaxExpense": 244900000, "netIncome": 422100000, "netIncomeRatio": 0.0907410194, "eps": 0.97, "epsdiluted": 0.97, "weightedAverageShsOut": 435154639, "weightedAverageShsOutDil": 435154639, "link": "", "finalLink": "", "calculatedOtherExpenses": 167600000, "calculatedOperatingExpenses": 1673000000, "calculatedNetInterest": 0, "calculatedOtherIncome": -65500000, "calculatedIncomeNonControlling": 0, "calculatedEbitda": 900100000}, {"date": "1988-12-31", "symbol": "K", "reportedCurrency": "USD", "cik": "0000055067", "fillingDate": "1988-12-31", "acceptedDate": "1988-12-30 19:00:00", "calendarYear": "1988", "period": "FY", "revenue": 4348800000, "costOfRevenue": 2093700000, "grossProfit": 2255100000, "grossProfitRatio": 0.5185568433, "researchAndDevelopmentExpenses": 0, "generalAndAdministrativeExpenses": 0, "sellingAndMarketingExpenses": 0, "sellingGeneralAndAdministrativeExpenses": 1321300000, "otherExpenses": 139700000, "operatingExpenses": 1461000000, "costAndExpenses": 3554700000, "interestIncome": 0, "interestExpense": 0, "depreciationAndAmortization": 139700000, "ebitda": 914400000, "ebitdaratio": 0.2102649007, "operatingIncome": 794100000, "operatingIncomeRatio": 0.1826020971, "totalOtherIncomeExpensesNet": -19400000, "incomeBeforeTax": 774700000, "incomeBeforeTaxRatio": 0.1781410964, "incomeTaxExpense": 294300000, "netIncome": 480400000, "netIncomeRatio": 0.1104672553, "eps": 0.98, "epsdiluted": 0.98, "weightedAverageShsOut": 490204082, "weightedAverageShsOutDil": 490204082, "link": "", "finalLink": "", "calculatedOtherExpenses": 139700000, "calculatedOperatingExpenses": 1461000000, "calculatedNetInterest": 0, "calculatedOtherIncome": -19400000, "calculatedIncomeNonControlling": 0, "calculatedEbitda": 933800000}, {"date": "1987-12-31", "symbol": "K", "reportedCurrency": "USD", "cik": "0000055067", "fillingDate": "1987-12-31", "acceptedDate": "1987-12-30 19:00:00", "calendarYear": "1987", "period": "FY", "revenue": 3793000000, "costOfRevenue": 1826200000, "grossProfit": 1966800000, "grossProfitRatio": 0.5185341418, "researchAndDevelopmentExpenses": 0, "generalAndAdministrativeExpenses": 0, "sellingAndMarketingExpenses": 0, "sellingGeneralAndAdministrativeExpenses": 1162500000, "otherExpenses": 113100000, "operatingExpenses": 1275600000, "costAndExpenses": 3101800000, "interestIncome": 0, "interestExpense": 0, "depreciationAndAmortization": 113100000, "ebitda": 778800000, "ebitdaratio": 0.2053255998, "operatingIncome": 691200000, "operatingIncomeRatio": 0.1822304245, "totalOtherIncomeExpensesNet": -25500000, "incomeBeforeTax": 665700000, "incomeBeforeTaxRatio": 0.1755075138, "incomeTaxExpense": 269800000, "netIncome": 395900000, "netIncomeRatio": 0.104376483, "eps": 0.8, "epsdiluted": 0.8, "weightedAverageShsOut": 494875000, "weightedAverageShsOutDil": 494875000, "link": "", "finalLink": "", "calculatedOtherExpenses": 113100000, "calculatedOperatingExpenses": 1275600000, "calculatedNetInterest": 0, "calculatedOtherIncome": -25500000, "calculatedIncomeNonControlling": 0, "calculatedEbitda": 804300000}, {"date": "1986-12-31", "symbol": "K", "reportedCurrency": "USD", "cik": "0000055067", "fillingDate": "1986-12-31", "acceptedDate": "1986-12-30 19:00:00", "calendarYear": "1986", "period": "FY", "revenue": 3340700000, "costOfRevenue": 1651900000, "grossProfit": 1688800000, "grossProfitRatio": 0.5055227946, "researchAndDevelopmentExpenses": 0, "generalAndAdministrativeExpenses": 0, "sellingAndMarketingExpenses": 0, "sellingGeneralAndAdministrativeExpenses": 948700000, "otherExpenses": 92700000, "operatingExpenses": 1041400000, "costAndExpenses": 2693300000, "interestIncome": 0, "interestExpense": 0, "depreciationAndAmortization": 92700000, "ebitda": 679300000, "ebitdaratio": 0.2033406172, "operatingIncome": 647400000, "operatingIncomeRatio": 0.1937917203, "totalOtherIncomeExpensesNet": -60800000, "incomeBeforeTax": 586600000, "incomeBeforeTaxRatio": 0.1755919418, "incomeTaxExpense": 267700000, "netIncome": 318900000, "netIncomeRatio": 0.0954590355, "eps": 0.65, "epsdiluted": 0.65, "weightedAverageShsOut": 490615385, "weightedAverageShsOutDil": 490615385, "link": "", "finalLink": "", "calculatedOtherExpenses": 92700000, "calculatedOperatingExpenses": 1041400000, "calculatedNetInterest": 0, "calculatedOtherIncome": -60800000, "calculatedIncomeNonControlling": 0, "calculatedEbitda": 740100000}, {"date": "1985-12-31", "symbol": "K", "reportedCurrency": "USD", "cik": "0000055067", "fillingDate": "1985-12-31", "acceptedDate": "1985-12-30 19:00:00", "calendarYear": "1985", "period": "FY", "revenue": 2930100000, "costOfRevenue": 1529600000, "grossProfit": 1400500000, "grossProfitRatio": 0.4779700352, "researchAndDevelopmentExpenses": 0, "generalAndAdministrativeExpenses": 0, "sellingAndMarketingExpenses": 0, "sellingGeneralAndAdministrativeExpenses": 766700000, "otherExpenses": 75400000, "operatingExpenses": 842100000, "costAndExpenses": 2371700000, "interestIncome": 0, "interestExpense": 0, "depreciationAndAmortization": 75400000, "ebitda": 602800000, "ebitdaratio": 0.205726767, "operatingIncome": 558400000, "operatingIncomeRatio": 0.1905737006, "totalOtherIncomeExpensesNet": -31000000, "incomeBeforeTax": 527400000, "incomeBeforeTaxRatio": 0.1799938569, "incomeTaxExpense": 246300000, "netIncome": 281100000, "netIncomeRatio": 0.0959352923, "eps": 0.57, "epsdiluted": 0.57, "weightedAverageShsOut": 493157895, "weightedAverageShsOutDil": 493157895, "link": "", "finalLink": "", "calculatedOtherExpenses": 75400000, "calculatedOperatingExpenses": 842100000, "calculatedNetInterest": 0, "calculatedOtherIncome": -31000000, "calculatedIncomeNonControlling": 0, "calculatedEbitda": 633800000}]}