{"originalCurrency": "USD", "convertedCurrency": "USD", "report": [{"date": "2023-12-30", "symbol": "KAI", "reportedCurrency": "USD", "cik": "0000886346", "fillingDate": "2024-02-27", "acceptedDate": "2024-02-27 15:11:57", "calendarYear": "2023", "period": "FY", "revenue": 957672000, "costOfRevenue": 541366000, "grossProfit": 416306000, "grossProfitRatio": 0.434706246, "researchAndDevelopmentExpenses": 13562000, "generalAndAdministrativeExpenses": 0, "sellingAndMarketingExpenses": 0, "sellingGeneralAndAdministrativeExpenses": 229191000, "otherExpenses": -5255000, "operatingExpenses": 248008000, "costAndExpenses": 789374000, "interestIncome": 1758000, "interestExpense": 8534000, "depreciationAndAmortization": 33296999, "ebitda": 201595000, "ebitdaratio": 0.2105052669, "operatingIncome": 168298000, "operatingIncomeRatio": 0.1757365779, "totalOtherIncomeExpensesNet": -9282000, "incomeBeforeTax": 159016000, "incomeBeforeTaxRatio": 0.1660443242, "incomeTaxExpense": 42210000, "netIncome": 116069000, "netIncomeRatio": 0.1211991162, "eps": 9.92, "epsdiluted": 9.9, "weightedAverageShsOut": 11700000, "weightedAverageShsOutDil": 11729000, "link": "https://www.sec.gov/Archives/edgar/data/886346/000088634624000026/0000886346-24-000026-index.htm", "finalLink": "https://www.sec.gov/Archives/edgar/data/886346/000088634624000026/kai-20231230.htm", "calculatedOtherExpenses": 5255000, "calculatedOperatingExpenses": 248008000, "calculatedNetInterest": -6776000, "calculatedOtherIncome": -2506000, "calculatedIncomeNonControlling": 737000, "calculatedEbitda": 201594999}, {"date": "2022-12-31", "symbol": "KAI", "reportedCurrency": "USD", "cik": "0000886346", "fillingDate": "2023-02-28", "acceptedDate": "2023-02-28 15:48:00", "calendarYear": "2022", "period": "FY", "revenue": 904739000, "costOfRevenue": 515184000, "grossProfit": 389555000, "grossProfitRatio": 0.4305716897, "researchAndDevelopmentExpenses": 12724000, "generalAndAdministrativeExpenses": 0, "sellingAndMarketingExpenses": 0, "sellingGeneralAndAdministrativeExpenses": 224405000, "otherExpenses": -72000, "operatingExpenses": 237129000, "costAndExpenses": 752313000, "interestIncome": 904000, "interestExpense": 6478000, "depreciationAndAmortization": -18024000, "ebitda": 153258000, "ebitdaratio": 0.1693947094, "operatingIncome": 171282000, "operatingIncomeRatio": 0.1893164769, "totalOtherIncomeExpensesNet": -5646000, "incomeBeforeTax": 165636000, "incomeBeforeTaxRatio": 0.1830760031, "incomeTaxExpense": 43906000, "netIncome": 120928000, "netIncomeRatio": 0.1336606469, "eps": 10.38, "epsdiluted": 10.35, "weightedAverageShsOut": 11654000, "weightedAverageShsOutDil": 11688000, "link": "https://www.sec.gov/Archives/edgar/data/886346/000088634623000019/0000886346-23-000019-index.htm", "finalLink": "https://www.sec.gov/Archives/edgar/data/886346/000088634623000019/kai-20221231.htm", "calculatedOtherExpenses": -18856000, "calculatedOperatingExpenses": 218273000, "calculatedNetInterest": -5574000, "calculatedOtherIncome": -72000, "calculatedIncomeNonControlling": 802000, "calculatedEbitda": 153258000}, {"date": "2021-12-31", "symbol": "KAI", "reportedCurrency": "USD", "cik": "0000886346", "fillingDate": "2022-03-01", "acceptedDate": "2022-03-01 16:29:46", "calendarYear": "2021", "period": "FY", "revenue": 786579000, "costOfRevenue": 449214000, "grossProfit": 337365000, "grossProfitRatio": 0.4289016106, "researchAndDevelopmentExpenses": 11403000, "generalAndAdministrativeExpenses": 0, "sellingAndMarketingExpenses": 0, "sellingGeneralAndAdministrativeExpenses": 208787000, "otherExpenses": -104000, "operatingExpenses": 220190000, "costAndExpenses": 669404000, "interestIncome": 267000, "interestExpense": 4821000, "depreciationAndAmortization": 34930000, "ebitda": 151640000, "ebitdaratio": 0.1927841959, "operatingIncome": 116710000, "operatingIncomeRatio": 0.1483767047, "totalOtherIncomeExpensesNet": -4658000, "incomeBeforeTax": 112052000, "incomeBeforeTaxRatio": 0.1424548583, "incomeTaxExpense": 27171000, "netIncome": 84043000, "netIncomeRatio": 0.1068462291, "eps": 7.26, "epsdiluted": 7.21, "weightedAverageShsOut": 11579000, "weightedAverageShsOutDil": 11655000, "link": "https://www.sec.gov/Archives/edgar/data/886346/000088634622000018/0000886346-22-000018-index.htm", "finalLink": "https://www.sec.gov/Archives/edgar/data/886346/000088634622000018/kai-20220101.htm", "calculatedOtherExpenses": 465000, "calculatedOperatingExpenses": 220655000, "calculatedNetInterest": -4554000, "calculatedOtherIncome": -104000, "calculatedIncomeNonControlling": 838000, "calculatedEbitda": 151640000}, {"date": "2020-12-31", "symbol": "KAI", "reportedCurrency": "USD", "cik": "0000886346", "fillingDate": "2021-03-02", "acceptedDate": "2021-03-02 15:58:23", "calendarYear": "2020", "period": "FY", "revenue": 635028000, "costOfRevenue": 357722000, "grossProfit": 277306000, "grossProfitRatio": 0.4366831069, "researchAndDevelopmentExpenses": 11298000, "generalAndAdministrativeExpenses": 0, "sellingAndMarketingExpenses": 0, "sellingGeneralAndAdministrativeExpenses": 181905000, "otherExpenses": -195000, "operatingExpenses": 193203000, "costAndExpenses": 550925000, "interestIncome": 181000, "interestExpense": 7423000, "depreciationAndAmortization": 34299000, "ebitda": 115423000, "ebitdaratio": 0.1817604893, "operatingIncome": 81124000, "operatingIncomeRatio": 0.1277486977, "totalOtherIncomeExpensesNet": -7437000, "incomeBeforeTax": 73687000, "incomeBeforeTaxRatio": 0.1160374031, "incomeTaxExpense": 17948000, "netIncome": 55196000, "netIncomeRatio": 0.086919002, "eps": 4.81, "epsdiluted": 4.77, "weightedAverageShsOut": 11482000, "weightedAverageShsOutDil": 11564000, "link": "https://www.sec.gov/Archives/edgar/data/886346/000088634621000021/0000886346-21-000021-index.htm", "finalLink": "https://www.sec.gov/Archives/edgar/data/886346/000088634621000021/kai-20210102.htm", "calculatedOtherExpenses": 2979000, "calculatedOperatingExpenses": 196182000, "calculatedNetInterest": -7242000, "calculatedOtherIncome": -195000, "calculatedIncomeNonControlling": 543000, "calculatedEbitda": 115423000}, {"date": "2019-12-28", "symbol": "KAI", "reportedCurrency": "USD", "cik": "0000886346", "fillingDate": "2020-02-25", "acceptedDate": "2020-02-25 16:51:20", "calendarYear": "2019", "period": "FY", "revenue": 704644000, "costOfRevenue": 410884000, "grossProfit": 293760000, "grossProfitRatio": 0.4168913664, "researchAndDevelopmentExpenses": 10884000, "generalAndAdministrativeExpenses": 0, "sellingAndMarketingExpenses": 0, "sellingGeneralAndAdministrativeExpenses": 192525000, "otherExpenses": -6359000, "operatingExpenses": 203409000, "costAndExpenses": 614293000, "interestIncome": 213000, "interestExpense": 12755000, "depreciationAndAmortization": 28772000, "ebitda": 116595000, "ebitdaratio": 0.1654665335, "operatingIncome": 87823000, "operatingIncomeRatio": 0.1246345672, "totalOtherIncomeExpensesNet": -18901000, "incomeBeforeTax": 68922000, "incomeBeforeTaxRatio": 0.0978110933, "incomeTaxExpense": 16358000, "netIncome": 52068000, "netIncomeRatio": 0.0738926323, "eps": 4.63, "epsdiluted": 4.54, "weightedAverageShsOut": 11235000, "weightedAverageShsOutDil": 11457000, "link": "https://www.sec.gov/Archives/edgar/data/886346/000088634620000019/0000886346-20-000019-index.htm", "finalLink": "https://www.sec.gov/Archives/edgar/data/886346/000088634620000019/kai201910k.htm", "calculatedOtherExpenses": 2528000, "calculatedOperatingExpenses": 205937000, "calculatedNetInterest": -12542000, "calculatedOtherIncome": -6359000, "calculatedIncomeNonControlling": 496000, "calculatedEbitda": 116595000}, {"date": "2018-12-29", "symbol": "KAI", "reportedCurrency": "USD", "cik": "0000886346", "fillingDate": "2019-02-26", "acceptedDate": "2019-02-26 16:19:55", "calendarYear": "2018", "period": "FY", "revenue": 633786000, "costOfRevenue": 355505000, "grossProfit": 278281000, "grossProfitRatio": 0.439077228, "researchAndDevelopmentExpenses": 10552000, "generalAndAdministrativeExpenses": 0, "sellingAndMarketingExpenses": 0, "sellingGeneralAndAdministrativeExpenses": 177414000, "otherExpenses": -2417000, "operatingExpenses": 187966000, "costAndExpenses": 543471000, "interestIncome": 379000, "interestExpense": 7032000, "depreciationAndAmortization": 23568000, "ebitda": 111845000, "ebitdaratio": 0.1764712379, "operatingIncome": 88598000, "operatingIncomeRatio": 0.1397916647, "totalOtherIncomeExpensesNet": -4134000, "incomeBeforeTax": 79528000, "incomeBeforeTaxRatio": 0.1254808405, "incomeTaxExpense": 18482000, "netIncome": 60413000, "netIncomeRatio": 0.0953208181, "eps": 5.45, "epsdiluted": 5.3, "weightedAverageShsOut": 11086000, "weightedAverageShsOutDil": 11400000, "link": "https://www.sec.gov/Archives/edgar/data/886346/000088634619000019/0000886346-19-000019-index.htm", "finalLink": "https://www.sec.gov/Archives/edgar/data/886346/000088634619000019/kai201810k.htm", "calculatedOtherExpenses": 1717000, "calculatedOperatingExpenses": 189683000, "calculatedNetInterest": -6653000, "calculatedOtherIncome": -2417000, "calculatedIncomeNonControlling": 633000, "calculatedEbitda": 112166000}, {"date": "2017-12-30", "symbol": "KAI", "reportedCurrency": "USD", "cik": "0000886346", "fillingDate": "2018-02-27", "acceptedDate": "2018-02-27 17:04:54", "calendarYear": "2017", "period": "FY", "revenue": 515033000, "costOfRevenue": 283999000, "grossProfit": 231034000, "grossProfitRatio": 0.4485809647, "researchAndDevelopmentExpenses": 9563000, "generalAndAdministrativeExpenses": 0, "sellingAndMarketingExpenses": 0, "sellingGeneralAndAdministrativeExpenses": 160515000, "otherExpenses": 0, "operatingExpenses": 170078000, "costAndExpenses": 454077000, "interestIncome": 447000, "interestExpense": 3547000, "depreciationAndAmortization": 19375000, "ebitda": 80778000, "ebitdaratio": 0.1568404355, "operatingIncome": 60753000, "operatingIncomeRatio": 0.1179594317, "totalOtherIncomeExpensesNet": -203000, "incomeBeforeTax": 57653000, "incomeBeforeTaxRatio": 0.1119403999, "incomeTaxExpense": 26070000, "netIncome": 31092000, "netIncomeRatio": 0.0603689472, "eps": 2.83, "epsdiluted": 2.75, "weightedAverageShsOut": 10991000, "weightedAverageShsOutDil": 11312000, "link": "https://www.sec.gov/Archives/edgar/data/886346/000088634618000018/0000886346-18-000018-index.htm", "finalLink": "https://www.sec.gov/Archives/edgar/data/886346/000088634618000018/kai201710k.htm", "calculatedOtherExpenses": 203000, "calculatedOperatingExpenses": 170281000, "calculatedNetInterest": -3100000, "calculatedOtherIncome": 0, "calculatedIncomeNonControlling": 491000, "calculatedEbitda": 80128000}, {"date": "2016-12-31", "symbol": "KAI", "reportedCurrency": "USD", "cik": "0000886346", "fillingDate": "2017-03-15", "acceptedDate": "2017-03-15 16:21:46", "calendarYear": "2016", "period": "FY", "revenue": 414126000, "costOfRevenue": 225737000, "grossProfit": 188389000, "grossProfitRatio": 0.4549074436, "researchAndDevelopmentExpenses": 7380000, "generalAndAdministrativeExpenses": 0, "sellingAndMarketingExpenses": 0, "sellingGeneralAndAdministrativeExpenses": 135753000, "otherExpenses": -3091000, "operatingExpenses": 143133000, "costAndExpenses": 368870000, "interestIncome": 269000, "interestExpense": 1293000, "depreciationAndAmortization": 14326000, "ebitda": 59851000, "ebitdaratio": 0.1445236474, "operatingIncome": 45573000, "operatingIncomeRatio": 0.1100462178, "totalOtherIncomeExpensesNet": 317000, "incomeBeforeTax": 44549000, "incomeBeforeTaxRatio": 0.1075735404, "incomeTaxExpense": 12083000, "netIncome": 32077000, "netIncomeRatio": 0.0774571024, "eps": 2.95, "epsdiluted": 2.88, "weightedAverageShsOut": 10869000, "weightedAverageShsOutDil": 11149000, "link": "https://www.sec.gov/Archives/edgar/data/886346/000088634617000054/0000886346-17-000054-index.htm", "finalLink": "https://www.sec.gov/Archives/edgar/data/886346/000088634617000054/kai201610k.htm", "calculatedOtherExpenses": -317000, "calculatedOperatingExpenses": 142816000, "calculatedNetInterest": -1024000, "calculatedOtherIncome": 0, "calculatedIncomeNonControlling": 389000, "calculatedEbitda": 59899000}, {"date": "2015-12-31", "symbol": "KAI", "reportedCurrency": "USD", "cik": "0000886346", "fillingDate": "2016-03-16", "acceptedDate": "2016-03-16 16:26:08", "calendarYear": "2015", "period": "FY", "revenue": 390107000, "costOfRevenue": 209982000, "grossProfit": 180125000, "grossProfitRatio": 0.461732294, "researchAndDevelopmentExpenses": 6677000, "generalAndAdministrativeExpenses": 0, "sellingAndMarketingExpenses": 0, "sellingGeneralAndAdministrativeExpenses": 122814000, "otherExpenses": 1.4901161193847656e-08, "operatingExpenses": 129491000, "costAndExpenses": 339473000, "interestIncome": 200000, "interestExpense": 948000, "depreciationAndAmortization": 10821000, "ebitda": 61655000, "ebitdaratio": 0.1580463821, "operatingIncome": 50119000, "operatingIncomeRatio": 0.1284750081, "totalOtherIncomeExpensesNet": -515000, "incomeBeforeTax": 49371000, "incomeBeforeTaxRatio": 0.1265575855, "incomeTaxExpense": 14762000, "netIncome": 34389000, "netIncomeRatio": 0.0881527376, "eps": 3.16, "epsdiluted": 3.1, "weightedAverageShsOut": 10867000, "weightedAverageShsOutDil": 11094000, "link": "https://www.sec.gov/Archives/edgar/data/886346/000088634616000221/0000886346-16-000221-index.htm", "finalLink": "https://www.sec.gov/Archives/edgar/data/886346/000088634616000221/kai201510k.htm", "calculatedOtherExpenses": 515000, "calculatedOperatingExpenses": 130006000, "calculatedNetInterest": -748000, "calculatedOtherIncome": 0, "calculatedIncomeNonControlling": 220000, "calculatedEbitda": 60940000}, {"date": "2014-12-31", "symbol": "KAI", "reportedCurrency": "USD", "cik": "0000886346", "fillingDate": "2015-03-18", "acceptedDate": "2015-03-18 16:34:54", "calendarYear": "2014", "period": "FY", "revenue": 402127000, "costOfRevenue": 223754000, "grossProfit": 178373000, "grossProfitRatio": 0.4435737963, "researchAndDevelopmentExpenses": 6163000, "generalAndAdministrativeExpenses": 0, "sellingAndMarketingExpenses": 0, "sellingGeneralAndAdministrativeExpenses": 129319000, "otherExpenses": 0, "operatingExpenses": 135482000, "costAndExpenses": 359236000, "interestIncome": 398000, "interestExpense": 966000, "depreciationAndAmortization": 11189000, "ebitda": 54478000, "ebitdaratio": 0.1354746137, "operatingIncome": 42086000, "operatingIncomeRatio": 0.1046584785, "totalOtherIncomeExpensesNet": -805000, "incomeBeforeTax": 41518000, "incomeBeforeTaxRatio": 0.1032459895, "incomeTaxExpense": 12447000, "netIncome": 28659000, "netIncomeRatio": 0.0712685296, "eps": 2.61, "epsdiluted": 2.56, "weightedAverageShsOut": 10988000, "weightedAverageShsOutDil": 11210000, "link": "https://www.sec.gov/Archives/edgar/data/886346/000088634615000088/0000886346-15-000088-index.htm", "finalLink": "https://www.sec.gov/Archives/edgar/data/886346/000088634615000088/kai201410k.htm", "calculatedOtherExpenses": 805000, "calculatedOperatingExpenses": 136287000, "calculatedNetInterest": -568000, "calculatedOtherIncome": 0, "calculatedIncomeNonControlling": 412000, "calculatedEbitda": 53275000}, {"date": "2013-12-28", "symbol": "KAI", "reportedCurrency": "USD", "cik": "0000886346", "fillingDate": "2014-03-12", "acceptedDate": "2014-03-12 17:15:04", "calendarYear": "2013", "period": "FY", "revenue": 344499000, "costOfRevenue": 186795000, "grossProfit": 157704000, "grossProfitRatio": 0.4577778165, "researchAndDevelopmentExpenses": 6717000, "generalAndAdministrativeExpenses": 0, "sellingAndMarketingExpenses": 0, "sellingGeneralAndAdministrativeExpenses": 117581000, "otherExpenses": 0, "operatingExpenses": 124298000, "costAndExpenses": 311093000, "interestIncome": 623000, "interestExpense": 900000, "depreciationAndAmortization": 9775000, "ebitda": 43804000, "ebitdaratio": 0.1271527639, "operatingIncome": 33303000, "operatingIncomeRatio": 0.0966708176, "totalOtherIncomeExpensesNet": -103000, "incomeBeforeTax": 33026000, "incomeBeforeTaxRatio": 0.0958667514, "incomeTaxExpense": 9316000, "netIncome": 23419000, "netIncomeRatio": 0.067979878, "eps": 2.1, "epsdiluted": 2.07, "weightedAverageShsOut": 11153000, "weightedAverageShsOutDil": 11340000, "link": "https://www.sec.gov/Archives/edgar/data/886346/000088634614000013/0000886346-14-000013-index.htm", "finalLink": "https://www.sec.gov/Archives/edgar/data/886346/000088634614000013/form10k.htm", "calculatedOtherExpenses": 103000, "calculatedOperatingExpenses": 124401000, "calculatedNetInterest": -277000, "calculatedOtherIncome": 0, "calculatedIncomeNonControlling": 291000, "calculatedEbitda": 43078000}, {"date": "2012-12-29", "symbol": "KAI", "reportedCurrency": "USD", "cik": "0000886346", "fillingDate": "2013-03-13", "acceptedDate": "2013-03-13 16:16:52", "calendarYear": "2012", "period": "FY", "revenue": 331751000, "costOfRevenue": 185949000, "grossProfit": 145802000, "grossProfitRatio": 0.4394922698, "researchAndDevelopmentExpenses": 5950000, "generalAndAdministrativeExpenses": 0, "sellingAndMarketingExpenses": 0, "sellingGeneralAndAdministrativeExpenses": 103101000, "otherExpenses": 0, "operatingExpenses": 109051000, "costAndExpenses": 295000000, "interestIncome": 319000, "interestExpense": 833000, "depreciationAndAmortization": 8384000, "ebitda": 37070000, "ebitdaratio": 0.1117404318, "operatingIncome": 36444000, "operatingIncomeRatio": 0.1098534744, "totalOtherIncomeExpensesNet": -307000, "incomeBeforeTax": 35930000, "incomeBeforeTaxRatio": 0.1083041197, "incomeTaxExpense": 4852000, "netIncome": 31623000, "netIncomeRatio": 0.0953214911, "eps": 2.76, "epsdiluted": 2.73, "weightedAverageShsOut": 11456000, "weightedAverageShsOutDil": 11590000, "link": "https://www.sec.gov/Archives/edgar/data/886346/000114036113012297/0001140361-13-012297-index.htm", "finalLink": "https://www.sec.gov/Archives/edgar/data/886346/000114036113012297/form10k.htm", "calculatedOtherExpenses": 307000, "calculatedOperatingExpenses": 109358000, "calculatedNetInterest": -514000, "calculatedOtherIncome": 0, "calculatedIncomeNonControlling": -545000, "calculatedEbitda": 44828000}, {"date": "2011-12-31", "symbol": "KAI", "reportedCurrency": "USD", "cik": "0000886346", "fillingDate": "2012-03-14", "acceptedDate": "2012-03-14 15:04:14", "calendarYear": "2011", "period": "FY", "revenue": 335460000, "costOfRevenue": 190247000, "grossProfit": 145213000, "grossProfitRatio": 0.4328772432, "researchAndDevelopmentExpenses": 5717000, "generalAndAdministrativeExpenses": 0, "sellingAndMarketingExpenses": 0, "sellingGeneralAndAdministrativeExpenses": 102660000, "otherExpenses": 0, "operatingExpenses": 108377000, "costAndExpenses": 298624000, "interestIncome": 499000, "interestExpense": 1066000, "depreciationAndAmortization": 7936000, "ebitda": 37335000, "ebitdaratio": 0.1112949383, "operatingIncome": 37335000, "operatingIncomeRatio": 0.1112949383, "totalOtherIncomeExpensesNet": 1874000, "incomeBeforeTax": 38143000, "incomeBeforeTaxRatio": 0.1137035712, "incomeTaxExpense": 4285000, "netIncome": 33575000, "netIncomeRatio": 0.1000864485, "eps": 2.77, "epsdiluted": 2.74, "weightedAverageShsOut": 12124000, "weightedAverageShsOutDil": 12261000, "link": "https://www.sec.gov/Archives/edgar/data/886346/000119312512114609/0001193125-12-114609-index.htm", "finalLink": "https://www.sec.gov/Archives/edgar/data/886346/000119312512114609/d262174d10k.htm", "calculatedOtherExpenses": -499000, "calculatedOperatingExpenses": 107878000, "calculatedNetInterest": -567000, "calculatedOtherIncome": 1375000, "calculatedIncomeNonControlling": 283000, "calculatedEbitda": 45271000}, {"date": "2010-12-31", "symbol": "KAI", "reportedCurrency": "USD", "cik": "0000886346", "fillingDate": "2011-03-17", "acceptedDate": "2011-03-17 15:17:47", "calendarYear": "2010", "period": "FY", "revenue": 270029000, "costOfRevenue": 151604000, "grossProfit": 118425000, "grossProfitRatio": 0.4385640061, "researchAndDevelopmentExpenses": 5269000, "generalAndAdministrativeExpenses": 0, "sellingAndMarketingExpenses": 0, "sellingGeneralAndAdministrativeExpenses": 89212000, "otherExpenses": 0, "operatingExpenses": 94481000, "costAndExpenses": 246085000, "interestIncome": 214000, "interestExpense": 1315000, "depreciationAndAmortization": 7228000, "ebitda": 24158000, "ebitdaratio": 0.0894644649, "operatingIncome": 24158000, "operatingIncomeRatio": 0.0894644649, "totalOtherIncomeExpensesNet": 1005000, "incomeBeforeTax": 23848000, "incomeBeforeTaxRatio": 0.0883164401, "incomeTaxExpense": 5198000, "netIncome": 18507000, "netIncomeRatio": 0.0685370831, "eps": 1.5, "epsdiluted": 1.48, "weightedAverageShsOut": 12339000, "weightedAverageShsOutDil": 12466000, "link": "https://www.sec.gov/Archives/edgar/data/886346/000119312511069984/0001193125-11-069984-index.htm", "finalLink": "https://www.sec.gov/Archives/edgar/data/886346/000119312511069984/d10k.htm", "calculatedOtherExpenses": -214000, "calculatedOperatingExpenses": 94267000, "calculatedNetInterest": -1101000, "calculatedOtherIncome": 791000, "calculatedIncomeNonControlling": 143000, "calculatedEbitda": 31386000}, {"date": "2009-12-31", "symbol": "KAI", "reportedCurrency": "USD", "cik": "0000886346", "fillingDate": "2010-03-16", "acceptedDate": "2010-03-16 15:38:04", "calendarYear": "2009", "period": "FY", "revenue": 225565000, "costOfRevenue": 134759000, "grossProfit": 90806000, "grossProfitRatio": 0.4025713209, "researchAndDevelopmentExpenses": 5622000, "generalAndAdministrativeExpenses": 0, "sellingAndMarketingExpenses": 0, "sellingGeneralAndAdministrativeExpenses": 81229000, "otherExpenses": 0, "operatingExpenses": 86851000, "costAndExpenses": 221610000, "interestIncome": 387000, "interestExpense": 2171000, "depreciationAndAmortization": 7448000, "ebitda": 4342000, "ebitdaratio": 0.0192494403, "operatingIncome": 4342000, "operatingIncomeRatio": 0.0192494403, "totalOtherIncomeExpensesNet": -4429000, "incomeBeforeTax": -2258000, "incomeBeforeTaxRatio": -0.0100104183, "incomeTaxExpense": 3692000, "netIncome": -5924000, "netIncomeRatio": -0.0262629397, "eps": -0.48, "epsdiluted": -0.48, "weightedAverageShsOut": 12331000, "weightedAverageShsOutDil": 12331000, "link": "https://www.sec.gov/Archives/edgar/data/886346/000119312510058296/0001193125-10-058296-index.htm", "finalLink": "https://www.sec.gov/Archives/edgar/data/886346/000119312510058296/d10k.htm", "calculatedOtherExpenses": -387000, "calculatedOperatingExpenses": 86464000, "calculatedNetInterest": -1784000, "calculatedOtherIncome": -4816000, "calculatedIncomeNonControlling": -26000, "calculatedEbitda": 11790000}, {"date": "2008-12-31", "symbol": "KAI", "reportedCurrency": "USD", "cik": "0000886346", "fillingDate": "2009-03-10", "acceptedDate": "2009-03-09 20:47:13", "calendarYear": "2008", "period": "FY", "revenue": 329158000, "costOfRevenue": 193355000, "grossProfit": 135803000, "grossProfitRatio": 0.4125769387, "researchAndDevelopmentExpenses": 6187000, "generalAndAdministrativeExpenses": 0, "sellingAndMarketingExpenses": 0, "sellingGeneralAndAdministrativeExpenses": 100280000, "otherExpenses": 40333000, "operatingExpenses": 146800000, "costAndExpenses": 340155000, "interestIncome": 0, "interestExpense": 45438000, "depreciationAndAmortization": 7530000, "ebitda": 38876000, "ebitdaratio": 0.1181074135, "operatingIncome": 31346000, "operatingIncomeRatio": 0.0952308618, "totalOtherIncomeExpensesNet": -42343000, "incomeBeforeTax": -13810000, "incomeBeforeTaxRatio": -0.041955535, "incomeTaxExpense": 8466000, "netIncome": -22558000, "netIncomeRatio": -0.0685324373, "eps": -1.67, "epsdiluted": -1.67, "weightedAverageShsOut": 13527000, "weightedAverageShsOutDil": 13527000, "link": "https://www.sec.gov/Archives/edgar/data/886346/000119312509048875/0001193125-09-048875-index.htm", "finalLink": "https://www.sec.gov/Archives/edgar/data/886346/000119312509048875/d10k.htm", "calculatedOtherExpenses": -2010000, "calculatedOperatingExpenses": 104457000, "calculatedNetInterest": -45438000, "calculatedOtherIncome": 282000, "calculatedIncomeNonControlling": 282000, "calculatedEbitda": 38876000}, {"date": "2007-12-29", "symbol": "KAI", "reportedCurrency": "USD", "cik": "0000886346", "fillingDate": "2008-03-11", "acceptedDate": "2008-03-11 17:17:40", "calendarYear": "2007", "period": "FY", "revenue": 366496000, "costOfRevenue": 227716000, "grossProfit": 138780000, "grossProfitRatio": 0.3786671614, "researchAndDevelopmentExpenses": 5957000, "generalAndAdministrativeExpenses": 0, "sellingAndMarketingExpenses": 0, "sellingGeneralAndAdministrativeExpenses": 95616000, "otherExpenses": 0, "operatingExpenses": 101573000, "costAndExpenses": 329289000, "interestIncome": 0, "interestExpense": 4924000, "depreciationAndAmortization": 7363000, "ebitda": 44739000, "ebitdaratio": 0.1220722736, "operatingIncome": 37376000, "operatingIncomeRatio": 0.1019820134, "totalOtherIncomeExpensesNet": -169000, "incomeBeforeTax": 35522000, "incomeBeforeTaxRatio": 0.0969232952, "incomeTaxExpense": 9784000, "netIncome": 22668000, "netIncomeRatio": 0.0618506068, "eps": 1.61, "epsdiluted": 1.59, "weightedAverageShsOut": 14116000, "weightedAverageShsOutDil": 14290000, "link": "https://www.sec.gov/Archives/edgar/data/886346/000119312508053030/0001193125-08-053030-index.htm", "finalLink": "https://www.sec.gov/Archives/edgar/data/886346/000119312508053030/d10k.htm", "calculatedOtherExpenses": -169000, "calculatedOperatingExpenses": 101404000, "calculatedNetInterest": -4924000, "calculatedOtherIncome": 3070000, "calculatedIncomeNonControlling": 3070000, "calculatedEbitda": 44739000}, {"date": "2006-12-30", "symbol": "KAI", "reportedCurrency": "USD", "cik": "0000886346", "fillingDate": "2007-03-13", "acceptedDate": "2007-03-13 14:51:19", "calendarYear": "2006", "period": "FY", "revenue": 341613000, "costOfRevenue": 214919000, "grossProfit": 126694000, "grossProfitRatio": 0.370869961, "researchAndDevelopmentExpenses": 6201000, "generalAndAdministrativeExpenses": 0, "sellingAndMarketingExpenses": 0, "sellingGeneralAndAdministrativeExpenses": 90236000, "otherExpenses": 0, "operatingExpenses": 96437000, "costAndExpenses": 311356000, "interestIncome": 0, "interestExpense": 5287000, "depreciationAndAmortization": 7758000, "ebitda": 38830000, "ebitdaratio": 0.1136666345, "operatingIncome": 31072000, "operatingIncomeRatio": 0.0909567259, "totalOtherIncomeExpensesNet": -815000, "incomeBeforeTax": 27235000, "incomeBeforeTaxRatio": 0.0797247177, "incomeTaxExpense": 8688000, "netIncome": 17097000, "netIncomeRatio": 0.0500478612, "eps": 1.24, "epsdiluted": 1.21, "weightedAverageShsOut": 13816000, "weightedAverageShsOutDil": 14097000, "link": "https://www.sec.gov/Archives/edgar/data/886346/000119312507053347/0001193125-07-053347-index.htm", "finalLink": "https://www.sec.gov/Archives/edgar/data/886346/000119312507053347/d10k.htm", "calculatedOtherExpenses": -815000, "calculatedOperatingExpenses": 95622000, "calculatedNetInterest": -5287000, "calculatedOtherIncome": 1450000, "calculatedIncomeNonControlling": 1450000, "calculatedEbitda": 38830000}, {"date": "2005-12-31", "symbol": "KAI", "reportedCurrency": "USD", "cik": "0000886346", "fillingDate": "2006-03-16", "acceptedDate": "2006-03-16 13:26:44", "calendarYear": "2005", "period": "FY", "revenue": 243713000, "costOfRevenue": 149744000, "grossProfit": 93969000, "grossProfitRatio": 0.3855723741, "researchAndDevelopmentExpenses": 4887000, "generalAndAdministrativeExpenses": 0, "sellingAndMarketingExpenses": 0, "sellingGeneralAndAdministrativeExpenses": 74617000, "otherExpenses": 0, "operatingExpenses": 79504000, "costAndExpenses": 229248000, "interestIncome": 0, "interestExpense": 3545000, "depreciationAndAmortization": 6931000, "ebitda": 21278000, "ebitdaratio": 0.0873076118, "operatingIncome": 14347000, "operatingIncomeRatio": 0.0588684231, "totalOtherIncomeExpensesNet": 118000, "incomeBeforeTax": 13974000, "incomeBeforeTaxRatio": 0.0573379344, "incomeTaxExpense": 3925000, "netIncome": 6877000, "netIncomeRatio": 0.0282176166, "eps": 0.5, "epsdiluted": 0.49, "weightedAverageShsOut": 13829000, "weightedAverageShsOutDil": 14104000, "link": "https://www.sec.gov/Archives/edgar/data/886346/000119312506056303/0001193125-06-056303-index.htm", "finalLink": "https://www.sec.gov/Archives/edgar/data/886346/000119312506056303/d10k.htm", "calculatedOtherExpenses": 118000, "calculatedOperatingExpenses": 79622000, "calculatedNetInterest": -3545000, "calculatedOtherIncome": 3172000, "calculatedIncomeNonControlling": 3172000, "calculatedEbitda": 21278000}, {"date": "2004-12-31", "symbol": "KAI", "reportedCurrency": "USD", "cik": "0000886346", "fillingDate": "2005-03-16", "acceptedDate": "2005-03-16 16:53:21", "calendarYear": "2004", "period": "FY", "revenue": 194966000, "costOfRevenue": 119200000, "grossProfit": 75766000, "grossProfitRatio": 0.3886113476, "researchAndDevelopmentExpenses": 3077000, "generalAndAdministrativeExpenses": 0, "sellingAndMarketingExpenses": 0, "sellingGeneralAndAdministrativeExpenses": 56334000, "otherExpenses": 0, "operatingExpenses": 59411000, "costAndExpenses": 178611000, "interestIncome": 0, "interestExpense": 22692000, "depreciationAndAmortization": 3604000, "ebitda": 29474000, "ebitdaratio": 0.1511750767, "operatingIncome": 25870000, "operatingIncomeRatio": 0.1326898023, "totalOtherIncomeExpensesNet": -9515000, "incomeBeforeTax": 8285000, "incomeBeforeTaxRatio": 0.0424945888, "incomeTaxExpense": 2524000, "netIncome": 654000, "netIncomeRatio": 0.003354431, "eps": 0.05, "epsdiluted": 0.05, "weightedAverageShsOut": 14071000, "weightedAverageShsOutDil": 14398000, "link": "https://www.sec.gov/Archives/edgar/data/886346/000119312505052852/0001193125-05-052852-index.htm", "finalLink": "https://www.sec.gov/Archives/edgar/data/886346/000119312505052852/d10k.htm", "calculatedOtherExpenses": -9515000, "calculatedOperatingExpenses": 49896000, "calculatedNetInterest": -22692000, "calculatedOtherIncome": 5107000, "calculatedIncomeNonControlling": 5107000, "calculatedEbitda": 29474000}, {"date": "2003-12-31", "symbol": "KAI", "reportedCurrency": "USD", "cik": "0000886346", "fillingDate": "2004-03-17", "acceptedDate": "2004-03-17 16:23:26", "calendarYear": "2003", "period": "FY", "revenue": 203542000, "costOfRevenue": 126913000, "grossProfit": 76629000, "grossProfitRatio": 0.376477582, "researchAndDevelopmentExpenses": 4653000, "generalAndAdministrativeExpenses": 0, "sellingAndMarketingExpenses": 0, "sellingGeneralAndAdministrativeExpenses": 53784000, "otherExpenses": 0, "operatingExpenses": 58437000, "costAndExpenses": 185350000, "interestIncome": 0, "interestExpense": -918000, "depreciationAndAmortization": 5145000, "ebitda": 23314000, "ebitdaratio": 0.1145414706, "operatingIncome": 18169000, "operatingIncomeRatio": 0.0892641322, "totalOtherIncomeExpensesNet": 23000, "incomeBeforeTax": 19131000, "incomeBeforeTaxRatio": 0.0939904295, "incomeTaxExpense": 7270000, "netIncome": 11817000, "netIncomeRatio": 0.0580568138, "eps": 0.87, "epsdiluted": 0.85, "weightedAverageShsOut": 13582759, "weightedAverageShsOutDil": 13902353, "link": "https://www.sec.gov/Archives/edgar/data/886346/000119312504044107/0001193125-04-044107-index.htm", "finalLink": "https://www.sec.gov/Archives/edgar/data/886346/000119312504044107/d10k.htm", "calculatedOtherExpenses": 23000, "calculatedOperatingExpenses": 58460000, "calculatedNetInterest": 918000, "calculatedOtherIncome": 44000, "calculatedIncomeNonControlling": 44000, "calculatedEbitda": 23314000}, {"date": "2002-12-28", "symbol": "KAI", "reportedCurrency": "USD", "cik": "0000886346", "fillingDate": "2003-03-24", "acceptedDate": "2003-03-24 16:05:50", "calendarYear": "2002", "period": "FY", "revenue": 185674000, "costOfRevenue": 115234000, "grossProfit": 70440000, "grossProfitRatio": 0.3793746028, "researchAndDevelopmentExpenses": 4819000, "generalAndAdministrativeExpenses": 0, "sellingAndMarketingExpenses": 0, "sellingGeneralAndAdministrativeExpenses": 50323000, "otherExpenses": 0, "operatingExpenses": 55142000, "costAndExpenses": 170376000, "interestIncome": 0, "interestExpense": 42071000, "depreciationAndAmortization": 5177000, "ebitda": 24065000, "ebitdaratio": 0.1296088844, "operatingIncome": 18888000, "operatingIncomeRatio": 0.1017266822, "totalOtherIncomeExpensesNet": -3590000, "incomeBeforeTax": 9546000, "incomeBeforeTaxRatio": 0.0514126911, "incomeTaxExpense": 3619000, "netIncome": -26802000, "netIncomeRatio": -0.1443497743, "eps": -2.07, "epsdiluted": -2.04, "weightedAverageShsOut": 12947826, "weightedAverageShsOutDil": 13138235, "link": "https://www.sec.gov/Archives/edgar/data/886346/000092701603001289/0000927016-03-001289-index.htm", "finalLink": "https://www.sec.gov/Archives/edgar/data/886346/000092701603001289/d10k.txt", "calculatedOtherExpenses": -3590000, "calculatedOperatingExpenses": 51552000, "calculatedNetInterest": -42071000, "calculatedOtherIncome": 32729000, "calculatedIncomeNonControlling": 32729000, "calculatedEbitda": 24065000}, {"date": "2001-12-29", "symbol": "KAI", "reportedCurrency": "USD", "cik": "0000886346", "fillingDate": "2002-03-20", "acceptedDate": "2002-03-20 00:00:00", "calendarYear": "2001", "period": "FY", "revenue": 221166000, "costOfRevenue": 138425000, "grossProfit": 82741000, "grossProfitRatio": 0.3741126575, "researchAndDevelopmentExpenses": 6612000, "generalAndAdministrativeExpenses": 0, "sellingAndMarketingExpenses": 0, "sellingGeneralAndAdministrativeExpenses": 58960000, "otherExpenses": 0, "operatingExpenses": 65572000, "costAndExpenses": 203997000, "interestIncome": 0, "interestExpense": 1218000, "depreciationAndAmortization": 9296000, "ebitda": 27138000, "ebitdaratio": 0.1227042131, "operatingIncome": 17842000, "operatingIncomeRatio": 0.0806724361, "totalOtherIncomeExpensesNet": -673000, "incomeBeforeTax": 16004000, "incomeBeforeTaxRatio": 0.0723619363, "incomeTaxExpense": 6642000, "netIncome": 9982000, "netIncomeRatio": 0.0451335196, "eps": 0.81, "epsdiluted": 0.81, "weightedAverageShsOut": 12266000, "weightedAverageShsOutDil": 12313000, "link": "https://www.sec.gov/Archives/edgar/data/886346/000088634602000004/0000886346-02-000004-index.htm", "finalLink": "https://www.sec.gov/Archives/edgar/data/886346/000088634602000004/kaik01.txt", "calculatedOtherExpenses": -673000, "calculatedOperatingExpenses": 64899000, "calculatedNetInterest": -1218000, "calculatedOtherIncome": -620000, "calculatedIncomeNonControlling": -620000, "calculatedEbitda": 27138000}, {"date": "2000-12-30", "symbol": "KAI", "reportedCurrency": "USD", "cik": "0000886346", "fillingDate": "2001-03-27", "acceptedDate": "2001-03-27 00:00:00", "calendarYear": "2000", "period": "FY", "revenue": 234913000, "costOfRevenue": 135571000, "grossProfit": 99342000, "grossProfitRatio": 0.4228884736, "researchAndDevelopmentExpenses": 7687000, "generalAndAdministrativeExpenses": 0, "sellingAndMarketingExpenses": 0, "sellingGeneralAndAdministrativeExpenses": 60901000, "otherExpenses": 9540000, "operatingExpenses": 78128000, "costAndExpenses": 213699000, "interestIncome": 0, "interestExpense": -6211000, "depreciationAndAmortization": 9540000, "ebitda": 29418000, "ebitdaratio": 0.1252293402, "operatingIncome": 19878000, "operatingIncomeRatio": 0.0846185609, "totalOtherIncomeExpensesNet": 1336000, "incomeBeforeTax": 26089000, "incomeBeforeTaxRatio": 0.1110581364, "incomeTaxExpense": 10947000, "netIncome": 15142000, "netIncomeRatio": 0.0644579057, "eps": 1.24, "epsdiluted": 1.23, "weightedAverageShsOut": 12260000, "weightedAverageShsOutDil": 12298000, "link": "https://www.sec.gov/Archives/edgar/data/886346/000088634601000004/0000886346-01-000004-index.htm", "finalLink": "https://www.sec.gov/Archives/edgar/data/886346/000088634601000004/0000886346-01-000004-0001.txt", "calculatedOtherExpenses": 10876000, "calculatedOperatingExpenses": 79464000, "calculatedNetInterest": 6211000, "calculatedOtherIncome": 0, "calculatedIncomeNonControlling": 0, "calculatedEbitda": 29418000}, {"date": "1999-12-31", "symbol": "KAI", "reportedCurrency": "USD", "cik": "0000886346", "fillingDate": "2000-03-17", "acceptedDate": "2000-03-17 00:00:00", "calendarYear": "1999", "period": "FY", "revenue": 228000000, "costOfRevenue": 126000000, "grossProfit": 102000000, "grossProfitRatio": 0.4473684211, "researchAndDevelopmentExpenses": 7300000, "generalAndAdministrativeExpenses": 0, "sellingAndMarketingExpenses": 0, "sellingGeneralAndAdministrativeExpenses": 61300000, "otherExpenses": 8900000, "operatingExpenses": 77500000, "costAndExpenses": 203500000, "interestIncome": 0, "interestExpense": -10200000, "depreciationAndAmortization": 8900000, "ebitda": 28400000, "ebitdaratio": 0.1245614035, "operatingIncome": 19500000, "operatingIncomeRatio": 0.0855263158, "totalOtherIncomeExpensesNet": 5000000, "incomeBeforeTax": 29700000, "incomeBeforeTaxRatio": 0.1302631579, "incomeTaxExpense": 11900000, "netIncome": 17800000, "netIncomeRatio": 0.0780701754, "eps": 1.45, "epsdiluted": 1.45, "weightedAverageShsOut": 12237200, "weightedAverageShsOutDil": 12311800, "link": "https://www.sec.gov/Archives/edgar/data/886346/000088634600000005/0000886346-00-000005-index.html", "finalLink": "https://www.sec.gov/Archives/edgar/data/886346/000088634600000005/", "calculatedOtherExpenses": 13900000, "calculatedOperatingExpenses": 82500000, "calculatedNetInterest": 10200000, "calculatedOtherIncome": 0, "calculatedIncomeNonControlling": 0, "calculatedEbitda": 28400000}, {"date": "1998-12-31", "symbol": "KAI", "reportedCurrency": "USD", "cik": "0000886346", "fillingDate": "1999-03-15", "acceptedDate": "1999-03-15 00:00:00", "calendarYear": "1998", "period": "FY", "revenue": 247400000, "costOfRevenue": 138200000, "grossProfit": 109200000, "grossProfitRatio": 0.4413904608, "researchAndDevelopmentExpenses": 7000000, "generalAndAdministrativeExpenses": 0, "sellingAndMarketingExpenses": 0, "sellingGeneralAndAdministrativeExpenses": 63400000, "otherExpenses": 9100000, "operatingExpenses": 79500000, "costAndExpenses": 217700000, "interestIncome": 0, "interestExpense": -8700000, "depreciationAndAmortization": 9100000, "ebitda": 30300000, "ebitdaratio": 0.1224737268, "operatingIncome": 21200000, "operatingIncomeRatio": 0.0856911884, "totalOtherIncomeExpensesNet": 8500000, "incomeBeforeTax": 29900000, "incomeBeforeTaxRatio": 0.1208569119, "incomeTaxExpense": 11900000, "netIncome": 18000000, "netIncomeRatio": 0.0727566694, "eps": 1.45, "epsdiluted": 1.45, "weightedAverageShsOut": 12322400, "weightedAverageShsOutDil": 12470600, "link": "https://www.sec.gov/Archives/edgar/data/886346/000088634699000002/0000886346-99-000002-index.html", "finalLink": "https://www.sec.gov/Archives/edgar/data/886346/", "calculatedOtherExpenses": 17600000, "calculatedOperatingExpenses": 88000000, "calculatedNetInterest": 8700000, "calculatedOtherIncome": 0, "calculatedIncomeNonControlling": 0, "calculatedEbitda": 30300000}, {"date": "1997-12-31", "symbol": "KAI", "reportedCurrency": "USD", "cik": "0000886346", "fillingDate": "1998-03-23", "acceptedDate": "1998-03-23 00:00:00", "calendarYear": "1997", "period": "FY", "revenue": 239600000, "costOfRevenue": 137600000, "grossProfit": 102000000, "grossProfitRatio": 0.4257095159, "researchAndDevelopmentExpenses": 6800000, "generalAndAdministrativeExpenses": 0, "sellingAndMarketingExpenses": 0, "sellingGeneralAndAdministrativeExpenses": 60700000, "otherExpenses": 7500000, "operatingExpenses": 75000000, "costAndExpenses": 212600000, "interestIncome": 0, "interestExpense": -6600000, "depreciationAndAmortization": 7500000, "ebitda": 28300000, "ebitdaratio": 0.1181135225, "operatingIncome": 20800000, "operatingIncomeRatio": 0.0868113523, "totalOtherIncomeExpensesNet": 6200000, "incomeBeforeTax": 27400000, "incomeBeforeTaxRatio": 0.1143572621, "incomeTaxExpense": 11000000, "netIncome": 16400000, "netIncomeRatio": 0.0684474124, "eps": 1.35, "epsdiluted": 1.3, "weightedAverageShsOut": 12148148, "weightedAverageShsOutDil": 12615385, "link": "https://www.sec.gov/Archives/edgar/data/886346/000088634698000002/0000886346-98-000002-index.html", "finalLink": "https://www.sec.gov/Archives/edgar/data/886346/", "calculatedOtherExpenses": 13700000, "calculatedOperatingExpenses": 81200000, "calculatedNetInterest": 6600000, "calculatedOtherIncome": 0, "calculatedIncomeNonControlling": 0, "calculatedEbitda": 28300000}, {"date": "1996-12-28", "symbol": "KAI", "reportedCurrency": "USD", "cik": "0000886346", "fillingDate": "1997-03-14", "acceptedDate": "1997-03-14 00:00:00", "calendarYear": "1996", "period": "FY", "revenue": 192200000, "costOfRevenue": 104500000, "grossProfit": 87700000, "grossProfitRatio": 0.4562955255, "researchAndDevelopmentExpenses": 5500000, "generalAndAdministrativeExpenses": 0, "sellingAndMarketingExpenses": 0, "sellingGeneralAndAdministrativeExpenses": 47100000, "otherExpenses": 5000000, "operatingExpenses": 57600000, "costAndExpenses": 162100000, "interestIncome": 0, "interestExpense": -6100000, "depreciationAndAmortization": 5000000, "ebitda": 31500000, "ebitdaratio": 0.1638917794, "operatingIncome": 26500000, "operatingIncomeRatio": 0.1378772112, "totalOtherIncomeExpensesNet": 3600000, "incomeBeforeTax": 32600000, "incomeBeforeTaxRatio": 0.1696149844, "incomeTaxExpense": 12700000, "netIncome": 19900000, "netIncomeRatio": 0.1035379813, "eps": 1.65, "epsdiluted": 1.55, "weightedAverageShsOut": 12060606, "weightedAverageShsOutDil": 12838710, "link": "https://www.sec.gov/Archives/edgar/data/886346/000088634697000002/0000886346-97-000002-index.html", "finalLink": "https://www.sec.gov/Archives/edgar/data/886346/", "calculatedOtherExpenses": 8600000, "calculatedOperatingExpenses": 61200000, "calculatedNetInterest": 6100000, "calculatedOtherIncome": 0, "calculatedIncomeNonControlling": 0, "calculatedEbitda": 31500000}, {"date": "1995-12-31", "symbol": "KAI", "reportedCurrency": "USD", "cik": "0000886346", "fillingDate": "1995-12-31", "acceptedDate": "1995-12-31 00:00:00", "calendarYear": "1995", "period": "FY", "revenue": 206700000, "costOfRevenue": 118300000, "grossProfit": 88400000, "grossProfitRatio": 0.427672956, "researchAndDevelopmentExpenses": 4100000, "generalAndAdministrativeExpenses": 0, "sellingAndMarketingExpenses": 0, "sellingGeneralAndAdministrativeExpenses": 48700000, "otherExpenses": 4800000, "operatingExpenses": 57600000, "costAndExpenses": 175900000, "interestIncome": 0, "interestExpense": -5600000, "depreciationAndAmortization": 4800000, "ebitda": 32000000, "ebitdaratio": 0.1548137397, "operatingIncome": 27200000, "operatingIncomeRatio": 0.1315916788, "totalOtherIncomeExpensesNet": 3600000, "incomeBeforeTax": 32800000, "incomeBeforeTaxRatio": 0.1586840832, "incomeTaxExpense": 12600000, "netIncome": 20200000, "netIncomeRatio": 0.0977261732, "eps": 1.65, "epsdiluted": 1.6, "weightedAverageShsOut": 12242424, "weightedAverageShsOutDil": 12625000, "link": null, "finalLink": null, "calculatedOtherExpenses": 8400000, "calculatedOperatingExpenses": 61200000, "calculatedNetInterest": 5600000, "calculatedOtherIncome": 0, "calculatedIncomeNonControlling": 0, "calculatedEbitda": 32000000}, {"date": "1994-12-31", "symbol": "KAI", "reportedCurrency": "USD", "cik": "0000886346", "fillingDate": "1994-12-31", "acceptedDate": "1994-12-31 00:00:00", "calendarYear": "1994", "period": "FY", "revenue": 162600000, "costOfRevenue": 92300000, "grossProfit": 70300000, "grossProfitRatio": 0.4323493235, "researchAndDevelopmentExpenses": 0, "generalAndAdministrativeExpenses": 0, "sellingAndMarketingExpenses": 0, "sellingGeneralAndAdministrativeExpenses": 47600000, "otherExpenses": 4200000, "operatingExpenses": 51800000, "costAndExpenses": 144100000, "interestIncome": 0, "interestExpense": -2500000, "depreciationAndAmortization": 4200000, "ebitda": 20200000, "ebitdaratio": 0.1242312423, "operatingIncome": 16000000, "operatingIncomeRatio": 0.098400984, "totalOtherIncomeExpensesNet": 2500000, "incomeBeforeTax": 18500000, "incomeBeforeTaxRatio": 0.1137761378, "incomeTaxExpense": 7600000, "netIncome": 10900000, "netIncomeRatio": 0.0670356704, "eps": 0.9, "epsdiluted": 0.9, "weightedAverageShsOut": 12111111, "weightedAverageShsOutDil": 12111111, "link": null, "finalLink": null, "calculatedOtherExpenses": 6700000, "calculatedOperatingExpenses": 54300000, "calculatedNetInterest": 2500000, "calculatedOtherIncome": 0, "calculatedIncomeNonControlling": 0, "calculatedEbitda": 20200000}, {"date": "1993-12-31", "symbol": "KAI", "reportedCurrency": "USD", "cik": "0000886346", "fillingDate": "1993-12-31", "acceptedDate": "1993-12-31 00:00:00", "calendarYear": "1993", "period": "FY", "revenue": 137100000, "costOfRevenue": 78400000, "grossProfit": 58700000, "grossProfitRatio": 0.4281546317, "researchAndDevelopmentExpenses": 0, "generalAndAdministrativeExpenses": 0, "sellingAndMarketingExpenses": 0, "sellingGeneralAndAdministrativeExpenses": 41800000, "otherExpenses": 3600000, "operatingExpenses": 45400000, "costAndExpenses": 123800000, "interestIncome": 0, "interestExpense": -1500000, "depreciationAndAmortization": 3600000, "ebitda": 14800000, "ebitdaratio": 0.1079504012, "operatingIncome": 11200000, "operatingIncomeRatio": 0.0816921955, "totalOtherIncomeExpensesNet": 2100000, "incomeBeforeTax": 12700000, "incomeBeforeTaxRatio": 0.0926331145, "incomeTaxExpense": 5300000, "netIncome": 7400000, "netIncomeRatio": 0.0539752006, "eps": 0.6, "epsdiluted": 0.6, "weightedAverageShsOut": 12333333, "weightedAverageShsOutDil": 12333333, "link": null, "finalLink": null, "calculatedOtherExpenses": 5700000, "calculatedOperatingExpenses": 47500000, "calculatedNetInterest": 1500000, "calculatedOtherIncome": 0, "calculatedIncomeNonControlling": 0, "calculatedEbitda": 14800000}, {"date": "1992-12-31", "symbol": "KAI", "reportedCurrency": "USD", "cik": "0000886346", "fillingDate": "1992-12-31", "acceptedDate": "1992-12-31 00:00:00", "calendarYear": "1992", "period": "FY", "revenue": 125600000, "costOfRevenue": 71700000, "grossProfit": 53900000, "grossProfitRatio": 0.4291401274, "researchAndDevelopmentExpenses": 0, "generalAndAdministrativeExpenses": 0, "sellingAndMarketingExpenses": 0, "sellingGeneralAndAdministrativeExpenses": 37400000, "otherExpenses": 3100000, "operatingExpenses": 40500000, "costAndExpenses": 112200000, "interestIncome": 0, "interestExpense": -2100000, "depreciationAndAmortization": 3100000, "ebitda": 14000000, "ebitdaratio": 0.1114649682, "operatingIncome": 10900000, "operatingIncomeRatio": 0.0867834395, "totalOtherIncomeExpensesNet": 2500000, "incomeBeforeTax": 13000000, "incomeBeforeTaxRatio": 0.1035031847, "incomeTaxExpense": 5300000, "netIncome": 7700000, "netIncomeRatio": 0.0613057325, "eps": 0.75, "epsdiluted": 0.75, "weightedAverageShsOut": 10266667, "weightedAverageShsOutDil": 10266667, "link": null, "finalLink": null, "calculatedOtherExpenses": 5600000, "calculatedOperatingExpenses": 43000000, "calculatedNetInterest": 2100000, "calculatedOtherIncome": 0, "calculatedIncomeNonControlling": 0, "calculatedEbitda": 14000000}]}