{"originalCurrency": "USD", "convertedCurrency": "USD", "report": [{"date": "2023-12-29", "symbol": "KBR", "reportedCurrency": "USD", "cik": "0001357615", "fillingDate": "2024-02-20", "acceptedDate": "2024-02-20 12:11:23", "calendarYear": "2023", "period": "FY", "revenue": 6956000000, "costOfRevenue": 5979000000, "grossProfit": 977000000, "grossProfitRatio": 0.1404542841, "researchAndDevelopmentExpenses": 0, "generalAndAdministrativeExpenses": 0, "sellingAndMarketingExpenses": 0, "sellingGeneralAndAdministrativeExpenses": 488000000, "otherExpenses": -499000000, "operatingExpenses": 488000000, "costAndExpenses": 6467000000, "interestIncome": 0, "interestExpense": 115000000, "depreciationAndAmortization": 141000000, "ebitda": 630000000, "ebitdaratio": 0.0905692927, "operatingIncome": 489000000, "operatingIncomeRatio": 0.0702990224, "totalOtherIncomeExpensesNet": -655000000, "incomeBeforeTax": -166000000, "incomeBeforeTaxRatio": -0.0238642898, "incomeTaxExpense": 95000000, "netIncome": -265000000, "netIncomeRatio": -0.0380966072, "eps": -1.96, "epsdiluted": -1.96, "weightedAverageShsOut": 135000000, "weightedAverageShsOutDil": 135000000, "link": "https://www.sec.gov/Archives/edgar/data/1357615/000135761524000016/0001357615-24-000016-index.htm", "finalLink": "https://www.sec.gov/Archives/edgar/data/1357615/000135761524000016/kbr-20231229.htm", "calculatedOtherExpenses": 0, "calculatedOperatingExpenses": 488000000, "calculatedNetInterest": -115000000, "calculatedOtherIncome": -540000000, "calculatedIncomeNonControlling": 4000000, "calculatedEbitda": 630000000}, {"date": "2022-12-31", "symbol": "KBR", "reportedCurrency": "USD", "cik": "0001357615", "fillingDate": "2023-02-17", "acceptedDate": "2023-02-17 17:14:54", "calendarYear": "2022", "period": "FY", "revenue": 6564000000, "costOfRevenue": 5736000000, "grossProfit": 828000000, "grossProfitRatio": 0.126142596, "researchAndDevelopmentExpenses": 0, "generalAndAdministrativeExpenses": 0, "sellingAndMarketingExpenses": 0, "sellingGeneralAndAdministrativeExpenses": 420000000, "otherExpenses": 2000000, "operatingExpenses": 422000000, "costAndExpenses": 6158000000, "interestIncome": 87000000, "interestExpense": 87000000, "depreciationAndAmortization": 132000000, "ebitda": 475000000, "ebitdaratio": 0.0723644119, "operatingIncome": 343000000, "operatingIncomeRatio": 0.0522547227, "totalOtherIncomeExpensesNet": -59000000, "incomeBeforeTax": 284000000, "incomeBeforeTaxRatio": 0.043266301, "incomeTaxExpense": 92000000, "netIncome": 190000000, "netIncomeRatio": 0.0289457648, "eps": 1.36, "epsdiluted": 1.26, "weightedAverageShsOut": 139000000, "weightedAverageShsOutDil": 156000000, "link": "https://www.sec.gov/Archives/edgar/data/1357615/000135761523000030/0001357615-23-000030-index.htm", "finalLink": "https://www.sec.gov/Archives/edgar/data/1357615/000135761523000030/kbr-20221231.htm", "calculatedOtherExpenses": 65000000, "calculatedOperatingExpenses": 485000000, "calculatedNetInterest": 0, "calculatedOtherIncome": -59000000, "calculatedIncomeNonControlling": 2000000, "calculatedEbitda": 475000000}, {"date": "2021-12-31", "symbol": "KBR", "reportedCurrency": "USD", "cik": "0001357615", "fillingDate": "2022-02-22", "acceptedDate": "2022-02-22 17:02:34", "calendarYear": "2021", "period": "FY", "revenue": 7339000000, "costOfRevenue": 6533000000, "grossProfit": 806000000, "grossProfitRatio": 0.1098242267, "researchAndDevelopmentExpenses": 0, "generalAndAdministrativeExpenses": 0, "sellingAndMarketingExpenses": 0, "sellingGeneralAndAdministrativeExpenses": 393000000, "otherExpenses": -5000000, "operatingExpenses": 393000000, "costAndExpenses": 6926000000, "interestIncome": 80000000, "interestExpense": 92000000, "depreciationAndAmortization": 153000000, "ebitda": 384000000, "ebitdaratio": 0.0523232048, "operatingIncome": 231000000, "operatingIncomeRatio": 0.0314756779, "totalOtherIncomeExpensesNet": -97000000, "incomeBeforeTax": 134000000, "incomeBeforeTaxRatio": 0.0182586183, "incomeTaxExpense": 108000000, "netIncome": 27000000, "netIncomeRatio": 0.0036789753, "eps": 0.19, "epsdiluted": 0.19, "weightedAverageShsOut": 140000000, "weightedAverageShsOutDil": 141000000, "link": "https://www.sec.gov/Archives/edgar/data/1357615/000135761522000012/0001357615-22-000012-index.htm", "finalLink": "https://www.sec.gov/Archives/edgar/data/1357615/000135761522000012/kbr-20211231.htm", "calculatedOtherExpenses": 182000000, "calculatedOperatingExpenses": 575000000, "calculatedNetInterest": -12000000, "calculatedOtherIncome": -85000000, "calculatedIncomeNonControlling": -1000000, "calculatedEbitda": 384000000}, {"date": "2020-12-31", "symbol": "KBR", "reportedCurrency": "USD", "cik": "0001357615", "fillingDate": "2021-02-25", "acceptedDate": "2021-02-25 06:08:54", "calendarYear": "2020", "period": "FY", "revenue": 5767000000, "costOfRevenue": 5101000000, "grossProfit": 666000000, "grossProfitRatio": 0.1154846541, "researchAndDevelopmentExpenses": 0, "generalAndAdministrativeExpenses": 0, "sellingAndMarketingExpenses": 0, "sellingGeneralAndAdministrativeExpenses": 335000000, "otherExpenses": 1000000, "operatingExpenses": 335000000, "costAndExpenses": 5436000000, "interestIncome": 72000000, "interestExpense": 83000000, "depreciationAndAmortization": 115000000, "ebitda": 477000000, "ebitdaratio": 0.082711982, "operatingIncome": 362000000, "operatingIncomeRatio": 0.0627709381, "totalOtherIncomeExpensesNet": -387000000, "incomeBeforeTax": -25000000, "incomeBeforeTaxRatio": -0.0043350095, "incomeTaxExpense": 26000000, "netIncome": -51000000, "netIncomeRatio": -0.0088434195, "eps": -0.36, "epsdiluted": -0.36, "weightedAverageShsOut": 142000000, "weightedAverageShsOutDil": 142000000, "link": "https://www.sec.gov/Archives/edgar/data/1357615/000135761521000040/0001357615-21-000040-index.htm", "finalLink": "https://www.sec.gov/Archives/edgar/data/1357615/000135761521000040/kbr-20201231.htm", "calculatedOtherExpenses": -31000000, "calculatedOperatingExpenses": 304000000, "calculatedNetInterest": -11000000, "calculatedOtherIncome": -376000000, "calculatedIncomeNonControlling": 0, "calculatedEbitda": 477000000}, {"date": "2019-12-31", "symbol": "KBR", "reportedCurrency": "USD", "cik": "0001357615", "fillingDate": "2020-02-24", "acceptedDate": "2020-02-24 16:59:15", "calendarYear": "2019", "period": "FY", "revenue": 5639000000, "costOfRevenue": 4986000000, "grossProfit": 653000000, "grossProfitRatio": 0.1158006739, "researchAndDevelopmentExpenses": 0, "generalAndAdministrativeExpenses": 0, "sellingAndMarketingExpenses": 0, "sellingGeneralAndAdministrativeExpenses": 341000000, "otherExpenses": 5000000, "operatingExpenses": 341000000, "costAndExpenses": 5327000000, "interestIncome": 99000000, "interestExpense": 99000000, "depreciationAndAmortization": 94000000, "ebitda": 456000000, "ebitdaratio": 0.0808654017, "operatingIncome": 362000000, "operatingIncomeRatio": 0.0641957794, "totalOtherIncomeExpensesNet": -94000000, "incomeBeforeTax": 268000000, "incomeBeforeTaxRatio": 0.0475261571, "incomeTaxExpense": 59000000, "netIncome": 202000000, "netIncomeRatio": 0.0358219542, "eps": 1.43, "epsdiluted": 1.42, "weightedAverageShsOut": 141000000, "weightedAverageShsOutDil": 142000000, "link": "https://www.sec.gov/Archives/edgar/data/1357615/000135761520000034/0001357615-20-000034-index.htm", "finalLink": "https://www.sec.gov/Archives/edgar/data/1357615/000135761520000034/kbr1231201910-k.htm", "calculatedOtherExpenses": -50000000, "calculatedOperatingExpenses": 291000000, "calculatedNetInterest": 0, "calculatedOtherIncome": -94000000, "calculatedIncomeNonControlling": 7000000, "calculatedEbitda": 456000000}, {"date": "2018-12-31", "symbol": "KBR", "reportedCurrency": "USD", "cik": "0001357615", "fillingDate": "2019-02-26", "acceptedDate": "2019-02-26 17:29:54", "calendarYear": "2018", "period": "FY", "revenue": 4913000000, "costOfRevenue": 4457000000, "grossProfit": 456000000, "grossProfitRatio": 0.0928149807, "researchAndDevelopmentExpenses": 0, "generalAndAdministrativeExpenses": 166000000, "sellingAndMarketingExpenses": 0, "sellingGeneralAndAdministrativeExpenses": 166000000, "otherExpenses": -6000000, "operatingExpenses": 166000000, "costAndExpenses": 4623000000, "interestIncome": 0, "interestExpense": 66000000, "depreciationAndAmortization": 63000000, "ebitda": 428000000, "ebitdaratio": 0.0871158152, "operatingIncome": 470000000, "operatingIncomeRatio": 0.0956645634, "totalOtherIncomeExpensesNet": 174000000, "incomeBeforeTax": 398000000, "incomeBeforeTaxRatio": 0.0810095665, "incomeTaxExpense": 88000000, "netIncome": 281000000, "netIncomeRatio": 0.0571951964, "eps": 2.01, "epsdiluted": 1.99, "weightedAverageShsOut": 140000000, "weightedAverageShsOutDil": 141000000, "link": "https://www.sec.gov/Archives/edgar/data/1357615/000135761519000030/0001357615-19-000030-index.htm", "finalLink": "https://www.sec.gov/Archives/edgar/data/1357615/000135761519000030/kbr1231201810-k.htm", "calculatedOtherExpenses": -180000000, "calculatedOperatingExpenses": -14000000, "calculatedNetInterest": -66000000, "calculatedOtherIncome": -6000000, "calculatedIncomeNonControlling": 29000000, "calculatedEbitda": 533000000}, {"date": "2017-12-31", "symbol": "KBR", "reportedCurrency": "USD", "cik": "0001357615", "fillingDate": "2018-02-23", "acceptedDate": "2018-02-22 21:35:48", "calendarYear": "2017", "period": "FY", "revenue": 4171000000, "costOfRevenue": 3829000000, "grossProfit": 342000000, "grossProfitRatio": 0.0819947255, "researchAndDevelopmentExpenses": 0, "generalAndAdministrativeExpenses": 147000000, "sellingAndMarketingExpenses": 0, "sellingGeneralAndAdministrativeExpenses": 147000000, "otherExpenses": 4000000, "operatingExpenses": 147000000, "costAndExpenses": 3976000000, "interestIncome": 0, "interestExpense": 21000000, "depreciationAndAmortization": 48000000, "ebitda": 319000000, "ebitdaratio": 0.0764804603, "operatingIncome": 266000000, "operatingIncomeRatio": 0.0637736754, "totalOtherIncomeExpensesNet": 75000000, "incomeBeforeTax": 249000000, "incomeBeforeTaxRatio": 0.0596979142, "incomeTaxExpense": -193000000, "netIncome": 434000000, "netIncomeRatio": 0.1040517861, "eps": 3.05, "epsdiluted": 3.05, "weightedAverageShsOut": 141000000, "weightedAverageShsOutDil": 141000000, "link": "https://www.sec.gov/Archives/edgar/data/1357615/000135761518000033/0001357615-18-000033-index.htm", "finalLink": "https://www.sec.gov/Archives/edgar/data/1357615/000135761518000033/kbr1231201710-k.htm", "calculatedOtherExpenses": -71000000, "calculatedOperatingExpenses": 76000000, "calculatedNetInterest": -21000000, "calculatedOtherIncome": 4000000, "calculatedIncomeNonControlling": 8000000, "calculatedEbitda": 314000000}, {"date": "2016-12-31", "symbol": "KBR", "reportedCurrency": "USD", "cik": "0001357615", "fillingDate": "2017-02-24", "acceptedDate": "2017-02-23 17:36:33", "calendarYear": "2016", "period": "FY", "revenue": 4268000000, "costOfRevenue": 4156000000, "grossProfit": 112000000, "grossProfitRatio": 0.0262417994, "researchAndDevelopmentExpenses": 0, "generalAndAdministrativeExpenses": 143000000, "sellingAndMarketingExpenses": 0, "sellingGeneralAndAdministrativeExpenses": 143000000, "otherExpenses": 5000000, "operatingExpenses": 143000000, "costAndExpenses": 4299000000, "interestIncome": 0, "interestExpense": 0, "depreciationAndAmortization": 45000000, "ebitda": 46000000, "ebitdaratio": 0.0107778819, "operatingIncome": 28000000, "operatingIncomeRatio": 0.0065604499, "totalOtherIncomeExpensesNet": 64000000, "incomeBeforeTax": 33000000, "incomeBeforeTaxRatio": 0.0077319588, "incomeTaxExpense": 84000000, "netIncome": -61000000, "netIncomeRatio": -0.0142924086, "eps": -0.43, "epsdiluted": -0.43, "weightedAverageShsOut": 141860465, "weightedAverageShsOutDil": 142000000, "link": "https://www.sec.gov/Archives/edgar/data/1357615/000135761517000035/0001357615-17-000035-index.htm", "finalLink": "https://www.sec.gov/Archives/edgar/data/1357615/000135761517000035/kbr1231201610-k.htm", "calculatedOtherExpenses": -59000000, "calculatedOperatingExpenses": 84000000, "calculatedNetInterest": 0, "calculatedOtherIncome": 5000000, "calculatedIncomeNonControlling": 10000000, "calculatedEbitda": 73000000}, {"date": "2015-12-31", "symbol": "KBR", "reportedCurrency": "USD", "cik": "0001357615", "fillingDate": "2016-02-26", "acceptedDate": "2016-02-25 17:56:18", "calendarYear": "2015", "period": "FY", "revenue": 5096000000, "costOfRevenue": 4771000000, "grossProfit": 325000000, "grossProfitRatio": 0.0637755102, "researchAndDevelopmentExpenses": 0, "generalAndAdministrativeExpenses": 155000000, "sellingAndMarketingExpenses": 0, "sellingGeneralAndAdministrativeExpenses": 155000000, "otherExpenses": 2000000, "operatingExpenses": 155000000, "costAndExpenses": 4926000000, "interestIncome": 0, "interestExpense": 0, "depreciationAndAmortization": 39000000, "ebitda": 218000000, "ebitdaratio": 0.0427786499, "operatingIncome": 310000000, "operatingIncomeRatio": 0.0608320251, "totalOtherIncomeExpensesNet": 142000000, "incomeBeforeTax": 312000000, "incomeBeforeTaxRatio": 0.0612244898, "incomeTaxExpense": 86000000, "netIncome": 203000000, "netIncomeRatio": 0.0398351648, "eps": 1.4, "epsdiluted": 1.4, "weightedAverageShsOut": 144000000, "weightedAverageShsOutDil": 144000000, "link": "https://www.sec.gov/Archives/edgar/data/1357615/000135761516000245/0001357615-16-000245-index.htm", "finalLink": "https://www.sec.gov/Archives/edgar/data/1357615/000135761516000245/kbr1231201510-k.htm", "calculatedOtherExpenses": -140000000, "calculatedOperatingExpenses": 15000000, "calculatedNetInterest": 0, "calculatedOtherIncome": 2000000, "calculatedIncomeNonControlling": 23000000, "calculatedEbitda": 349000000}, {"date": "2014-12-31", "symbol": "KBR", "reportedCurrency": "USD", "cik": "0001357615", "fillingDate": "2015-02-27", "acceptedDate": "2015-02-27 09:51:37", "calendarYear": "2014", "period": "FY", "revenue": 6366000000, "costOfRevenue": 6431000000, "grossProfit": -65000000, "grossProfitRatio": -0.0102104932, "researchAndDevelopmentExpenses": 0, "generalAndAdministrativeExpenses": 239000000, "sellingAndMarketingExpenses": 0, "sellingGeneralAndAdministrativeExpenses": 239000000, "otherExpenses": 17000000, "operatingExpenses": 239000000, "costAndExpenses": 6670000000, "interestIncome": 0, "interestExpense": 0, "depreciationAndAmortization": 72000000, "ebitda": 421000000, "ebitdaratio": 0.0661325793, "operatingIncome": -794000000, "operatingIncomeRatio": -0.1247251021, "totalOtherIncomeExpensesNet": -473000000, "incomeBeforeTax": -777000000, "incomeBeforeTaxRatio": -0.1220546654, "incomeTaxExpense": 421000000, "netIncome": -1262000000, "netIncomeRatio": -0.1982406535, "eps": -8.66, "epsdiluted": -8.64, "weightedAverageShsOut": 145727482, "weightedAverageShsOutDil": 146000000, "link": "https://www.sec.gov/Archives/edgar/data/1357615/000135761515000027/0001357615-15-000027-index.htm", "finalLink": "https://www.sec.gov/Archives/edgar/data/1357615/000135761515000027/kbr1231201410-k.htm", "calculatedOtherExpenses": 490000000, "calculatedOperatingExpenses": 729000000, "calculatedNetInterest": 0, "calculatedOtherIncome": 17000000, "calculatedIncomeNonControlling": 64000000, "calculatedEbitda": -722000000}, {"date": "2013-12-31", "symbol": "KBR", "reportedCurrency": "USD", "cik": "0001357615", "fillingDate": "2014-02-27", "acceptedDate": "2014-02-27 17:21:28", "calendarYear": "2013", "period": "FY", "revenue": 7283000000, "costOfRevenue": 6702000000, "grossProfit": 581000000, "grossProfitRatio": 0.0797748181, "researchAndDevelopmentExpenses": 0, "generalAndAdministrativeExpenses": 249000000, "sellingAndMarketingExpenses": 0, "sellingGeneralAndAdministrativeExpenses": 249000000, "otherExpenses": -3000000, "operatingExpenses": 249000000, "costAndExpenses": 6951000000, "interestIncome": 0, "interestExpense": 5000000, "depreciationAndAmortization": 68000000, "ebitda": 534000000, "ebitdaratio": 0.0733214335, "operatingIncome": 471000000, "operatingIncomeRatio": 0.064671152, "totalOtherIncomeExpensesNet": 136000000, "incomeBeforeTax": 463000000, "incomeBeforeTaxRatio": 0.0635727036, "incomeTaxExpense": 136000000, "netIncome": 229000000, "netIncomeRatio": 0.0314430866, "eps": 0.5, "epsdiluted": 0.5, "weightedAverageShsOut": 148000000, "weightedAverageShsOutDil": 149000000, "link": "https://www.sec.gov/Archives/edgar/data/1357615/000135761514000005/0001357615-14-000005-index.htm", "finalLink": "https://www.sec.gov/Archives/edgar/data/1357615/000135761514000005/kbr1231201310k.htm", "calculatedOtherExpenses": -139000000, "calculatedOperatingExpenses": 110000000, "calculatedNetInterest": -5000000, "calculatedOtherIncome": -3000000, "calculatedIncomeNonControlling": 98000000, "calculatedEbitda": 539000000}, {"date": "2012-12-31", "symbol": "KBR", "reportedCurrency": "USD", "cik": "0001357615", "fillingDate": "2013-02-20", "acceptedDate": "2013-02-20 16:07:49", "calendarYear": "2012", "period": "FY", "revenue": 7770000000, "costOfRevenue": 7252000000, "grossProfit": 518000000, "grossProfitRatio": 0.0666666667, "researchAndDevelopmentExpenses": 0, "generalAndAdministrativeExpenses": 222000000, "sellingAndMarketingExpenses": 0, "sellingGeneralAndAdministrativeExpenses": 222000000, "otherExpenses": -2000000, "operatingExpenses": 222000000, "costAndExpenses": 7474000000, "interestIncome": 0, "interestExpense": 7000000, "depreciationAndAmortization": 65000000, "ebitda": 510000000, "ebitdaratio": 0.0656370656, "operatingIncome": 299000000, "operatingIncomeRatio": 0.0384813385, "totalOtherIncomeExpensesNet": -1000000, "incomeBeforeTax": 288000000, "incomeBeforeTaxRatio": 0.0370656371, "incomeTaxExpense": 86000000, "netIncome": 144000000, "netIncomeRatio": 0.0185328185, "eps": 0.97, "epsdiluted": 0.97, "weightedAverageShsOut": 148000000, "weightedAverageShsOutDil": 149000000, "link": "https://www.sec.gov/Archives/edgar/data/1357615/000135761513000006/0001357615-13-000006-index.htm", "finalLink": "https://www.sec.gov/Archives/edgar/data/1357615/000135761513000006/kbr1231201210k.htm", "calculatedOtherExpenses": -3000000, "calculatedOperatingExpenses": 219000000, "calculatedNetInterest": -7000000, "calculatedOtherIncome": -4000000, "calculatedIncomeNonControlling": 58000000, "calculatedEbitda": 364000000}, {"date": "2011-12-31", "symbol": "KBR", "reportedCurrency": "USD", "cik": "0001357615", "fillingDate": "2012-02-22", "acceptedDate": "2012-02-22 17:21:16", "calendarYear": "2011", "period": "FY", "revenue": 9103000000, "costOfRevenue": 8463000000, "grossProfit": 640000000, "grossProfitRatio": 0.0703064924, "researchAndDevelopmentExpenses": 0, "generalAndAdministrativeExpenses": 214000000, "sellingAndMarketingExpenses": 0, "sellingGeneralAndAdministrativeExpenses": 214000000, "otherExpenses": -3000000, "operatingExpenses": 211000000, "costAndExpenses": 8674000000, "interestIncome": 0, "interestExpense": -18000000, "depreciationAndAmortization": 71000000, "ebitda": 497000000, "ebitdaratio": 0.0545973855, "operatingIncome": 587000000, "operatingIncomeRatio": 0.064484236, "totalOtherIncomeExpensesNet": 161000000, "incomeBeforeTax": 572000000, "incomeBeforeTaxRatio": 0.0628364276, "incomeTaxExpense": 32000000, "netIncome": 480000000, "netIncomeRatio": 0.0527298693, "eps": 3.18, "epsdiluted": 3.16, "weightedAverageShsOut": 150000000, "weightedAverageShsOutDil": 151000000, "link": "https://www.sec.gov/Archives/edgar/data/1357615/000119312512073017/0001193125-12-073017-index.htm", "finalLink": "https://www.sec.gov/Archives/edgar/data/1357615/000119312512073017/d254360d10k.htm", "calculatedOtherExpenses": -161000000, "calculatedOperatingExpenses": 53000000, "calculatedNetInterest": 18000000, "calculatedOtherIncome": -33000000, "calculatedIncomeNonControlling": 60000000, "calculatedEbitda": 658000000}, {"date": "2010-12-31", "symbol": "KBR", "reportedCurrency": "USD", "cik": "0001357615", "fillingDate": "2011-02-23", "acceptedDate": "2011-02-23 16:03:45", "calendarYear": "2010", "period": "FY", "revenue": 10099000000, "costOfRevenue": 9273000000, "grossProfit": 826000000, "grossProfitRatio": 0.0817902763, "researchAndDevelopmentExpenses": 0, "generalAndAdministrativeExpenses": 212000000, "sellingAndMarketingExpenses": 0, "sellingGeneralAndAdministrativeExpenses": 212000000, "otherExpenses": 5000000, "operatingExpenses": 212000000, "costAndExpenses": 9485000000, "interestIncome": 0, "interestExpense": -17000000, "depreciationAndAmortization": 62000000, "ebitda": 687000000, "ebitdaratio": 0.0680265373, "operatingIncome": 609000000, "operatingIncomeRatio": 0.0603030003, "totalOtherIncomeExpensesNet": -11000000, "incomeBeforeTax": 586000000, "incomeBeforeTaxRatio": 0.0580255471, "incomeTaxExpense": 191000000, "netIncome": 327000000, "netIncomeRatio": 0.0323794435, "eps": 2.08, "epsdiluted": 2.07, "weightedAverageShsOut": 156000000, "weightedAverageShsOutDil": 157000000, "link": "https://www.sec.gov/Archives/edgar/data/1357615/000119312511043559/0001193125-11-043559-index.htm", "finalLink": "https://www.sec.gov/Archives/edgar/data/1357615/000119312511043559/d10k.htm", "calculatedOtherExpenses": 5000000, "calculatedOperatingExpenses": 217000000, "calculatedNetInterest": 17000000, "calculatedOtherIncome": -40000000, "calculatedIncomeNonControlling": 68000000, "calculatedEbitda": 671000000}, {"date": "2009-12-31", "symbol": "KBR", "reportedCurrency": "USD", "cik": "0001357615", "fillingDate": "2010-02-25", "acceptedDate": "2010-02-25 06:05:26", "calendarYear": "2009", "period": "FY", "revenue": 12105000000, "costOfRevenue": 11348000000, "grossProfit": 757000000, "grossProfitRatio": 0.0625361421, "researchAndDevelopmentExpenses": 0, "generalAndAdministrativeExpenses": 217000000, "sellingAndMarketingExpenses": 0, "sellingGeneralAndAdministrativeExpenses": 217000000, "otherExpenses": -2000000, "operatingExpenses": 215000000, "costAndExpenses": 11563000000, "interestIncome": 0, "interestExpense": -1000000, "depreciationAndAmortization": 55000000, "ebitda": 606000000, "ebitdaratio": 0.0500619579, "operatingIncome": 536000000, "operatingIncomeRatio": 0.0442792235, "totalOtherIncomeExpensesNet": -9000000, "incomeBeforeTax": 532000000, "incomeBeforeTaxRatio": 0.0439487815, "incomeTaxExpense": 168000000, "netIncome": 290000000, "netIncomeRatio": 0.0239570425, "eps": 1.8, "epsdiluted": 1.79, "weightedAverageShsOut": 160000000, "weightedAverageShsOutDil": 161000000, "link": "https://www.sec.gov/Archives/edgar/data/1357615/000114036110008295/0001140361-10-008295-index.htm", "finalLink": "https://www.sec.gov/Archives/edgar/data/1357615/000114036110008295/form10k.htm", "calculatedOtherExpenses": 4000000, "calculatedOperatingExpenses": 221000000, "calculatedNetInterest": 1000000, "calculatedOtherIncome": -5000000, "calculatedIncomeNonControlling": 74000000, "calculatedEbitda": 591000000}, {"date": "2008-12-31", "symbol": "KBR", "reportedCurrency": "USD", "cik": "0001357615", "fillingDate": "2009-02-25", "acceptedDate": "2009-02-25 06:10:41", "calendarYear": "2008", "period": "FY", "revenue": 11581000000, "costOfRevenue": 8000000, "grossProfit": 11573000000, "grossProfitRatio": 0.9993092134, "researchAndDevelopmentExpenses": 0, "generalAndAdministrativeExpenses": 223000000, "sellingAndMarketingExpenses": 0, "sellingGeneralAndAdministrativeExpenses": 223000000, "otherExpenses": -3000000, "operatingExpenses": 11032000000, "costAndExpenses": 11040000000, "interestIncome": 0, "interestExpense": 0, "depreciationAndAmortization": 49000000, "ebitda": 590000000, "ebitdaratio": 0.0509455142, "operatingIncome": 541000000, "operatingIncomeRatio": 0.0467144461, "totalOtherIncomeExpensesNet": -8000000, "incomeBeforeTax": 568000000, "incomeBeforeTaxRatio": 0.049045851, "incomeTaxExpense": 212000000, "netIncome": 319000000, "netIncomeRatio": 0.027545117, "eps": 1.91, "epsdiluted": 1.9, "weightedAverageShsOut": 166000000, "weightedAverageShsOutDil": 167000000, "link": "https://www.sec.gov/Archives/edgar/data/1357615/000114036109004960/0001140361-09-004960-index.htm", "finalLink": "https://www.sec.gov/Archives/edgar/data/1357615/000114036109004960/form10k.htm", "calculatedOtherExpenses": 10809000000, "calculatedOperatingExpenses": 11032000000, "calculatedNetInterest": 0, "calculatedOtherIncome": 27000000, "calculatedIncomeNonControlling": 37000000, "calculatedEbitda": 590000000}, {"date": "2007-12-31", "symbol": "KBR", "reportedCurrency": "USD", "cik": "0001357615", "fillingDate": "2008-02-26", "acceptedDate": "2008-02-26 06:01:51", "calendarYear": "2007", "period": "FY", "revenue": 8745000000, "costOfRevenue": 8225000000, "grossProfit": 520000000, "grossProfitRatio": 0.05946255, "researchAndDevelopmentExpenses": 0, "generalAndAdministrativeExpenses": 226000000, "sellingAndMarketingExpenses": 0, "sellingGeneralAndAdministrativeExpenses": 226000000, "otherExpenses": 0, "operatingExpenses": 226000000, "costAndExpenses": 8451000000, "interestIncome": 0, "interestExpense": 62000000, "depreciationAndAmortization": 41000000, "ebitda": 349000000, "ebitdaratio": 0.0399085192, "operatingIncome": 294000000, "operatingIncomeRatio": 0.033619211, "totalOtherIncomeExpensesNet": 89000000, "incomeBeforeTax": 342000000, "incomeBeforeTaxRatio": 0.0391080617, "incomeTaxExpense": 138000000, "netIncome": 302000000, "netIncomeRatio": 0.0345340194, "eps": 1.8, "epsdiluted": 1.79, "weightedAverageShsOut": 168000000, "weightedAverageShsOutDil": 169000000, "link": "https://www.sec.gov/Archives/edgar/data/1357615/000095013408003362/0000950134-08-003362-index.htm", "finalLink": "https://www.sec.gov/Archives/edgar/data/1357615/000095013408003362/h54246e10vk.htm", "calculatedOtherExpenses": 0, "calculatedOperatingExpenses": 226000000, "calculatedNetInterest": -62000000, "calculatedOtherIncome": 110000000, "calculatedIncomeNonControlling": -98000000, "calculatedEbitda": 335000000}, {"date": "2006-12-31", "symbol": "KBR", "reportedCurrency": "USD", "cik": "0001357615", "fillingDate": "2007-02-28", "acceptedDate": "2007-02-28 06:13:35", "calendarYear": "2006", "period": "FY", "revenue": 9633000000, "costOfRevenue": 9285000000, "grossProfit": 348000000, "grossProfitRatio": 0.0361258175, "researchAndDevelopmentExpenses": 0, "generalAndAdministrativeExpenses": 108000000, "sellingAndMarketingExpenses": 0, "sellingGeneralAndAdministrativeExpenses": 108000000, "otherExpenses": -6000000, "operatingExpenses": 102000000, "costAndExpenses": 9387000000, "interestIncome": 0, "interestExpense": -36000000, "depreciationAndAmortization": 47000000, "ebitda": 303000000, "ebitdaratio": 0.0314543756, "operatingIncome": 246000000, "operatingIncomeRatio": 0.0255372158, "totalOtherIncomeExpensesNet": -3000000, "incomeBeforeTax": 220000000, "incomeBeforeTaxRatio": 0.0228381605, "incomeTaxExpense": 129000000, "netIncome": 168000000, "netIncomeRatio": 0.0174400498, "eps": 1.2, "epsdiluted": 1.2, "weightedAverageShsOut": 140000000, "weightedAverageShsOutDil": 140000000, "link": "https://www.sec.gov/Archives/edgar/data/1357615/000119312507041685/0001193125-07-041685-index.htm", "finalLink": "https://www.sec.gov/Archives/edgar/data/1357615/000119312507041685/d10k.htm", "calculatedOtherExpenses": -6000000, "calculatedOperatingExpenses": 102000000, "calculatedNetInterest": 36000000, "calculatedOtherIncome": -62000000, "calculatedIncomeNonControlling": -77000000, "calculatedEbitda": 293000000}, {"date": "2005-12-31", "symbol": "KBR", "reportedCurrency": "USD", "cik": "0001357615", "fillingDate": "2005-12-31", "acceptedDate": "2005-12-30 19:00:00", "calendarYear": "2005", "period": "FY", "revenue": 10206000000, "costOfRevenue": 9716000000, "grossProfit": 490000000, "grossProfitRatio": 0.0480109739, "researchAndDevelopmentExpenses": 0, "generalAndAdministrativeExpenses": 0, "sellingAndMarketingExpenses": 0, "sellingGeneralAndAdministrativeExpenses": 85000000, "otherExpenses": -50000000, "operatingExpenses": 35000000, "costAndExpenses": 9751000000, "interestIncome": 0, "interestExpense": 0, "depreciationAndAmortization": 56000000, "ebitda": 395000000, "ebitdaratio": 0.0387027239, "operatingIncome": 455000000, "operatingIncomeRatio": 0.0445816187, "totalOtherIncomeExpensesNet": 56000000, "incomeBeforeTax": 433000000, "incomeBeforeTaxRatio": 0.0424260239, "incomeTaxExpense": 182000000, "netIncome": 240000000, "netIncomeRatio": 0.0235155791, "eps": 1.76, "epsdiluted": 1.76, "weightedAverageShsOut": 136000000, "weightedAverageShsOutDil": 136000000, "link": "", "finalLink": "", "calculatedOtherExpenses": -50000000, "calculatedOperatingExpenses": 35000000, "calculatedNetInterest": 0, "calculatedOtherIncome": -22000000, "calculatedIncomeNonControlling": 11000000, "calculatedEbitda": 511000000}, {"date": "2004-12-31", "symbol": "KBR", "reportedCurrency": "USD", "cik": "0001357615", "fillingDate": "2004-12-31", "acceptedDate": "2004-12-30 19:00:00", "calendarYear": "2004", "period": "FY", "revenue": 11960000000, "costOfRevenue": 12171000000, "grossProfit": -211000000, "grossProfitRatio": -0.0176421405, "researchAndDevelopmentExpenses": 0, "generalAndAdministrativeExpenses": 0, "sellingAndMarketingExpenses": 0, "sellingGeneralAndAdministrativeExpenses": 92000000, "otherExpenses": 54000000, "operatingExpenses": 146000000, "costAndExpenses": 12317000000, "interestIncome": 0, "interestExpense": 0, "depreciationAndAmortization": 52000000, "ebitda": -290000000, "ebitdaratio": -0.0242474916, "operatingIncome": -357000000, "operatingIncomeRatio": -0.0298494983, "totalOtherIncomeExpensesNet": -69000000, "incomeBeforeTax": -385000000, "incomeBeforeTaxRatio": -0.0321906355, "incomeTaxExpense": -96000000, "netIncome": -303000000, "netIncomeRatio": -0.0253344482, "eps": -2.23, "epsdiluted": -2.23, "weightedAverageShsOut": 136000000, "weightedAverageShsOutDil": 136000000, "link": "", "finalLink": "", "calculatedOtherExpenses": 54000000, "calculatedOperatingExpenses": 146000000, "calculatedNetInterest": 0, "calculatedOtherIncome": -28000000, "calculatedIncomeNonControlling": 14000000, "calculatedEbitda": -305000000}, {"date": "2003-12-31", "symbol": "KBR", "reportedCurrency": "USD", "cik": "0001357615", "fillingDate": "2003-12-31", "acceptedDate": "2003-12-30 19:00:00", "calendarYear": "2003", "period": "FY", "revenue": 8810000000, "costOfRevenue": 0, "grossProfit": 8810000000, "grossProfitRatio": 1, "researchAndDevelopmentExpenses": 0, "generalAndAdministrativeExpenses": 0, "sellingAndMarketingExpenses": 0, "sellingGeneralAndAdministrativeExpenses": 0, "otherExpenses": 0, "operatingExpenses": 0, "costAndExpenses": 0, "interestIncome": 0, "interestExpense": 0, "depreciationAndAmortization": 0, "ebitda": 8810000000, "ebitdaratio": 1, "operatingIncome": 8810000000, "operatingIncomeRatio": 1, "totalOtherIncomeExpensesNet": 0, "incomeBeforeTax": 0, "incomeBeforeTaxRatio": 0, "incomeTaxExpense": 133000000, "netIncome": -133000000, "netIncomeRatio": -0.0150964813, "eps": -0.98, "epsdiluted": -0.98, "weightedAverageShsOut": 136000000, "weightedAverageShsOutDil": 136000000, "link": "", "finalLink": "", "calculatedOtherExpenses": 0, "calculatedOperatingExpenses": 0, "calculatedNetInterest": 0, "calculatedOtherIncome": -8810000000, "calculatedIncomeNonControlling": 0, "calculatedEbitda": 8810000000}, {"date": "2002-12-31", "symbol": "KBR", "reportedCurrency": "USD", "cik": "0001357615", "fillingDate": "2002-12-31", "acceptedDate": "2002-12-30 19:00:00", "calendarYear": "2002", "period": "FY", "revenue": 5125000000, "costOfRevenue": 5218000000, "grossProfit": -93000000, "grossProfitRatio": -0.0181463415, "researchAndDevelopmentExpenses": 0, "generalAndAdministrativeExpenses": 0, "sellingAndMarketingExpenses": 0, "sellingGeneralAndAdministrativeExpenses": 89000000, "otherExpenses": 0, "operatingExpenses": 89000000, "costAndExpenses": 5307000000, "interestIncome": 0, "interestExpense": 0, "depreciationAndAmortization": 29000000, "ebitda": -153000000, "ebitdaratio": -0.0298536585, "operatingIncome": -182000000, "operatingIncomeRatio": -0.0355121951, "totalOtherIncomeExpensesNet": 1000000, "incomeBeforeTax": -181000000, "incomeBeforeTaxRatio": -0.0353170732, "incomeTaxExpense": -98000000, "netIncome": -92000000, "netIncomeRatio": -0.0179512195, "eps": -0.68, "epsdiluted": -0.68, "weightedAverageShsOut": 136000000, "weightedAverageShsOutDil": 136000000, "link": "", "finalLink": "", "calculatedOtherExpenses": 0, "calculatedOperatingExpenses": 89000000, "calculatedNetInterest": 0, "calculatedOtherIncome": 1000000, "calculatedIncomeNonControlling": 9000000, "calculatedEbitda": -153000000}]}