{"originalCurrency": "USD", "convertedCurrency": "USD", "report": [{"date": "2023-12-31", "symbol": "KDP", "reportedCurrency": "USD", "cik": "0001418135", "fillingDate": "2024-02-22", "acceptedDate": "2024-02-22 09:06:02", "calendarYear": "2023", "period": "FY", "revenue": 14814000000, "costOfRevenue": 6734000000, "grossProfit": 8080000000, "grossProfitRatio": 0.5454299986, "researchAndDevelopmentExpenses": 66000000, "generalAndAdministrativeExpenses": 2489000000, "sellingAndMarketingExpenses": 2423000000, "sellingGeneralAndAdministrativeExpenses": 4912000000, "otherExpenses": 61000000, "operatingExpenses": 4886000000, "costAndExpenses": 11620000000, "interestIncome": 0, "interestExpense": 496000000, "depreciationAndAmortization": 720000000, "ebitda": 3975000000, "ebitdaratio": 0.268327258, "operatingIncome": 3192000000, "operatingIncomeRatio": 0.215471851, "totalOtherIncomeExpensesNet": 59000000, "incomeBeforeTax": 2757000000, "incomeBeforeTaxRatio": 0.1861077359, "incomeTaxExpense": 576000000, "netIncome": 2181000000, "netIncomeRatio": 0.1472255974, "eps": 1.56, "epsdiluted": 1.55, "weightedAverageShsOut": 1399300000, "weightedAverageShsOutDil": 1408400000, "link": "https://www.sec.gov/Archives/edgar/data/1418135/000141813524000007/0001418135-24-000007-index.htm", "finalLink": "https://www.sec.gov/Archives/edgar/data/1418135/000141813524000007/kdp-20231231.htm", "calculatedOtherExpenses": -90000000, "calculatedOperatingExpenses": 4888000000, "calculatedNetInterest": -496000000, "calculatedOtherIncome": 61000000, "calculatedIncomeNonControlling": 0, "calculatedEbitda": 3912000000}, {"date": "2022-12-31", "symbol": "KDP", "reportedCurrency": "USD", "cik": "0001418135", "fillingDate": "2023-02-23", "acceptedDate": "2023-02-23 16:09:13", "calendarYear": "2022", "period": "FY", "revenue": 14057000000, "costOfRevenue": 6734000000, "grossProfit": 7323000000, "grossProfitRatio": 0.5209504162, "researchAndDevelopmentExpenses": 65000000, "generalAndAdministrativeExpenses": 2362000000, "sellingAndMarketingExpenses": 2283000000, "sellingGeneralAndAdministrativeExpenses": 4645000000, "otherExpenses": -105000000, "operatingExpenses": 4540000000, "costAndExpenses": 11274000000, "interestIncome": 693000000, "interestExpense": 693000000, "depreciationAndAmortization": 873000000, "ebitda": 3478000000, "ebitdaratio": 0.2474212136, "operatingIncome": 2605000000, "operatingIncomeRatio": 0.185316924, "totalOtherIncomeExpensesNet": -886000000, "incomeBeforeTax": 1719000000, "incomeBeforeTaxRatio": 0.1222878281, "incomeTaxExpense": 284000000, "netIncome": 1436000000, "netIncomeRatio": 0.1021555097, "eps": 1.01, "epsdiluted": 1.01, "weightedAverageShsOut": 1416800000, "weightedAverageShsOutDil": 1428500000, "link": "https://www.sec.gov/Archives/edgar/data/1418135/000141813523000003/0001418135-23-000003-index.htm", "finalLink": "https://www.sec.gov/Archives/edgar/data/1418135/000141813523000003/kdp-20221231.htm", "calculatedOtherExpenses": 8000000, "calculatedOperatingExpenses": 4718000000, "calculatedNetInterest": 0, "calculatedOtherIncome": -886000000, "calculatedIncomeNonControlling": -1000000, "calculatedEbitda": 3478000000}, {"date": "2021-12-31", "symbol": "KDP", "reportedCurrency": "USD", "cik": "0001418135", "fillingDate": "2022-02-24", "acceptedDate": "2022-02-24 16:22:20", "calendarYear": "2021", "period": "FY", "revenue": 12683000000, "costOfRevenue": 5706000000, "grossProfit": 6977000000, "grossProfitRatio": 0.5501064417, "researchAndDevelopmentExpenses": 66000000, "generalAndAdministrativeExpenses": 2138000000, "sellingAndMarketingExpenses": 2015000000, "sellingGeneralAndAdministrativeExpenses": 4153000000, "otherExpenses": -70000000, "operatingExpenses": 4083000000, "costAndExpenses": 9789000000, "interestIncome": 500000000, "interestExpense": 500000000, "depreciationAndAmortization": 710000000, "ebitda": 3604000000, "ebitdaratio": 0.2841598991, "operatingIncome": 2894000000, "operatingIncomeRatio": 0.2281794528, "totalOtherIncomeExpensesNet": -96000000, "incomeBeforeTax": 2798000000, "incomeBeforeTaxRatio": 0.2206102657, "incomeTaxExpense": 653000000, "netIncome": 2146000000, "netIncomeRatio": 0.16920287, "eps": 1.52, "epsdiluted": 1.5, "weightedAverageShsOut": 1415700000, "weightedAverageShsOutDil": 1427900000, "link": "https://www.sec.gov/Archives/edgar/data/1418135/000141813522000005/0001418135-22-000005-index.htm", "finalLink": "https://www.sec.gov/Archives/edgar/data/1418135/000141813522000005/kdp-20211231.htm", "calculatedOtherExpenses": -136000000, "calculatedOperatingExpenses": 4083000000, "calculatedNetInterest": 0, "calculatedOtherIncome": -96000000, "calculatedIncomeNonControlling": -1000000, "calculatedEbitda": 3604000000}, {"date": "2020-12-31", "symbol": "KDP", "reportedCurrency": "USD", "cik": "0001418135", "fillingDate": "2021-02-25", "acceptedDate": "2021-02-25 14:32:58", "calendarYear": "2020", "period": "FY", "revenue": 11618000000, "costOfRevenue": 5132000000, "grossProfit": 6486000000, "grossProfitRatio": 0.5582716474, "researchAndDevelopmentExpenses": 69000000, "generalAndAdministrativeExpenses": 2163000000, "sellingAndMarketingExpenses": 1815000000, "sellingGeneralAndAdministrativeExpenses": 3978000000, "otherExpenses": -39000000, "operatingExpenses": 3939000000, "costAndExpenses": 9071000000, "interestIncome": 604000000, "interestExpense": 604000000, "depreciationAndAmortization": 703000000, "ebitda": 3183000000, "ebitdaratio": 0.2739714237, "operatingIncome": 2480000000, "operatingIncomeRatio": 0.2134618695, "totalOtherIncomeExpensesNet": -727000000, "incomeBeforeTax": 1753000000, "incomeBeforeTaxRatio": 0.1508865553, "incomeTaxExpense": 428000000, "netIncome": 1325000000, "netIncomeRatio": 0.1140471682, "eps": 0.94, "epsdiluted": 0.93, "weightedAverageShsOut": 1407200000, "weightedAverageShsOutDil": 1422100000, "link": "https://www.sec.gov/Archives/edgar/data/1418135/000141813521000005/0001418135-21-000005-index.htm", "finalLink": "https://www.sec.gov/Archives/edgar/data/1418135/000141813521000005/kdp-20201231.htm", "calculatedOtherExpenses": -41000000, "calculatedOperatingExpenses": 4006000000, "calculatedNetInterest": 0, "calculatedOtherIncome": -727000000, "calculatedIncomeNonControlling": 0, "calculatedEbitda": 3183000000}, {"date": "2019-12-31", "symbol": "KDP", "reportedCurrency": "USD", "cik": "0001418135", "fillingDate": "2020-02-27", "acceptedDate": "2020-02-27 16:52:22", "calendarYear": "2019", "period": "FY", "revenue": 11120000000, "costOfRevenue": 4778000000, "grossProfit": 6342000000, "grossProfitRatio": 0.570323741, "researchAndDevelopmentExpenses": 81000000, "generalAndAdministrativeExpenses": 2111000000, "sellingAndMarketingExpenses": 1851000000, "sellingGeneralAndAdministrativeExpenses": 3962000000, "otherExpenses": 2000000, "operatingExpenses": 3964000000, "costAndExpenses": 8742000000, "interestIncome": 654000000, "interestExpense": 654000000, "depreciationAndAmortization": 679000000, "ebitda": 3057000000, "ebitdaratio": 0.2749100719, "operatingIncome": 2378000000, "operatingIncomeRatio": 0.2138489209, "totalOtherIncomeExpensesNet": -684000000, "incomeBeforeTax": 1694000000, "incomeBeforeTaxRatio": 0.1523381295, "incomeTaxExpense": 440000000, "netIncome": 1254000000, "netIncomeRatio": 0.1127697842, "eps": 0.89, "epsdiluted": 0.88, "weightedAverageShsOut": 1406700000, "weightedAverageShsOutDil": 1419100000, "link": "https://www.sec.gov/Archives/edgar/data/1418135/000141813520000007/0001418135-20-000007-index.htm", "finalLink": "https://www.sec.gov/Archives/edgar/data/1418135/000141813520000007/kdp-10kx12312019.htm", "calculatedOtherExpenses": -79000000, "calculatedOperatingExpenses": 3964000000, "calculatedNetInterest": 0, "calculatedOtherIncome": -684000000, "calculatedIncomeNonControlling": 0, "calculatedEbitda": 3057000000}, {"date": "2018-12-31", "symbol": "KDP", "reportedCurrency": "USD", "cik": "0001418135", "fillingDate": "2019-02-28", "acceptedDate": "2019-02-28 17:31:46", "calendarYear": "2018", "period": "FY", "revenue": 7442000000, "costOfRevenue": 3560000000, "grossProfit": 3882000000, "grossProfitRatio": 0.5216339694, "researchAndDevelopmentExpenses": 64000000, "generalAndAdministrativeExpenses": 2635000000, "sellingAndMarketingExpenses": 1106000000, "sellingGeneralAndAdministrativeExpenses": 2635000000, "otherExpenses": 19000000, "operatingExpenses": 2645000000, "costAndExpenses": 6205000000, "interestIncome": 0, "interestExpense": 452000000, "depreciationAndAmortization": 462000000, "ebitda": 1718000000, "ebitdaratio": 0.2308519215, "operatingIncome": 1237000000, "operatingIncomeRatio": 0.1662187584, "totalOtherIncomeExpensesNet": 6000000, "incomeBeforeTax": 791000000, "incomeBeforeTaxRatio": 0.1062886321, "incomeTaxExpense": 202000000, "netIncome": 586000000, "netIncomeRatio": 0.0787422736, "eps": 0.54, "epsdiluted": 0.53, "weightedAverageShsOut": 1086300000, "weightedAverageShsOutDil": 1097600000, "link": "https://www.sec.gov/Archives/edgar/data/1418135/000141813519000007/0001418135-19-000007-index.htm", "finalLink": "https://www.sec.gov/Archives/edgar/data/1418135/000141813519000007/kdp-10kx12312018.htm", "calculatedOtherExpenses": -54000000, "calculatedOperatingExpenses": 2645000000, "calculatedNetInterest": -452000000, "calculatedOtherIncome": 6000000, "calculatedIncomeNonControlling": 3000000, "calculatedEbitda": 1699000000}, {"date": "2017-12-31", "symbol": "KDP", "reportedCurrency": "USD", "cik": "0001418135", "fillingDate": "2018-02-14", "acceptedDate": "2018-02-14 08:08:29", "calendarYear": "2017", "period": "FY", "revenue": 6690000000, "costOfRevenue": 2695000000, "grossProfit": 3995000000, "grossProfitRatio": 0.5971599402, "researchAndDevelopmentExpenses": 20000000, "generalAndAdministrativeExpenses": 2556000000, "sellingAndMarketingExpenses": 0, "sellingGeneralAndAdministrativeExpenses": 2556000000, "otherExpenses": 8000000, "operatingExpenses": 2607000000, "costAndExpenses": 5302000000, "interestIncome": 3000000, "interestExpense": 164000000, "depreciationAndAmortization": 229000000, "ebitda": 1628000000, "ebitdaratio": 0.243348281, "operatingIncome": 1388000000, "operatingIncomeRatio": 0.2074738416, "totalOtherIncomeExpensesNet": -54000000, "incomeBeforeTax": 1173000000, "incomeBeforeTaxRatio": 0.1753363229, "incomeTaxExpense": 95000000, "netIncome": 1076000000, "netIncomeRatio": 0.1608370703, "eps": 5.91, "epsdiluted": 5.89, "weightedAverageShsOut": 182000000, "weightedAverageShsOutDil": 182800000, "link": "https://www.sec.gov/Archives/edgar/data/1418135/000141813518000006/0001418135-18-000006-index.htm", "finalLink": "https://www.sec.gov/Archives/edgar/data/1418135/000141813518000006/dps-10kx123117.htm", "calculatedOtherExpenses": 31000000, "calculatedOperatingExpenses": 2607000000, "calculatedNetInterest": -161000000, "calculatedOtherIncome": -54000000, "calculatedIncomeNonControlling": 2000000, "calculatedEbitda": 1617000000}, {"date": "2016-12-31", "symbol": "KDP", "reportedCurrency": "USD", "cik": "0001418135", "fillingDate": "2017-02-14", "acceptedDate": "2017-02-14 15:09:36", "calendarYear": "2016", "period": "FY", "revenue": 6440000000, "costOfRevenue": 2582000000, "grossProfit": 3858000000, "grossProfitRatio": 0.599068323, "researchAndDevelopmentExpenses": 20000000, "generalAndAdministrativeExpenses": 2329000000, "sellingAndMarketingExpenses": 0, "sellingGeneralAndAdministrativeExpenses": 2329000000, "otherExpenses": 25000000, "operatingExpenses": 2425000000, "costAndExpenses": 5007000000, "interestIncome": 3000000, "interestExpense": 147000000, "depreciationAndAmortization": 224000000, "ebitda": 1685000000, "ebitdaratio": 0.2616459627, "operatingIncome": 1433000000, "operatingIncomeRatio": 0.222515528, "totalOtherIncomeExpensesNet": -6000000, "incomeBeforeTax": 1283000000, "incomeBeforeTaxRatio": 0.1992236025, "incomeTaxExpense": 434000000, "netIncome": 847000000, "netIncomeRatio": 0.1315217391, "eps": 4.57, "epsdiluted": 4.54, "weightedAverageShsOut": 185400000, "weightedAverageShsOutDil": 186600000, "link": "https://www.sec.gov/Archives/edgar/data/1418135/000141813517000010/0001418135-17-000010-index.htm", "finalLink": "https://www.sec.gov/Archives/edgar/data/1418135/000141813517000010/dps-10kx123116.htm", "calculatedOtherExpenses": 76000000, "calculatedOperatingExpenses": 2425000000, "calculatedNetInterest": -144000000, "calculatedOtherIncome": -6000000, "calculatedIncomeNonControlling": 2000000, "calculatedEbitda": 1657000000}, {"date": "2015-12-31", "symbol": "KDP", "reportedCurrency": "USD", "cik": "0001418135", "fillingDate": "2016-02-23", "acceptedDate": "2016-02-23 12:21:18", "calendarYear": "2015", "period": "FY", "revenue": 6282000000, "costOfRevenue": 2559000000, "grossProfit": 3723000000, "grossProfitRatio": 0.5926456543, "researchAndDevelopmentExpenses": 19000000, "generalAndAdministrativeExpenses": 2313000000, "sellingAndMarketingExpenses": 0, "sellingGeneralAndAdministrativeExpenses": 2313000000, "otherExpenses": 1000000, "operatingExpenses": 2425000000, "costAndExpenses": 4984000000, "interestIncome": 2000000, "interestExpense": 117000000, "depreciationAndAmortization": 227000000, "ebitda": 1528000000, "ebitdaratio": 0.2432346387, "operatingIncome": 1298000000, "operatingIncomeRatio": 0.2066220949, "totalOtherIncomeExpensesNet": 1000000, "incomeBeforeTax": 1184000000, "incomeBeforeTaxRatio": 0.188475008, "incomeTaxExpense": 420000000, "netIncome": 764000000, "netIncomeRatio": 0.1216173193, "eps": 4, "epsdiluted": 3.97, "weightedAverageShsOut": 190900000, "weightedAverageShsOutDil": 192400000, "link": "https://www.sec.gov/Archives/edgar/data/1418135/000141813516000050/0001418135-16-000050-index.htm", "finalLink": "https://www.sec.gov/Archives/edgar/data/1418135/000141813516000050/dps-10kx123115.htm", "calculatedOtherExpenses": 93000000, "calculatedOperatingExpenses": 2425000000, "calculatedNetInterest": -115000000, "calculatedOtherIncome": 1000000, "calculatedIncomeNonControlling": 0, "calculatedEbitda": 1525000000}, {"date": "2014-12-31", "symbol": "KDP", "reportedCurrency": "USD", "cik": "0001418135", "fillingDate": "2015-02-19", "acceptedDate": "2015-02-19 15:06:35", "calendarYear": "2014", "period": "FY", "revenue": 6121000000, "costOfRevenue": 2491000000, "grossProfit": 3630000000, "grossProfitRatio": 0.5930403529, "researchAndDevelopmentExpenses": 76500000, "generalAndAdministrativeExpenses": 2334000000, "sellingAndMarketingExpenses": 0, "sellingGeneralAndAdministrativeExpenses": 2334000000, "otherExpenses": 116000000, "operatingExpenses": 2450000000, "costAndExpenses": 4941000000, "interestIncome": 2000000, "interestExpense": 109000000, "depreciationAndAmortization": 235000000, "ebitda": 1417000000, "ebitdaratio": 0.2314981212, "operatingIncome": 1180000000, "operatingIncomeRatio": 0.1927789577, "totalOtherIncomeExpensesNet": -107000000, "incomeBeforeTax": 1073000000, "incomeBeforeTaxRatio": 0.1752981539, "incomeTaxExpense": 371000000, "netIncome": 703000000, "netIncomeRatio": 0.1148505146, "eps": 3.59, "epsdiluted": 3.56, "weightedAverageShsOut": 192957696, "weightedAverageShsOutDil": 192957696, "link": "https://www.sec.gov/Archives/edgar/data/1418135/000141813515000006/0001418135-15-000006-index.htm", "finalLink": "https://www.sec.gov/Archives/edgar/data/1418135/000141813515000006/dps-10kx123114.htm", "calculatedOtherExpenses": 39500000, "calculatedOperatingExpenses": 2450000000, "calculatedNetInterest": -107000000, "calculatedOtherIncome": 0, "calculatedIncomeNonControlling": -1000000, "calculatedEbitda": 1415000000}, {"date": "2013-12-31", "symbol": "KDP", "reportedCurrency": "USD", "cik": "0001418135", "fillingDate": "2014-02-20", "acceptedDate": "2014-02-19 19:31:14", "calendarYear": "2013", "period": "FY", "revenue": 5997000000, "costOfRevenue": 2499000000, "grossProfit": 3498000000, "grossProfitRatio": 0.5832916458, "researchAndDevelopmentExpenses": 57700000, "generalAndAdministrativeExpenses": 2328000000, "sellingAndMarketingExpenses": 0, "sellingGeneralAndAdministrativeExpenses": 2328000000, "otherExpenses": -383000000, "operatingExpenses": 2452000000, "costAndExpenses": 4951000000, "interestIncome": 2000000, "interestExpense": 123000000, "depreciationAndAmortization": 234000000, "ebitda": 899000000, "ebitdaratio": 0.1499082875, "operatingIncome": 1046000000, "operatingIncomeRatio": 0.1744205436, "totalOtherIncomeExpensesNet": -383000000, "incomeBeforeTax": 542000000, "incomeBeforeTaxRatio": 0.0903785226, "incomeTaxExpense": -81000000, "netIncome": 624000000, "netIncomeRatio": 0.104052026, "eps": 3.08, "epsdiluted": 3.05, "weightedAverageShsOut": 202900000, "weightedAverageShsOutDil": 204500000, "link": "https://www.sec.gov/Archives/edgar/data/1418135/000141813514000008/0001418135-14-000008-index.htm", "finalLink": "https://www.sec.gov/Archives/edgar/data/1418135/000141813514000008/dps-10kx123113.htm", "calculatedOtherExpenses": 66300000, "calculatedOperatingExpenses": 2452000000, "calculatedNetInterest": -121000000, "calculatedOtherIncome": -383000000, "calculatedIncomeNonControlling": -1000000, "calculatedEbitda": 1280000000}, {"date": "2012-12-31", "symbol": "KDP", "reportedCurrency": "USD", "cik": "0001418135", "fillingDate": "2013-02-21", "acceptedDate": "2013-02-20 18:32:40", "calendarYear": "2012", "period": "FY", "revenue": 5995000000, "costOfRevenue": 2500000000, "grossProfit": 3495000000, "grossProfitRatio": 0.5829858215, "researchAndDevelopmentExpenses": 41700000, "generalAndAdministrativeExpenses": 2268000000, "sellingAndMarketingExpenses": 0, "sellingGeneralAndAdministrativeExpenses": 2268000000, "otherExpenses": 9000000, "operatingExpenses": 2403000000, "costAndExpenses": 4903000000, "interestIncome": 2000000, "interestExpense": 125000000, "depreciationAndAmortization": 240000000, "ebitda": 1343000000, "ebitdaratio": 0.2240200167, "operatingIncome": 1092000000, "operatingIncomeRatio": 0.1821517932, "totalOtherIncomeExpensesNet": 9000000, "incomeBeforeTax": 978000000, "incomeBeforeTaxRatio": 0.1631359466, "incomeTaxExpense": 349000000, "netIncome": 629000000, "netIncomeRatio": 0.1049207673, "eps": 2.99, "epsdiluted": 2.96, "weightedAverageShsOut": 205292657, "weightedAverageShsOutDil": 205292657, "link": "https://www.sec.gov/Archives/edgar/data/1418135/000141813513000006/0001418135-13-000006-index.htm", "finalLink": "https://www.sec.gov/Archives/edgar/data/1418135/000141813513000006/dps-10kx123112.htm", "calculatedOtherExpenses": 93300000, "calculatedOperatingExpenses": 2403000000, "calculatedNetInterest": -123000000, "calculatedOtherIncome": 9000000, "calculatedIncomeNonControlling": 0, "calculatedEbitda": 1332000000}, {"date": "2011-12-31", "symbol": "KDP", "reportedCurrency": "USD", "cik": "0001418135", "fillingDate": "2012-02-22", "acceptedDate": "2012-02-22 15:16:37", "calendarYear": "2011", "period": "FY", "revenue": 5903000000, "costOfRevenue": 2485000000, "grossProfit": 3418000000, "grossProfitRatio": 0.5790276131, "researchAndDevelopmentExpenses": 0, "generalAndAdministrativeExpenses": 2257000000, "sellingAndMarketingExpenses": 0, "sellingGeneralAndAdministrativeExpenses": 2257000000, "otherExpenses": 126000000, "operatingExpenses": 2394000000, "costAndExpenses": 4879000000, "interestIncome": 3000000, "interestExpense": 114000000, "depreciationAndAmortization": 232000000, "ebitda": 1259000000, "ebitdaratio": 0.2132813823, "operatingIncome": 1024000000, "operatingIncomeRatio": 0.1734711164, "totalOtherIncomeExpensesNet": 12000000, "incomeBeforeTax": 925000000, "incomeBeforeTaxRatio": 0.1566999831, "incomeTaxExpense": 320000000, "netIncome": 606000000, "netIncomeRatio": 0.1026596646, "eps": 2.77, "epsdiluted": 2.74, "weightedAverageShsOut": 218700000, "weightedAverageShsOutDil": 221200000, "link": "https://www.sec.gov/Archives/edgar/data/1418135/000141813512000006/0001418135-12-000006-index.htm", "finalLink": "https://www.sec.gov/Archives/edgar/data/1418135/000141813512000006/dps-20111231x10k.htm", "calculatedOtherExpenses": 137000000, "calculatedOperatingExpenses": 2394000000, "calculatedNetInterest": -111000000, "calculatedOtherIncome": 12000000, "calculatedIncomeNonControlling": -1000000, "calculatedEbitda": 1256000000}, {"date": "2010-12-31", "symbol": "KDP", "reportedCurrency": "USD", "cik": "0001418135", "fillingDate": "2011-02-22", "acceptedDate": "2011-02-22 15:22:29", "calendarYear": "2010", "period": "FY", "revenue": 5636000000, "costOfRevenue": 2243000000, "grossProfit": 3393000000, "grossProfitRatio": 0.6020227111, "researchAndDevelopmentExpenses": 0, "generalAndAdministrativeExpenses": 2233000000, "sellingAndMarketingExpenses": 0, "sellingGeneralAndAdministrativeExpenses": 2233000000, "otherExpenses": 127000000, "operatingExpenses": 2368000000, "costAndExpenses": 4611000000, "interestIncome": 3000000, "interestExpense": 128000000, "depreciationAndAmortization": 223000000, "ebitda": 1251000000, "ebitdaratio": 0.2219659333, "operatingIncome": 1025000000, "operatingIncomeRatio": 0.181866572, "totalOtherIncomeExpensesNet": -79000000, "incomeBeforeTax": 821000000, "incomeBeforeTaxRatio": 0.1456706884, "incomeTaxExpense": 294000000, "netIncome": 528000000, "netIncomeRatio": 0.0936834634, "eps": 2.19, "epsdiluted": 2.17, "weightedAverageShsOut": 240400000, "weightedAverageShsOutDil": 242600000, "link": "https://www.sec.gov/Archives/edgar/data/1418135/000144530511000302/0001445305-11-000302-index.htm", "finalLink": "https://www.sec.gov/Archives/edgar/data/1418135/000144530511000302/dps2010123110k.htm", "calculatedOtherExpenses": 135000000, "calculatedOperatingExpenses": 2368000000, "calculatedNetInterest": -125000000, "calculatedOtherIncome": -79000000, "calculatedIncomeNonControlling": -1000000, "calculatedEbitda": 1248000000}, {"date": "2009-12-31", "symbol": "KDP", "reportedCurrency": "USD", "cik": "0001418135", "fillingDate": "2010-03-01", "acceptedDate": "2010-02-26 21:22:45", "calendarYear": "2009", "period": "FY", "revenue": 5531000000, "costOfRevenue": 2234000000, "grossProfit": 3297000000, "grossProfitRatio": 0.5960947387, "researchAndDevelopmentExpenses": 0, "generalAndAdministrativeExpenses": 2135000000, "sellingAndMarketingExpenses": 0, "sellingGeneralAndAdministrativeExpenses": 2135000000, "otherExpenses": 77000000, "operatingExpenses": 2212000000, "costAndExpenses": 4446000000, "interestIncome": 4000000, "interestExpense": 243000000, "depreciationAndAmortization": 207000000, "ebitda": 1296000000, "ebitdaratio": 0.2343156753, "operatingIncome": 1085000000, "operatingIncomeRatio": 0.1961670584, "totalOtherIncomeExpensesNet": 22000000, "incomeBeforeTax": 868000000, "incomeBeforeTaxRatio": 0.1569336467, "incomeTaxExpense": 315000000, "netIncome": 555000000, "netIncomeRatio": 0.1003435184, "eps": 2.18, "epsdiluted": 2.17, "weightedAverageShsOut": 254200000, "weightedAverageShsOutDil": 255200000, "link": "https://www.sec.gov/Archives/edgar/data/1418135/000095012310018549/0000950123-10-018549-index.htm", "finalLink": "https://www.sec.gov/Archives/edgar/data/1418135/000095012310018549/d70873e10vk.htm", "calculatedOtherExpenses": 77000000, "calculatedOperatingExpenses": 2212000000, "calculatedNetInterest": -239000000, "calculatedOtherIncome": 22000000, "calculatedIncomeNonControlling": -2000000, "calculatedEbitda": 1292000000}, {"date": "2008-12-31", "symbol": "KDP", "reportedCurrency": "USD", "cik": "0001418135", "fillingDate": "2009-03-26", "acceptedDate": "2009-03-26 15:08:20", "calendarYear": "2008", "period": "FY", "revenue": 5710000000, "costOfRevenue": 2590000000, "grossProfit": 3120000000, "grossProfitRatio": 0.5464098074, "researchAndDevelopmentExpenses": 0, "generalAndAdministrativeExpenses": 2075000000, "sellingAndMarketingExpenses": 0, "sellingGeneralAndAdministrativeExpenses": 2075000000, "otherExpenses": 1156000000, "operatingExpenses": 3231000000, "costAndExpenses": 5821000000, "interestIncome": 32000000, "interestExpense": 257000000, "depreciationAndAmortization": 208000000, "ebitda": 1179000000, "ebitdaratio": 0.2064798599, "operatingIncome": -168000000, "operatingIncomeRatio": -0.0294220665, "totalOtherIncomeExpensesNet": -1080000000, "incomeBeforeTax": -375000000, "incomeBeforeTaxRatio": -0.0656742557, "incomeTaxExpense": -61000000, "netIncome": -312000000, "netIncomeRatio": -0.0546409807, "eps": -1.23, "epsdiluted": -1.23, "weightedAverageShsOut": 254000000, "weightedAverageShsOutDil": 254000000, "link": "https://www.sec.gov/Archives/edgar/data/1418135/000095013409006140/0000950134-09-006140-index.htm", "finalLink": "https://www.sec.gov/Archives/edgar/data/1418135/000095013409006140/d66682e10vk.htm", "calculatedOtherExpenses": 1213000000, "calculatedOperatingExpenses": 3288000000, "calculatedNetInterest": -225000000, "calculatedOtherIncome": 18000000, "calculatedIncomeNonControlling": -2000000, "calculatedEbitda": 40000000}, {"date": "2007-12-31", "symbol": "KDP", "reportedCurrency": "USD", "cik": "0001418135", "fillingDate": "2007-12-31", "acceptedDate": "2007-12-30 19:00:00", "calendarYear": "2007", "period": "FY", "revenue": 5748000000, "costOfRevenue": 2617000000, "grossProfit": 3131000000, "grossProfitRatio": 0.5447112039, "researchAndDevelopmentExpenses": 0, "generalAndAdministrativeExpenses": 2018000000, "sellingAndMarketingExpenses": 0, "sellingGeneralAndAdministrativeExpenses": 2018000000, "otherExpenses": 109000000, "operatingExpenses": 2127000000, "costAndExpenses": 4744000000, "interestIncome": 64000000, "interestExpense": 253000000, "depreciationAndAmortization": 169000000, "ebitda": 1182000000, "ebitdaratio": 0.2056367432, "operatingIncome": 1004000000, "operatingIncomeRatio": 0.1746694502, "totalOtherIncomeExpensesNet": -7000000, "incomeBeforeTax": 817000000, "incomeBeforeTaxRatio": 0.1421363953, "incomeTaxExpense": 322000000, "netIncome": 497000000, "netIncomeRatio": 0.0864648573, "eps": 1.79, "epsdiluted": 1.79, "weightedAverageShsOut": 253500000, "weightedAverageShsOutDil": 253500000, "link": "", "finalLink": "", "calculatedOtherExpenses": 109000000, "calculatedOperatingExpenses": 2127000000, "calculatedNetInterest": -189000000, "calculatedOtherIncome": 2000000, "calculatedIncomeNonControlling": -2000000, "calculatedEbitda": 1173000000}, {"date": "2006-12-31", "symbol": "KDP", "reportedCurrency": "USD", "cik": "0001418135", "fillingDate": "2006-12-31", "acceptedDate": "2006-12-30 19:00:00", "calendarYear": "2006", "period": "FY", "revenue": 4735000000, "costOfRevenue": 1994000000, "grossProfit": 2741000000, "grossProfitRatio": 0.5788806758, "researchAndDevelopmentExpenses": 0, "generalAndAdministrativeExpenses": 0, "sellingAndMarketingExpenses": 0, "sellingGeneralAndAdministrativeExpenses": 1659000000, "otherExpenses": 37000000, "operatingExpenses": 1696000000, "costAndExpenses": 3690000000, "interestIncome": 46000000, "interestExpense": 257000000, "depreciationAndAmortization": 139000000, "ebitda": 1177000000, "ebitdaratio": 0.2485744456, "operatingIncome": 1018000000, "operatingIncomeRatio": 0.2149947202, "totalOtherIncomeExpensesNet": 4000000, "incomeBeforeTax": 805000000, "incomeBeforeTaxRatio": 0.1700105597, "incomeTaxExpense": 298000000, "netIncome": 510000000, "netIncomeRatio": 0.1077085533, "eps": 2.01, "epsdiluted": 2.01, "weightedAverageShsOut": 253500000, "weightedAverageShsOutDil": 253500000, "link": "", "finalLink": "", "calculatedOtherExpenses": 64000000, "calculatedOperatingExpenses": 1723000000, "calculatedNetInterest": -211000000, "calculatedOtherIncome": -2000000, "calculatedIncomeNonControlling": -3000000, "calculatedEbitda": 1157000000}, {"date": "2005-12-31", "symbol": "KDP", "reportedCurrency": "USD", "cik": "0001418135", "fillingDate": "2005-12-31", "acceptedDate": "2005-12-30 19:00:00", "calendarYear": "2005", "period": "FY", "revenue": 3205000000, "costOfRevenue": 1120000000, "grossProfit": 2085000000, "grossProfitRatio": 0.6505460218, "researchAndDevelopmentExpenses": 0, "generalAndAdministrativeExpenses": 0, "sellingAndMarketingExpenses": 0, "sellingGeneralAndAdministrativeExpenses": 1179000000, "otherExpenses": -10000000, "operatingExpenses": 1169000000, "costAndExpenses": 2289000000, "interestIncome": 40000000, "interestExpense": 210000000, "depreciationAndAmortization": 79000000, "ebitda": 1056000000, "ebitdaratio": 0.3294851794, "operatingIncome": 906000000, "operatingIncomeRatio": 0.2826833073, "totalOtherIncomeExpensesNet": -61000000, "incomeBeforeTax": 787000000, "incomeBeforeTaxRatio": 0.2455538222, "incomeTaxExpense": 321000000, "netIncome": 477000000, "netIncomeRatio": 0.1488299532, "eps": 1.88, "epsdiluted": 1.88, "weightedAverageShsOut": 253700000, "weightedAverageShsOutDil": 253700000, "link": "", "finalLink": "", "calculatedOtherExpenses": 0, "calculatedOperatingExpenses": 1179000000, "calculatedNetInterest": -170000000, "calculatedOtherIncome": 51000000, "calculatedIncomeNonControlling": -11000000, "calculatedEbitda": 985000000}, {"date": "2004-12-31", "symbol": "KDP", "reportedCurrency": "USD", "cik": "0001418135", "fillingDate": "2004-12-31", "acceptedDate": "2004-12-30 19:00:00", "calendarYear": "2004", "period": "FY", "revenue": 3065000000, "costOfRevenue": 1051000000, "grossProfit": 2014000000, "grossProfitRatio": 0.657096248, "researchAndDevelopmentExpenses": 0, "generalAndAdministrativeExpenses": 0, "sellingAndMarketingExpenses": 0, "sellingGeneralAndAdministrativeExpenses": 1135000000, "otherExpenses": 9000000, "operatingExpenses": 1144000000, "costAndExpenses": 2195000000, "interestIncome": 0, "interestExpense": 177000000, "depreciationAndAmortization": 70000000, "ebitda": 904000000, "ebitdaratio": 0.2949429038, "operatingIncome": 834000000, "operatingIncomeRatio": 0.2721044046, "totalOtherIncomeExpensesNet": -34000000, "incomeBeforeTax": 703000000, "incomeBeforeTaxRatio": 0.2293637847, "incomeTaxExpense": 270000000, "netIncome": 446000000, "netIncomeRatio": 0.1455138662, "eps": 1.76, "epsdiluted": 1.76, "weightedAverageShsOut": 253700000, "weightedAverageShsOutDil": 253700000, "link": "", "finalLink": "", "calculatedOtherExpenses": 45000000, "calculatedOperatingExpenses": 1180000000, "calculatedNetInterest": -177000000, "calculatedOtherIncome": 46000000, "calculatedIncomeNonControlling": -13000000, "calculatedEbitda": 904000000}]}