{"originalCurrency": "USD", "convertedCurrency": "USD", "report": [{"date": "2023-12-31", "symbol": "KEX", "reportedCurrency": "USD", "cik": "0000056047", "fillingDate": "2024-02-20", "acceptedDate": "2024-02-20 06:38:34", "calendarYear": "2023", "period": "FY", "revenue": 3091640000, "costOfRevenue": 2391578000, "grossProfit": 700062000, "grossProfitRatio": 0.2264371013, "researchAndDevelopmentExpenses": 0, "generalAndAdministrativeExpenses": 0, "sellingAndMarketingExpenses": 0, "sellingGeneralAndAdministrativeExpenses": 335213000, "otherExpenses": -34766000, "operatingExpenses": 369979000, "costAndExpenses": 2761557000, "interestIncome": 0, "interestExpense": 52008000, "depreciationAndAmortization": 240122000, "ebitda": 570205000, "ebitdaratio": 0.1844344749, "operatingIncome": 330083000, "operatingIncomeRatio": 0.1067663117, "totalOtherIncomeExpensesNet": -35958000, "incomeBeforeTax": 294125000, "incomeBeforeTaxRatio": 0.0951355915, "incomeTaxExpense": 71220000, "netIncome": 222935000, "netIncomeRatio": 0.0721089778, "eps": 3.74, "epsdiluted": 3.72, "weightedAverageShsOut": 59531000, "weightedAverageShsOutDil": 59857000, "link": "https://www.sec.gov/Archives/edgar/data/56047/000095017024016786/0000950170-24-016786-index.htm", "finalLink": "https://www.sec.gov/Archives/edgar/data/56047/000095017024016786/kex-20231231.htm", "calculatedOtherExpenses": 34766000, "calculatedOperatingExpenses": 369979000, "calculatedNetInterest": -52008000, "calculatedOtherIncome": 16050000, "calculatedIncomeNonControlling": -30000, "calculatedEbitda": 570205000}, {"date": "2022-12-31", "symbol": "KEX", "reportedCurrency": "USD", "cik": "0000056047", "fillingDate": "2023-02-21", "acceptedDate": "2023-02-21 07:16:54", "calendarYear": "2022", "period": "FY", "revenue": 2784754000, "costOfRevenue": 2262384000, "grossProfit": 522370000, "grossProfitRatio": 0.1875820988, "researchAndDevelopmentExpenses": 0, "generalAndAdministrativeExpenses": 0, "sellingAndMarketingExpenses": 0, "sellingGeneralAndAdministrativeExpenses": 302692000, "otherExpenses": 35071000, "operatingExpenses": 337763000, "costAndExpenses": 2600147000, "interestIncome": 44588000, "interestExpense": 44588000, "depreciationAndAmortization": 201443000, "ebitda": 201284000, "ebitdaratio": 0.0722807113, "operatingIncome": -159000, "operatingIncomeRatio": -5.70966e-05, "totalOtherIncomeExpensesNet": 165134000, "incomeBeforeTax": 164975000, "incomeBeforeTaxRatio": 0.0592422167, "incomeTaxExpense": 42214000, "netIncome": 122291000, "netIncomeRatio": 0.0439144714, "eps": 2.04, "epsdiluted": 2.03, "weightedAverageShsOut": 60038000, "weightedAverageShsOutDil": 60329000, "link": "https://www.sec.gov/Archives/edgar/data/56047/000095017023003306/0000950170-23-003306-index.htm", "finalLink": "https://www.sec.gov/Archives/edgar/data/56047/000095017023003306/kex-20221231.htm", "calculatedOtherExpenses": 219837000, "calculatedOperatingExpenses": 522529000, "calculatedNetInterest": 0, "calculatedOtherIncome": 165134000, "calculatedIncomeNonControlling": 470000, "calculatedEbitda": 201284000}, {"date": "2021-12-31", "symbol": "KEX", "reportedCurrency": "USD", "cik": "0000056047", "fillingDate": "2022-02-18", "acceptedDate": "2022-02-18 16:09:33", "calendarYear": "2021", "period": "FY", "revenue": 2246660000, "costOfRevenue": 1866679000, "grossProfit": 379981000, "grossProfitRatio": 0.1691315108, "researchAndDevelopmentExpenses": 0, "generalAndAdministrativeExpenses": 0, "sellingAndMarketingExpenses": 0, "sellingGeneralAndAdministrativeExpenses": 266911000, "otherExpenses": 36251000, "operatingExpenses": 303162000, "costAndExpenses": 2169841000, "interestIncome": 42469000, "interestExpense": 42469000, "depreciationAndAmortization": 213718000, "ebitda": 86820000, "ebitdaratio": 0.0386440316, "operatingIncome": -126898000, "operatingIncomeRatio": -0.0564829569, "totalOtherIncomeExpensesNet": -163703000, "incomeBeforeTax": -290601000, "incomeBeforeTaxRatio": -0.1293480099, "incomeTaxExpense": -43830000, "netIncome": -246771000, "netIncomeRatio": -0.10983905, "eps": -4.11, "epsdiluted": -4.11, "weightedAverageShsOut": 60053000, "weightedAverageShsOutDil": 60053000, "link": "https://www.sec.gov/Archives/edgar/data/56047/000095017022001486/0000950170-22-001486-index.htm", "finalLink": "https://www.sec.gov/Archives/edgar/data/56047/000095017022001486/kex-20211231.htm", "calculatedOtherExpenses": 239968000, "calculatedOperatingExpenses": 506879000, "calculatedNetInterest": 0, "calculatedOtherIncome": -163703000, "calculatedIncomeNonControlling": 0, "calculatedEbitda": 86820000}, {"date": "2020-12-31", "symbol": "KEX", "reportedCurrency": "USD", "cik": "0000056047", "fillingDate": "2021-02-23", "acceptedDate": "2021-02-23 17:28:32", "calendarYear": "2020", "period": "FY", "revenue": 2171408000, "costOfRevenue": 1730739000, "grossProfit": 440669000, "grossProfitRatio": 0.2029415937, "researchAndDevelopmentExpenses": 0, "generalAndAdministrativeExpenses": 0, "sellingAndMarketingExpenses": 0, "sellingGeneralAndAdministrativeExpenses": 258272000, "otherExpenses": 42000000, "operatingExpenses": 300272000, "costAndExpenses": 2031011000, "interestIncome": 48739000, "interestExpense": 48739000, "depreciationAndAmortization": 219921000, "ebitda": 148544000, "ebitdaratio": 0.0684090691, "operatingIncome": -71377000, "operatingIncomeRatio": -0.0328712983, "totalOtherIncomeExpensesNet": -389974000, "incomeBeforeTax": -461351000, "incomeBeforeTaxRatio": -0.2124662892, "incomeTaxExpense": -189759000, "netIncome": -271592000, "netIncomeRatio": -0.1250764481, "eps": -4.53, "epsdiluted": -4.53, "weightedAverageShsOut": 59912000, "weightedAverageShsOutDil": 59912000, "link": "https://www.sec.gov/Archives/edgar/data/56047/000114036121005871/0001140361-21-005871-index.htm", "finalLink": "https://www.sec.gov/Archives/edgar/data/56047/000114036121005871/brhc10019790_10k.htm", "calculatedOtherExpenses": 253774000, "calculatedOperatingExpenses": 512046000, "calculatedNetInterest": 0, "calculatedOtherIncome": -389974000, "calculatedIncomeNonControlling": 0, "calculatedEbitda": 148544000}, {"date": "2019-12-31", "symbol": "KEX", "reportedCurrency": "USD", "cik": "0000056047", "fillingDate": "2020-02-24", "acceptedDate": "2020-02-21 20:40:28", "calendarYear": "2019", "period": "FY", "revenue": 2838399000, "costOfRevenue": 2249678000, "grossProfit": 588721000, "grossProfitRatio": 0.2074130522, "researchAndDevelopmentExpenses": 0, "generalAndAdministrativeExpenses": 0, "sellingAndMarketingExpenses": 0, "sellingGeneralAndAdministrativeExpenses": 312913000, "otherExpenses": 41933000, "operatingExpenses": 354846000, "costAndExpenses": 2604524000, "interestIncome": 55994000, "interestExpense": 55994000, "depreciationAndAmortization": 219632000, "ebitda": 237662000, "ebitdaratio": 0.0837310047, "operatingIncome": 18030000, "operatingIncomeRatio": 0.0063521725, "totalOtherIncomeExpensesNet": 171790000, "incomeBeforeTax": 189820000, "incomeBeforeTaxRatio": 0.0668757282, "incomeTaxExpense": 46801000, "netIncome": 142347000, "netIncomeRatio": 0.0501504545, "eps": 2.38, "epsdiluted": 2.37, "weightedAverageShsOut": 59750000, "weightedAverageShsOutDil": 59909000, "link": "https://www.sec.gov/Archives/edgar/data/56047/000114036120003820/0001140361-20-003820-index.htm", "finalLink": "https://www.sec.gov/Archives/edgar/data/56047/000114036120003820/form10-k.htm", "calculatedOtherExpenses": 257778000, "calculatedOperatingExpenses": 570691000, "calculatedNetInterest": 0, "calculatedOtherIncome": 171790000, "calculatedIncomeNonControlling": 672000, "calculatedEbitda": 237662000}, {"date": "2018-12-31", "symbol": "KEX", "reportedCurrency": "USD", "cik": "0000056047", "fillingDate": "2019-02-26", "acceptedDate": "2019-02-25 17:55:12", "calendarYear": "2018", "period": "FY", "revenue": 2970697000, "costOfRevenue": 2385918000, "grossProfit": 584779000, "grossProfitRatio": 0.1968490896, "researchAndDevelopmentExpenses": 0, "generalAndAdministrativeExpenses": 304397000, "sellingAndMarketingExpenses": 0, "sellingGeneralAndAdministrativeExpenses": 304397000, "otherExpenses": 5726000, "operatingExpenses": 343648000, "costAndExpenses": 2729566000, "interestIncome": 0, "interestExpense": 46856000, "depreciationAndAmortization": 224972000, "ebitda": 246857000, "ebitdaratio": 0.0830973337, "operatingIncome": 155289000, "operatingIncomeRatio": 0.052273591, "totalOtherIncomeExpensesNet": -80116000, "incomeBeforeTax": 114159000, "incomeBeforeTaxRatio": 0.0384283554, "incomeTaxExpense": 35081000, "netIncome": 78452000, "netIncomeRatio": 0.0264086172, "eps": 1.32, "epsdiluted": 1.31, "weightedAverageShsOut": 59557000, "weightedAverageShsOutDil": 59689000, "link": "https://www.sec.gov/Archives/edgar/data/56047/000114036119003795/0001140361-19-003795-index.htm", "finalLink": "https://www.sec.gov/Archives/edgar/data/56047/000114036119003795/form10k.htm", "calculatedOtherExpenses": 125093000, "calculatedOperatingExpenses": 429490000, "calculatedNetInterest": -46856000, "calculatedOtherIncome": 5726000, "calculatedIncomeNonControlling": 626000, "calculatedEbitda": 380261000}, {"date": "2017-12-31", "symbol": "KEX", "reportedCurrency": "USD", "cik": "0000056047", "fillingDate": "2018-02-26", "acceptedDate": "2018-02-26 16:20:13", "calendarYear": "2017", "period": "FY", "revenue": 2214418000, "costOfRevenue": 1760445000, "grossProfit": 453973000, "grossProfitRatio": 0.205007817, "researchAndDevelopmentExpenses": 0, "generalAndAdministrativeExpenses": 220364000, "sellingAndMarketingExpenses": 0, "sellingGeneralAndAdministrativeExpenses": 220364000, "otherExpenses": 239000, "operatingExpenses": 249527000, "costAndExpenses": 2009972000, "interestIncome": 0, "interestExpense": 21472000, "depreciationAndAmortization": 202881000, "ebitda": 204685000, "ebitdaratio": 0.092432865, "operatingIncome": 94247000, "operatingIncomeRatio": 0.0425606186, "totalOtherIncomeExpensesNet": -109960000, "incomeBeforeTax": 73014000, "incomeBeforeTaxRatio": 0.0329720947, "incomeTaxExpense": -240889000, "netIncome": 313187000, "netIncomeRatio": 0.141430841, "eps": 5.62, "epsdiluted": 5.62, "weightedAverageShsOut": 55308000, "weightedAverageShsOutDil": 55361000, "link": "https://www.sec.gov/Archives/edgar/data/56047/000114036118010152/0001140361-18-010152-index.htm", "finalLink": "https://www.sec.gov/Archives/edgar/data/56047/000114036118010152/form10k.htm", "calculatedOtherExpenses": 139362000, "calculatedOperatingExpenses": 359726000, "calculatedNetInterest": -21472000, "calculatedOtherIncome": 239000, "calculatedIncomeNonControlling": 716000, "calculatedEbitda": 297128000}, {"date": "2016-12-31", "symbol": "KEX", "reportedCurrency": "USD", "cik": "0000056047", "fillingDate": "2017-02-23", "acceptedDate": "2017-02-23 13:20:32", "calendarYear": "2016", "period": "FY", "revenue": 1770673000, "costOfRevenue": 1327869000, "grossProfit": 442804000, "grossProfitRatio": 0.2500766658, "researchAndDevelopmentExpenses": 0, "generalAndAdministrativeExpenses": 174752000, "sellingAndMarketingExpenses": 0, "sellingGeneralAndAdministrativeExpenses": 174752000, "otherExpenses": 241000, "operatingExpenses": 197482000, "costAndExpenses": 1525351000, "interestIncome": 0, "interestExpense": 17690000, "depreciationAndAmortization": 200917000, "ebitda": 245563000, "ebitdaratio": 0.1386834271, "operatingIncome": 245195000, "operatingIncomeRatio": 0.1384755966, "totalOtherIncomeExpensesNet": 114000, "incomeBeforeTax": 227746000, "incomeBeforeTaxRatio": 0.1286211514, "incomeTaxExpense": 84942000, "netIncome": 141406000, "netIncomeRatio": 0.0798600306, "eps": 2.63, "epsdiluted": 2.62, "weightedAverageShsOut": 53454000, "weightedAverageShsOutDil": 53512000, "link": "https://www.sec.gov/Archives/edgar/data/56047/000114036117008777/0001140361-17-008777-index.htm", "finalLink": "https://www.sec.gov/Archives/edgar/data/56047/000114036117008777/form10k.htm", "calculatedOtherExpenses": 22857000, "calculatedOperatingExpenses": 197609000, "calculatedNetInterest": -17690000, "calculatedOtherIncome": 241000, "calculatedIncomeNonControlling": 1398000, "calculatedEbitda": 446112000}, {"date": "2015-12-31", "symbol": "KEX", "reportedCurrency": "USD", "cik": "0000056047", "fillingDate": "2016-02-22", "acceptedDate": "2016-02-22 13:18:29", "calendarYear": "2015", "period": "FY", "revenue": 2147532000, "costOfRevenue": 1554606000, "grossProfit": 592926000, "grossProfitRatio": 0.2760964679, "researchAndDevelopmentExpenses": 0, "generalAndAdministrativeExpenses": 193237000, "sellingAndMarketingExpenses": 0, "sellingGeneralAndAdministrativeExpenses": 193237000, "otherExpenses": -212000, "operatingExpenses": 213936000, "costAndExpenses": 1768542000, "interestIncome": 0, "interestExpense": 18738000, "depreciationAndAmortization": 192240000, "ebitda": 378778000, "ebitdaratio": 0.1763782798, "operatingIncome": 380662000, "operatingIncomeRatio": 0.1772555659, "totalOtherIncomeExpensesNet": 1460000, "incomeBeforeTax": 361712000, "incomeBeforeTaxRatio": 0.1684314832, "incomeTaxExpense": 133742000, "netIncome": 226684000, "netIncomeRatio": 0.1055555866, "eps": 4.12, "epsdiluted": 4.11, "weightedAverageShsOut": 54729000, "weightedAverageShsOutDil": 54826000, "link": "https://www.sec.gov/Archives/edgar/data/56047/000114036116054260/0001140361-16-054260-index.htm", "finalLink": "https://www.sec.gov/Archives/edgar/data/56047/000114036116054260/form10k.htm", "calculatedOtherExpenses": 19027000, "calculatedOperatingExpenses": 212264000, "calculatedNetInterest": -18738000, "calculatedOtherIncome": -212000, "calculatedIncomeNonControlling": 1286000, "calculatedEbitda": 572902000}, {"date": "2014-12-31", "symbol": "KEX", "reportedCurrency": "USD", "cik": "0000056047", "fillingDate": "2015-02-23", "acceptedDate": "2015-02-23 15:29:25", "calendarYear": "2014", "period": "FY", "revenue": 2566318000, "costOfRevenue": 1864194000, "grossProfit": 702124000, "grossProfitRatio": 0.2735919711, "researchAndDevelopmentExpenses": 0, "generalAndAdministrativeExpenses": 210416000, "sellingAndMarketingExpenses": 0, "sellingGeneralAndAdministrativeExpenses": 210416000, "otherExpenses": 39000, "operatingExpenses": 227093000, "costAndExpenses": 2091287000, "interestIncome": 0, "interestExpense": 21461000, "depreciationAndAmortization": 169312000, "ebitda": 475070000, "ebitdaratio": 0.1851173549, "operatingIncome": 475812000, "operatingIncomeRatio": 0.1854064851, "totalOtherIncomeExpensesNet": 820000, "incomeBeforeTax": 454390000, "incomeBeforeTaxRatio": 0.1770591174, "incomeTaxExpense": 169782000, "netIncome": 282006000, "netIncomeRatio": 0.1098873951, "eps": 4.95, "epsdiluted": 4.93, "weightedAverageShsOut": 56674000, "weightedAverageShsOutDil": 56867000, "link": "https://www.sec.gov/Archives/edgar/data/56047/000114036115008395/0001140361-15-008395-index.htm", "finalLink": "https://www.sec.gov/Archives/edgar/data/56047/000114036115008395/form10k.htm", "calculatedOtherExpenses": 15896000, "calculatedOperatingExpenses": 226312000, "calculatedNetInterest": -21461000, "calculatedOtherIncome": 39000, "calculatedIncomeNonControlling": 2602000, "calculatedEbitda": 645124000}, {"date": "2013-12-31", "symbol": "KEX", "reportedCurrency": "USD", "cik": "0000056047", "fillingDate": "2014-02-24", "acceptedDate": "2014-02-24 14:07:56", "calendarYear": "2013", "period": "FY", "revenue": 2242195000, "costOfRevenue": 1613242000, "grossProfit": 628953000, "grossProfitRatio": 0.2805077168, "researchAndDevelopmentExpenses": 0, "generalAndAdministrativeExpenses": 177766000, "sellingAndMarketingExpenses": 0, "sellingGeneralAndAdministrativeExpenses": 177766000, "otherExpenses": 368000, "operatingExpenses": 193659000, "costAndExpenses": 1806901000, "interestIncome": 0, "interestExpense": 27872000, "depreciationAndAmortization": 164437000, "ebitda": 435662000, "ebitdaratio": 0.1943015661, "operatingIncome": 436182000, "operatingIncomeRatio": 0.1945334817, "totalOtherIncomeExpensesNet": 1256000, "incomeBeforeTax": 408678000, "incomeBeforeTaxRatio": 0.1822669304, "incomeTaxExpense": 152379000, "netIncome": 253061000, "netIncomeRatio": 0.112863065, "eps": 4.46, "epsdiluted": 4.44, "weightedAverageShsOut": 56354000, "weightedAverageShsOutDil": 56552000, "link": "https://www.sec.gov/Archives/edgar/data/56047/000114036114009215/0001140361-14-009215-index.htm", "finalLink": "https://www.sec.gov/Archives/edgar/data/56047/000114036114009215/form10k.htm", "calculatedOtherExpenses": 15005000, "calculatedOperatingExpenses": 192771000, "calculatedNetInterest": -27872000, "calculatedOtherIncome": 368000, "calculatedIncomeNonControlling": 3238000, "calculatedEbitda": 600619000}, {"date": "2012-12-31", "symbol": "KEX", "reportedCurrency": "USD", "cik": "0000056047", "fillingDate": "2013-02-27", "acceptedDate": "2013-02-27 10:21:04", "calendarYear": "2012", "period": "FY", "revenue": 2112658000, "costOfRevenue": 1554809000, "grossProfit": 557849000, "grossProfitRatio": 0.2640507834, "researchAndDevelopmentExpenses": 0, "generalAndAdministrativeExpenses": 178483000, "sellingAndMarketingExpenses": 0, "sellingGeneralAndAdministrativeExpenses": 178483000, "otherExpenses": 78000, "operatingExpenses": 193002000, "costAndExpenses": 1747811000, "interestIncome": 0, "interestExpense": 24385000, "depreciationAndAmortization": 145147000, "ebitda": 364925000, "ebitdaratio": 0.172732643, "operatingIncome": 364833000, "operatingIncomeRatio": 0.1726890959, "totalOtherIncomeExpensesNet": 64000, "incomeBeforeTax": 340526000, "incomeBeforeTaxRatio": 0.1611836842, "incomeTaxExpense": 127907000, "netIncome": 209438000, "netIncomeRatio": 0.0991348339, "eps": 3.75, "epsdiluted": 3.73, "weightedAverageShsOut": 55466000, "weightedAverageShsOutDil": 55674000, "link": "https://www.sec.gov/Archives/edgar/data/56047/000114036113009529/0001140361-13-009529-index.htm", "finalLink": "https://www.sec.gov/Archives/edgar/data/56047/000114036113009529/form10k.htm", "calculatedOtherExpenses": 14533000, "calculatedOperatingExpenses": 193016000, "calculatedNetInterest": -24385000, "calculatedOtherIncome": 78000, "calculatedIncomeNonControlling": 3181000, "calculatedEbitda": 509980000}, {"date": "2011-12-31", "symbol": "KEX", "reportedCurrency": "USD", "cik": "0000056047", "fillingDate": "2012-02-28", "acceptedDate": "2012-02-28 07:21:08", "calendarYear": "2011", "period": "FY", "revenue": 1850417000, "costOfRevenue": 1228440000, "grossProfit": 621977000, "grossProfitRatio": 0.3361280187, "researchAndDevelopmentExpenses": 0, "generalAndAdministrativeExpenses": 170386000, "sellingAndMarketingExpenses": 0, "sellingGeneralAndAdministrativeExpenses": 170386000, "otherExpenses": 139248000, "operatingExpenses": 309634000, "costAndExpenses": 1538074000, "interestIncome": 0, "interestExpense": 17902000, "depreciationAndAmortization": 126029000, "ebitda": 438372000, "ebitdaratio": 0.2369044383, "operatingIncome": 312343000, "operatingIncomeRatio": 0.1687960065, "totalOtherIncomeExpensesNet": 306000, "incomeBeforeTax": 294747000, "incomeBeforeTaxRatio": 0.1592867986, "incomeTaxExpense": 109255000, "netIncome": 183026000, "netIncomeRatio": 0.098910678, "eps": 3.35, "epsdiluted": 3.33, "weightedAverageShsOut": 54191000, "weightedAverageShsOutDil": 54413000, "link": "https://www.sec.gov/Archives/edgar/data/56047/000119312512083165/0001193125-12-083165-index.htm", "finalLink": "https://www.sec.gov/Archives/edgar/data/56047/000119312512083165/d273528d10k.htm", "calculatedOtherExpenses": 139248000, "calculatedOperatingExpenses": 309634000, "calculatedNetInterest": -17902000, "calculatedOtherIncome": 306000, "calculatedIncomeNonControlling": 2466000, "calculatedEbitda": 438372000}, {"date": "2010-12-31", "symbol": "KEX", "reportedCurrency": "USD", "cik": "0000056047", "fillingDate": "2011-02-25", "acceptedDate": "2011-02-25 09:49:55", "calendarYear": "2010", "period": "FY", "revenue": 1109557000, "costOfRevenue": 683236000, "grossProfit": 426321000, "grossProfitRatio": 0.3842263174, "researchAndDevelopmentExpenses": 0, "generalAndAdministrativeExpenses": 117694000, "sellingAndMarketingExpenses": 0, "sellingGeneralAndAdministrativeExpenses": 117694000, "otherExpenses": 108583000, "operatingExpenses": 226199000, "costAndExpenses": 909435000, "interestIncome": 0, "interestExpense": 10960000, "depreciationAndAmortization": 95296000, "ebitda": 295340000, "ebitdaratio": 0.2661783036, "operatingIncome": 200044000, "operatingIncomeRatio": 0.1802917741, "totalOtherIncomeExpensesNet": 556000, "incomeBeforeTax": 189640000, "incomeBeforeTaxRatio": 0.1709150589, "incomeTaxExpense": 72258000, "netIncome": 116249000, "netIncomeRatio": 0.1047706427, "eps": 2.16, "epsdiluted": 2.15, "weightedAverageShsOut": 53331000, "weightedAverageShsOutDil": 53466000, "link": "https://www.sec.gov/Archives/edgar/data/56047/000119312511046507/0001193125-11-046507-index.htm", "finalLink": "https://www.sec.gov/Archives/edgar/data/56047/000119312511046507/d10k.htm", "calculatedOtherExpenses": 108583000, "calculatedOperatingExpenses": 226277000, "calculatedNetInterest": -10960000, "calculatedOtherIncome": 556000, "calculatedIncomeNonControlling": 1133000, "calculatedEbitda": 295340000}, {"date": "2009-12-31", "symbol": "KEX", "reportedCurrency": "USD", "cik": "0000056047", "fillingDate": "2010-02-26", "acceptedDate": "2010-02-26 15:15:48", "calendarYear": "2009", "period": "FY", "revenue": 1082158000, "costOfRevenue": 637833000, "grossProfit": 444325000, "grossProfitRatio": 0.4105916142, "researchAndDevelopmentExpenses": 0, "generalAndAdministrativeExpenses": 121401000, "sellingAndMarketingExpenses": 0, "sellingGeneralAndAdministrativeExpenses": 121401000, "otherExpenses": 106072000, "operatingExpenses": 227473000, "costAndExpenses": 865306000, "interestIncome": 0, "interestExpense": 11080000, "depreciationAndAmortization": 93968000, "ebitda": 310820000, "ebitdaratio": 0.2872223834, "operatingIncome": 216030000, "operatingIncomeRatio": 0.1996288897, "totalOtherIncomeExpensesNet": -214000, "incomeBeforeTax": 205558000, "incomeBeforeTaxRatio": 0.1899519294, "incomeTaxExpense": 78020000, "netIncome": 125941000, "netIncomeRatio": 0.1163794936, "eps": 2.34, "epsdiluted": 2.34, "weightedAverageShsOut": 53192000, "weightedAverageShsOutDil": 53313000, "link": "https://www.sec.gov/Archives/edgar/data/56047/000095012310018030/0000950123-10-018030-index.htm", "finalLink": "https://www.sec.gov/Archives/edgar/data/56047/000095012310018030/h69624e10vk.htm", "calculatedOtherExpenses": 106894000, "calculatedOperatingExpenses": 228295000, "calculatedNetInterest": -11080000, "calculatedOtherIncome": 608000, "calculatedIncomeNonControlling": 1597000, "calculatedEbitda": 309998000}, {"date": "2008-12-31", "symbol": "KEX", "reportedCurrency": "USD", "cik": "0000056047", "fillingDate": "2009-02-27", "acceptedDate": "2009-02-27 14:56:48", "calendarYear": "2008", "period": "FY", "revenue": 1360154000, "costOfRevenue": 843310000, "grossProfit": 516844000, "grossProfitRatio": 0.3799893247, "researchAndDevelopmentExpenses": 0, "generalAndAdministrativeExpenses": 142171000, "sellingAndMarketingExpenses": 0, "sellingGeneralAndAdministrativeExpenses": 142171000, "otherExpenses": 104177000, "operatingExpenses": 246348000, "costAndExpenses": 1089658000, "interestIncome": 0, "interestExpense": 14064000, "depreciationAndAmortization": 91199000, "ebitda": 361695000, "ebitdaratio": 0.2659220941, "operatingIncome": 270496000, "operatingIncomeRatio": 0.1988715984, "totalOtherIncomeExpensesNet": -1820000, "incomeBeforeTax": 254612000, "incomeBeforeTaxRatio": 0.187193509, "incomeTaxExpense": 97444000, "netIncome": 157168000, "netIncomeRatio": 0.1155516214, "eps": 2.94, "epsdiluted": 2.91, "weightedAverageShsOut": 53397000, "weightedAverageShsOutDil": 54020000, "link": "https://www.sec.gov/Archives/edgar/data/56047/000095012909000665/0000950129-09-000665-index.htm", "finalLink": "https://www.sec.gov/Archives/edgar/data/56047/000095012909000665/h65723e10vk.htm", "calculatedOtherExpenses": 104177000, "calculatedOperatingExpenses": 246348000, "calculatedNetInterest": -14064000, "calculatedOtherIncome": -1820000, "calculatedIncomeNonControlling": 0, "calculatedEbitda": 361695000}, {"date": "2007-12-31", "symbol": "KEX", "reportedCurrency": "USD", "cik": "0000056047", "fillingDate": "2008-02-27", "acceptedDate": "2008-02-27 14:54:31", "calendarYear": "2007", "period": "FY", "revenue": 1172625000, "costOfRevenue": 735427000, "grossProfit": 437198000, "grossProfitRatio": 0.372837011, "researchAndDevelopmentExpenses": 0, "generalAndAdministrativeExpenses": 121952000, "sellingAndMarketingExpenses": 0, "sellingGeneralAndAdministrativeExpenses": 121952000, "otherExpenses": 94458000, "operatingExpenses": 216410000, "costAndExpenses": 951837000, "interestIncome": 0, "interestExpense": 0, "depreciationAndAmortization": 80916000, "ebitda": 301925000, "ebitdaratio": 0.2574778808, "operatingIncome": 220788000, "operatingIncomeRatio": 0.1882852574, "totalOtherIncomeExpensesNet": -221000, "incomeBeforeTax": 199832000, "incomeBeforeTaxRatio": 0.1704142416, "incomeTaxExpense": 76491000, "netIncome": 123341000, "netIncomeRatio": 0.1051836691, "eps": 2.33, "epsdiluted": 2.29, "weightedAverageShsOut": 52978000, "weightedAverageShsOutDil": 53764000, "link": "https://www.sec.gov/Archives/edgar/data/56047/000095012908001244/0000950129-08-001244-index.htm", "finalLink": "https://www.sec.gov/Archives/edgar/data/56047/000095012908001244/h53780e10vk.htm", "calculatedOtherExpenses": 94458000, "calculatedOperatingExpenses": 216410000, "calculatedNetInterest": 0, "calculatedOtherIncome": -20956000, "calculatedIncomeNonControlling": 0, "calculatedEbitda": 301704000}, {"date": "2006-12-31", "symbol": "KEX", "reportedCurrency": "USD", "cik": "0000056047", "fillingDate": "2007-02-28", "acceptedDate": "2007-02-28 15:01:32", "calendarYear": "2006", "period": "FY", "revenue": 984218000, "costOfRevenue": 631334000, "grossProfit": 352884000, "grossProfitRatio": 0.358542518, "researchAndDevelopmentExpenses": 0, "generalAndAdministrativeExpenses": 107728000, "sellingAndMarketingExpenses": 0, "sellingGeneralAndAdministrativeExpenses": 107728000, "otherExpenses": 75786000, "operatingExpenses": 183514000, "costAndExpenses": 814848000, "interestIncome": 0, "interestExpense": 0, "depreciationAndAmortization": 64396000, "ebitda": 233882000, "ebitdaratio": 0.2376323132, "operatingIncome": 169370000, "operatingIncomeRatio": 0.172085859, "totalOtherIncomeExpensesNet": -116000, "incomeBeforeTax": 154202000, "incomeBeforeTaxRatio": 0.1566746392, "incomeTaxExpense": 58751000, "netIncome": 95451000, "netIncomeRatio": 0.096981563, "eps": 1.82, "epsdiluted": 1.79, "weightedAverageShsOut": 52445604, "weightedAverageShsOutDil": 53324581, "link": "https://www.sec.gov/Archives/edgar/data/56047/000095012907001015/0000950129-07-001015-index.htm", "finalLink": "https://www.sec.gov/Archives/edgar/data/56047/000095012907001015/h43416e10vk.htm", "calculatedOtherExpenses": 75786000, "calculatedOperatingExpenses": 183514000, "calculatedNetInterest": 0, "calculatedOtherIncome": -15168000, "calculatedIncomeNonControlling": 0, "calculatedEbitda": 233766000}, {"date": "2005-12-31", "symbol": "KEX", "reportedCurrency": "USD", "cik": "0000056047", "fillingDate": "2006-03-06", "acceptedDate": "2006-03-06 16:20:36", "calendarYear": "2005", "period": "FY", "revenue": 795722000, "costOfRevenue": 515255000, "grossProfit": 280467000, "grossProfitRatio": 0.3524685757, "researchAndDevelopmentExpenses": 0, "generalAndAdministrativeExpenses": 88648000, "sellingAndMarketingExpenses": 0, "sellingGeneralAndAdministrativeExpenses": 88648000, "otherExpenses": 67315000, "operatingExpenses": 155963000, "costAndExpenses": 671218000, "interestIncome": 0, "interestExpense": 0, "depreciationAndAmortization": 57405000, "ebitda": 182508000, "ebitdaratio": 0.2293615107, "operatingIncome": 124504000, "operatingIncomeRatio": 0.1564667057, "totalOtherIncomeExpensesNet": -599000, "incomeBeforeTax": 111122000, "incomeBeforeTaxRatio": 0.1396492745, "incomeTaxExpense": 42341000, "netIncome": 68781000, "netIncomeRatio": 0.0864384798, "eps": 1.37, "epsdiluted": 1.33, "weightedAverageShsOut": 50205109, "weightedAverageShsOutDil": 51715038, "link": "https://www.sec.gov/Archives/edgar/data/56047/000095012906002289/0000950129-06-002289-index.htm", "finalLink": "https://www.sec.gov/Archives/edgar/data/56047/000095012906002289/h32083e10vk.htm", "calculatedOtherExpenses": 67315000, "calculatedOperatingExpenses": 155963000, "calculatedNetInterest": 0, "calculatedOtherIncome": -13382000, "calculatedIncomeNonControlling": 0, "calculatedEbitda": 181909000}, {"date": "2004-12-31", "symbol": "KEX", "reportedCurrency": "USD", "cik": "0000056047", "fillingDate": "2005-03-04", "acceptedDate": "2005-03-04 16:40:05", "calendarYear": "2004", "period": "FY", "revenue": 675319000, "costOfRevenue": 430272000, "grossProfit": 245047000, "grossProfitRatio": 0.3628611071, "researchAndDevelopmentExpenses": 0, "generalAndAdministrativeExpenses": 82917000, "sellingAndMarketingExpenses": 0, "sellingGeneralAndAdministrativeExpenses": 82917000, "otherExpenses": 69071000, "operatingExpenses": 151988000, "costAndExpenses": 582260000, "interestIncome": 0, "interestExpense": 0, "depreciationAndAmortization": 55120000, "ebitda": 148526000, "ebitdaratio": 0.2199345791, "operatingIncome": 93059000, "operatingIncomeRatio": 0.1378000619, "totalOtherIncomeExpensesNet": -347000, "incomeBeforeTax": 79909000, "incomeBeforeTaxRatio": 0.1183277829, "incomeTaxExpense": 30365000, "netIncome": 49544000, "netIncomeRatio": 0.0733638473, "eps": 1.01, "epsdiluted": 0.99, "weightedAverageShsOut": 49053465, "weightedAverageShsOutDil": 50298477, "link": "https://www.sec.gov/Archives/edgar/data/56047/000095012905001993/0000950129-05-001993-index.htm", "finalLink": "https://www.sec.gov/Archives/edgar/data/56047/000095012905001993/h22444e10vk.htm", "calculatedOtherExpenses": 69071000, "calculatedOperatingExpenses": 151988000, "calculatedNetInterest": 0, "calculatedOtherIncome": -13150000, "calculatedIncomeNonControlling": 0, "calculatedEbitda": 148179000}, {"date": "2003-12-31", "symbol": "KEX", "reportedCurrency": "USD", "cik": "0000056047", "fillingDate": "2004-03-05", "acceptedDate": "2004-03-05 16:56:55", "calendarYear": "2003", "period": "FY", "revenue": 613474000, "costOfRevenue": 395043000, "grossProfit": 218431000, "grossProfitRatio": 0.3560558394, "researchAndDevelopmentExpenses": 0, "generalAndAdministrativeExpenses": 73149000, "sellingAndMarketingExpenses": 0, "sellingGeneralAndAdministrativeExpenses": 73149000, "otherExpenses": 66568000, "operatingExpenses": 139717000, "costAndExpenses": 534760000, "interestIncome": 0, "interestExpense": 0, "depreciationAndAmortization": 53328000, "ebitda": 130131000, "ebitdaratio": 0.2121214591, "operatingIncome": 78714000, "operatingIncomeRatio": 0.1283086162, "totalOtherIncomeExpensesNet": 1911000, "incomeBeforeTax": 65997000, "incomeBeforeTaxRatio": 0.1075791313, "incomeTaxExpense": 25079000, "netIncome": 40918000, "netIncomeRatio": 0.0666988332, "eps": 0.85, "epsdiluted": 0.84, "weightedAverageShsOut": 48423669, "weightedAverageShsOutDil": 49003593, "link": "https://www.sec.gov/Archives/edgar/data/56047/000095012904001050/0000950129-04-001050-index.htm", "finalLink": "https://www.sec.gov/Archives/edgar/data/56047/000095012904001050/h12595e10vk.htm", "calculatedOtherExpenses": 66568000, "calculatedOperatingExpenses": 139717000, "calculatedNetInterest": 0, "calculatedOtherIncome": -12717000, "calculatedIncomeNonControlling": 0, "calculatedEbitda": 132042000}, {"date": "2002-12-31", "symbol": "KEX", "reportedCurrency": "USD", "cik": "0000056047", "fillingDate": "2003-03-05", "acceptedDate": "2003-03-05 15:32:56", "calendarYear": "2002", "period": "FY", "revenue": 535403000, "costOfRevenue": 334146000, "grossProfit": 201257000, "grossProfitRatio": 0.3758981552, "researchAndDevelopmentExpenses": 0, "generalAndAdministrativeExpenses": 66855000, "sellingAndMarketingExpenses": 0, "sellingGeneralAndAdministrativeExpenses": 66855000, "otherExpenses": 54798000, "operatingExpenses": 121653000, "costAndExpenses": 455799000, "interestIncome": 0, "interestExpense": 0, "depreciationAndAmortization": 45507000, "ebitda": 144199000, "ebitdaratio": 0.2693279642, "operatingIncome": 60671000, "operatingIncomeRatio": 0.1133183789, "totalOtherIncomeExpensesNet": -19088000, "incomeBeforeTax": 45493000, "incomeBeforeTaxRatio": 0.0849696397, "incomeTaxExpense": 18047000, "netIncome": 27446000, "netIncomeRatio": 0.0512623202, "eps": 0.57, "epsdiluted": 0.56, "weightedAverageShsOut": 48150877, "weightedAverageShsOutDil": 48576991, "link": "https://www.sec.gov/Archives/edgar/data/56047/000095012903001232/0000950129-03-001232-index.htm", "finalLink": "https://www.sec.gov/Archives/edgar/data/56047/000095012903001232/h03167e10vk.txt", "calculatedOtherExpenses": 73731000, "calculatedOperatingExpenses": 140586000, "calculatedNetInterest": 0, "calculatedOtherIncome": -15178000, "calculatedIncomeNonControlling": 0, "calculatedEbitda": 106178000}, {"date": "2001-12-31", "symbol": "KEX", "reportedCurrency": "USD", "cik": "0000056047", "fillingDate": "2002-03-06", "acceptedDate": "2002-03-06 00:00:00", "calendarYear": "2001", "period": "FY", "revenue": 566884000, "costOfRevenue": 351155000, "grossProfit": 215729000, "grossProfitRatio": 0.3805522823, "researchAndDevelopmentExpenses": 0, "generalAndAdministrativeExpenses": 69720000, "sellingAndMarketingExpenses": 0, "sellingGeneralAndAdministrativeExpenses": 69720000, "otherExpenses": 61549000, "operatingExpenses": 131269000, "costAndExpenses": 482424000, "interestIncome": 0, "interestExpense": 0, "depreciationAndAmortization": 50244000, "ebitda": 133000000, "ebitdaratio": 0.2346159003, "operatingIncome": 84460000, "operatingIncomeRatio": 0.1489899168, "totalOtherIncomeExpensesNet": 1704000, "incomeBeforeTax": 67126000, "incomeBeforeTaxRatio": 0.1184122325, "incomeTaxExpense": 27523000, "netIncome": 39603000, "netIncomeRatio": 0.0698608534, "eps": 0.83, "epsdiluted": 0.82, "weightedAverageShsOut": 48003636, "weightedAverageShsOutDil": 48592638, "link": "https://www.sec.gov/Archives/edgar/data/56047/000095012902001088/0000950129-02-001088-index.htm", "finalLink": "https://www.sec.gov/Archives/edgar/data/56047/000095012902001088/h94038e10-k405.txt", "calculatedOtherExpenses": 61549000, "calculatedOperatingExpenses": 131269000, "calculatedNetInterest": 0, "calculatedOtherIncome": -17334000, "calculatedIncomeNonControlling": 0, "calculatedEbitda": 134704000}, {"date": "2000-12-31", "symbol": "KEX", "reportedCurrency": "USD", "cik": "0000056047", "fillingDate": "2001-03-05", "acceptedDate": "2001-03-05 00:00:00", "calendarYear": "2000", "period": "FY", "revenue": 512644000, "costOfRevenue": 315435000, "grossProfit": 197209000, "grossProfitRatio": 0.3846899603, "researchAndDevelopmentExpenses": 0, "generalAndAdministrativeExpenses": 60780000, "sellingAndMarketingExpenses": 0, "sellingGeneralAndAdministrativeExpenses": 60780000, "otherExpenses": 58427000, "operatingExpenses": 119207000, "costAndExpenses": 434642000, "interestIncome": 0, "interestExpense": 0, "depreciationAndAmortization": 48204000, "ebitda": 122479000, "ebitdaratio": 0.238916285, "operatingIncome": 77803000, "operatingIncomeRatio": 0.1517680886, "totalOtherIncomeExpensesNet": 3727000, "incomeBeforeTax": 57812000, "incomeBeforeTaxRatio": 0.1127722162, "incomeTaxExpense": 23699000, "netIncome": 34113000, "netIncomeRatio": 0.0665432542, "eps": 0.7, "epsdiluted": 0.7, "weightedAverageShsOut": 48732857, "weightedAverageShsOutDil": 49083453, "link": "https://www.sec.gov/Archives/edgar/data/56047/000095012901001225/0000950129-01-001225-index.htm", "finalLink": "https://www.sec.gov/Archives/edgar/data/56047/000095012901001225/h83524e10-k405.txt", "calculatedOtherExpenses": 58626000, "calculatedOperatingExpenses": 119406000, "calculatedNetInterest": 0, "calculatedOtherIncome": -19991000, "calculatedIncomeNonControlling": 0, "calculatedEbitda": 126007000}, {"date": "1999-12-31", "symbol": "KEX", "reportedCurrency": "USD", "cik": "0000056047", "fillingDate": "2000-03-09", "acceptedDate": "2000-03-09 00:00:00", "calendarYear": "1999", "period": "FY", "revenue": 365604000, "costOfRevenue": 233078000, "grossProfit": 132526000, "grossProfitRatio": 0.3624850932, "researchAndDevelopmentExpenses": 0, "generalAndAdministrativeExpenses": 42832000, "sellingAndMarketingExpenses": 0, "sellingGeneralAndAdministrativeExpenses": 42832000, "otherExpenses": 39854000, "operatingExpenses": 82686000, "costAndExpenses": 315764000, "interestIncome": 0, "interestExpense": 0, "depreciationAndAmortization": 31278000, "ebitda": 82728000, "ebitdaratio": 0.2262776118, "operatingIncome": 45338000, "operatingIncomeRatio": 0.1240084901, "totalOtherIncomeExpensesNet": -1610000, "incomeBeforeTax": 35392000, "incomeBeforeTaxRatio": 0.0968041925, "incomeTaxExpense": 13951000, "netIncome": 21441000, "netIncomeRatio": 0.0586454196, "eps": 0.51, "epsdiluted": 0.51, "weightedAverageShsOut": 42457426, "weightedAverageShsOutDil": 42457426, "link": "https://www.sec.gov/Archives/edgar/data/56047/000095012900001022/0000950129-00-001022-index.html", "finalLink": "https://www.sec.gov/Archives/edgar/data/56047/000095012900001022/", "calculatedOtherExpenses": 44356000, "calculatedOperatingExpenses": 87188000, "calculatedNetInterest": 0, "calculatedOtherIncome": -9946000, "calculatedIncomeNonControlling": 0, "calculatedEbitda": 76616000}, {"date": "1998-12-31", "symbol": "KEX", "reportedCurrency": "USD", "cik": "0000056047", "fillingDate": "1999-02-25", "acceptedDate": "1999-02-25 00:00:00", "calendarYear": "1998", "period": "FY", "revenue": 332255000, "costOfRevenue": 212242000, "grossProfit": 120013000, "grossProfitRatio": 0.3612075063, "researchAndDevelopmentExpenses": 0, "generalAndAdministrativeExpenses": 39473000, "sellingAndMarketingExpenses": 0, "sellingGeneralAndAdministrativeExpenses": 39473000, "otherExpenses": 24493000, "operatingExpenses": 63966000, "costAndExpenses": 276208000, "interestIncome": 0, "interestExpense": 0, "depreciationAndAmortization": 27383000, "ebitda": 118897000, "ebitdaratio": 0.3578486404, "operatingIncome": 37178000, "operatingIncomeRatio": 0.1118959835, "totalOtherIncomeExpensesNet": -27134000, "incomeBeforeTax": 17015000, "incomeBeforeTaxRatio": 0.0512106665, "incomeTaxExpense": 6906000, "netIncome": 10109000, "netIncomeRatio": 0.0304254263, "eps": 0.23, "epsdiluted": 0.23, "weightedAverageShsOut": 43952174, "weightedAverageShsOutDil": 43952174, "link": "https://www.sec.gov/Archives/edgar/data/56047/000095012999000708/0000950129-99-000708-index.html", "finalLink": "https://www.sec.gov/Archives/edgar/data/56047/", "calculatedOtherExpenses": 43362000, "calculatedOperatingExpenses": 82835000, "calculatedNetInterest": 0, "calculatedOtherIncome": -20163000, "calculatedIncomeNonControlling": 0, "calculatedEbitda": 64561000}, {"date": "1997-12-31", "symbol": "KEX", "reportedCurrency": "USD", "cik": "0000056047", "fillingDate": "1998-03-04", "acceptedDate": "1998-03-04 00:00:00", "calendarYear": "1997", "period": "FY", "revenue": 336534000, "costOfRevenue": 218123000, "grossProfit": 118411000, "grossProfitRatio": 0.3518544932, "researchAndDevelopmentExpenses": 0, "generalAndAdministrativeExpenses": 40345000, "sellingAndMarketingExpenses": 0, "sellingGeneralAndAdministrativeExpenses": 40345000, "otherExpenses": 35909000, "operatingExpenses": 76254000, "costAndExpenses": 294377000, "interestIncome": 0, "interestExpense": 0, "depreciationAndAmortization": 28113000, "ebitda": 62577000, "ebitdaratio": 0.1859455508, "operatingIncome": 42157000, "operatingIncomeRatio": 0.125268175, "totalOtherIncomeExpensesNet": 7693000, "incomeBeforeTax": 36472000, "incomeBeforeTaxRatio": 0.1083753796, "incomeTaxExpense": 13767000, "netIncome": 21682000, "netIncomeRatio": 0.0644273684, "eps": 0.45, "epsdiluted": 0.44, "weightedAverageShsOut": 48764045, "weightedAverageShsOutDil": 49318182, "link": "https://www.sec.gov/Archives/edgar/data/56047/000095012998000839/0000950129-98-000839-index.html", "finalLink": "https://www.sec.gov/Archives/edgar/data/56047/", "calculatedOtherExpenses": 35909000, "calculatedOperatingExpenses": 76254000, "calculatedNetInterest": 0, "calculatedOtherIncome": -5685000, "calculatedIncomeNonControlling": 1023000, "calculatedEbitda": 70270000}, {"date": "1996-12-31", "symbol": "KEX", "reportedCurrency": "USD", "cik": "0000056047", "fillingDate": "1997-03-05", "acceptedDate": "1997-03-05 00:00:00", "calendarYear": "1996", "period": "FY", "revenue": 390638000, "costOfRevenue": 252488000, "grossProfit": 138150000, "grossProfitRatio": 0.3536522305, "researchAndDevelopmentExpenses": 0, "generalAndAdministrativeExpenses": 45419000, "sellingAndMarketingExpenses": 0, "sellingGeneralAndAdministrativeExpenses": 45419000, "otherExpenses": 42047000, "operatingExpenses": 87466000, "costAndExpenses": 339954000, "interestIncome": 0, "interestExpense": 0, "depreciationAndAmortization": 34805000, "ebitda": 79406000, "ebitdaratio": 0.2032725951, "operatingIncome": 50684000, "operatingIncomeRatio": 0.129746722, "totalOtherIncomeExpensesNet": 6083000, "incomeBeforeTax": 43418000, "incomeBeforeTaxRatio": 0.111146381, "incomeTaxExpense": 16189000, "netIncome": 27229000, "netIncomeRatio": 0.0697039203, "eps": 0.54, "epsdiluted": 0.53, "weightedAverageShsOut": 51738000, "weightedAverageShsOutDil": 51738000, "link": "https://www.sec.gov/Archives/edgar/data/56047/000095012997000866/0000950129-97-000866-index.html", "finalLink": "https://www.sec.gov/Archives/edgar/data/56047/", "calculatedOtherExpenses": 42047000, "calculatedOperatingExpenses": 87466000, "calculatedNetInterest": 0, "calculatedOtherIncome": -7266000, "calculatedIncomeNonControlling": 0, "calculatedEbitda": 85489000}, {"date": "1995-12-31", "symbol": "KEX", "reportedCurrency": "USD", "cik": "0000056047", "fillingDate": "1996-03-13", "acceptedDate": "1996-03-13 00:00:00", "calendarYear": "1995", "period": "FY", "revenue": 440150000, "costOfRevenue": 259142000, "grossProfit": 181008000, "grossProfitRatio": 0.4112416222, "researchAndDevelopmentExpenses": 0, "generalAndAdministrativeExpenses": 46616000, "sellingAndMarketingExpenses": 0, "sellingGeneralAndAdministrativeExpenses": 46616000, "otherExpenses": 98560000, "operatingExpenses": 145176000, "costAndExpenses": 404318000, "interestIncome": 0, "interestExpense": 0, "depreciationAndAmortization": 38986000, "ebitda": 97446000, "ebitdaratio": 0.221392707, "operatingIncome": 26467000, "operatingIncomeRatio": 0.0601317733, "totalOtherIncomeExpensesNet": -5128000, "incomeBeforeTax": 18193000, "incomeBeforeTaxRatio": 0.0413336363, "incomeTaxExpense": 8810000, "netIncome": 9383000, "netIncomeRatio": 0.0213177326, "eps": 0.17, "epsdiluted": 0.17, "weightedAverageShsOut": 43904000, "weightedAverageShsOutDil": 43904000, "link": "https://www.sec.gov/Archives/edgar/data/56047/000095012996000358/0000950129-96-000358-index.html", "finalLink": "https://www.sec.gov/Archives/edgar/data/56047/", "calculatedOtherExpenses": 107925000, "calculatedOperatingExpenses": 154541000, "calculatedNetInterest": 0, "calculatedOtherIncome": -8274000, "calculatedIncomeNonControlling": 0, "calculatedEbitda": 65453000}, {"date": "1994-12-31", "symbol": "KEX", "reportedCurrency": "USD", "cik": "0000056047", "fillingDate": "1995-03-15", "acceptedDate": "1995-03-15 00:00:00", "calendarYear": "1994", "period": "FY", "revenue": 356345000, "costOfRevenue": 297152000, "grossProfit": 59193000, "grossProfitRatio": 0.1661114931, "researchAndDevelopmentExpenses": 0, "generalAndAdministrativeExpenses": 48048000, "sellingAndMarketingExpenses": 0, "sellingGeneralAndAdministrativeExpenses": 48048000, "otherExpenses": 315987000, "operatingExpenses": 364035000, "costAndExpenses": 661187000, "interestIncome": 0, "interestExpense": 0, "depreciationAndAmortization": -33834000, "ebitda": -347800000, "ebitdaratio": -0.9760204296, "operatingIncome": -304842000, "operatingIncomeRatio": -0.8554687171, "totalOtherIncomeExpensesNet": 76792000, "incomeBeforeTax": 26845000, "incomeBeforeTaxRatio": 0.0753342968, "incomeTaxExpense": 10192000, "netIncome": 16653000, "netIncomeRatio": 0.0467328011, "eps": 0.3, "epsdiluted": 0.29, "weightedAverageShsOut": 45400000, "weightedAverageShsOutDil": 45400000, "link": "https://www.sec.gov/Archives/edgar/data/56047/000095012995000209/0000950129-95-000209-index.html", "finalLink": "https://www.sec.gov/Archives/edgar/data/56047/", "calculatedOtherExpenses": 315987000, "calculatedOperatingExpenses": 364035000, "calculatedNetInterest": 0, "calculatedOtherIncome": 331687000, "calculatedIncomeNonControlling": 0, "calculatedEbitda": -338676000}, {"date": "1993-12-31", "symbol": "KEX", "reportedCurrency": "USD", "cik": "0000056047", "fillingDate": "1994-03-15", "acceptedDate": "1994-03-15 00:00:00", "calendarYear": "1993", "period": "FY", "revenue": 378600000, "costOfRevenue": 204700000, "grossProfit": 173900000, "grossProfitRatio": 0.4593238246, "researchAndDevelopmentExpenses": 0, "generalAndAdministrativeExpenses": 0, "sellingAndMarketingExpenses": 0, "sellingGeneralAndAdministrativeExpenses": 88800000, "otherExpenses": 16600000, "operatingExpenses": 105400000, "costAndExpenses": 310100000, "interestIncome": 0, "interestExpense": 0, "depreciationAndAmortization": -28100000, "ebitda": 96600000, "ebitdaratio": 0.2551505547, "operatingIncome": 68500000, "operatingIncomeRatio": 0.1809297412, "totalOtherIncomeExpensesNet": -33200000, "incomeBeforeTax": 35300000, "incomeBeforeTaxRatio": 0.0932382462, "incomeTaxExpense": 12500000, "netIncome": 22800000, "netIncomeRatio": 0.06022187, "eps": 0.43, "epsdiluted": 0.43, "weightedAverageShsOut": 53023256, "weightedAverageShsOutDil": 53023256, "link": "https://www.sec.gov/Archives/edgar/data/56047/000095012994000156/0000950129-94-000156-index.html", "finalLink": "https://www.sec.gov/Archives/edgar/data/56047/", "calculatedOtherExpenses": 16600000, "calculatedOperatingExpenses": 105400000, "calculatedNetInterest": 0, "calculatedOtherIncome": -33200000, "calculatedIncomeNonControlling": 0, "calculatedEbitda": 40400000}, {"date": "1992-12-31", "symbol": "KEX", "reportedCurrency": "USD", "cik": "0000056047", "fillingDate": "1992-12-31", "acceptedDate": "1992-12-30 19:00:00", "calendarYear": "1992", "period": "FY", "revenue": 269500000, "costOfRevenue": 178300000, "grossProfit": 91200000, "grossProfitRatio": 0.3384044527, "researchAndDevelopmentExpenses": 0, "generalAndAdministrativeExpenses": 0, "sellingAndMarketingExpenses": 0, "sellingGeneralAndAdministrativeExpenses": 32800000, "otherExpenses": 12500000, "operatingExpenses": 45300000, "costAndExpenses": 223600000, "interestIncome": 0, "interestExpense": 0, "depreciationAndAmortization": -21400000, "ebitda": 67300000, "ebitdaratio": 0.2497217069, "operatingIncome": 45900000, "operatingIncomeRatio": 0.1703153989, "totalOtherIncomeExpensesNet": -27200000, "incomeBeforeTax": 18700000, "incomeBeforeTaxRatio": 0.0693877551, "incomeTaxExpense": 5100000, "netIncome": 700000, "netIncomeRatio": 0.0025974026, "eps": 0.015, "epsdiluted": 0.015, "weightedAverageShsOut": 46666667, "weightedAverageShsOutDil": 46666667, "link": "", "finalLink": "", "calculatedOtherExpenses": 12500000, "calculatedOperatingExpenses": 45300000, "calculatedNetInterest": 0, "calculatedOtherIncome": -27200000, "calculatedIncomeNonControlling": 12900000, "calculatedEbitda": 24500000}, {"date": "1991-12-31", "symbol": "KEX", "reportedCurrency": "USD", "cik": "0000056047", "fillingDate": "1991-12-31", "acceptedDate": "1991-12-30 19:00:00", "calendarYear": "1991", "period": "FY", "revenue": 189000000, "costOfRevenue": 0, "grossProfit": 189000000, "grossProfitRatio": 1, "researchAndDevelopmentExpenses": 0, "generalAndAdministrativeExpenses": 23100000, "sellingAndMarketingExpenses": 0, "sellingGeneralAndAdministrativeExpenses": 23100000, "otherExpenses": -165200000, "operatingExpenses": -142100000, "costAndExpenses": -142100000, "interestIncome": 0, "interestExpense": 0, "depreciationAndAmortization": 15000000, "ebitda": 352400000, "ebitdaratio": 1.8645502646, "operatingIncome": 331100000, "operatingIncomeRatio": 1.7518518519, "totalOtherIncomeExpensesNet": -6300000, "incomeBeforeTax": 17900000, "incomeBeforeTaxRatio": 0.0947089947, "incomeTaxExpense": 4600000, "netIncome": 13300000, "netIncomeRatio": 0.0703703704, "eps": 0.31, "epsdiluted": 0.3, "weightedAverageShsOut": 43606557, "weightedAverageShsOutDil": 45084746, "link": "", "finalLink": "", "calculatedOtherExpenses": -165200000, "calculatedOperatingExpenses": -142100000, "calculatedNetInterest": 0, "calculatedOtherIncome": -313200000, "calculatedIncomeNonControlling": 0, "calculatedEbitda": 346100000}, {"date": "1990-12-31", "symbol": "KEX", "reportedCurrency": "USD", "cik": "0000056047", "fillingDate": "1990-12-31", "acceptedDate": "1990-12-30 19:00:00", "calendarYear": "1990", "period": "FY", "revenue": 175800000, "costOfRevenue": 0, "grossProfit": 175800000, "grossProfitRatio": 1, "researchAndDevelopmentExpenses": 0, "generalAndAdministrativeExpenses": 18300000, "sellingAndMarketingExpenses": 0, "sellingGeneralAndAdministrativeExpenses": 18300000, "otherExpenses": -150400000, "operatingExpenses": -132100000, "costAndExpenses": -132100000, "interestIncome": 0, "interestExpense": 0, "depreciationAndAmortization": 13800000, "ebitda": 328900000, "ebitdaratio": 1.8708759954, "operatingIncome": 307900000, "operatingIncomeRatio": 1.7514220705, "totalOtherIncomeExpensesNet": -7200000, "incomeBeforeTax": 19100000, "incomeBeforeTaxRatio": 0.1086461889, "incomeTaxExpense": 5600000, "netIncome": 15400000, "netIncomeRatio": 0.0875995449, "eps": 0.34, "epsdiluted": 0.34, "weightedAverageShsOut": 45294118, "weightedAverageShsOutDil": 45294118, "link": "", "finalLink": "", "calculatedOtherExpenses": -150400000, "calculatedOperatingExpenses": -132100000, "calculatedNetInterest": 0, "calculatedOtherIncome": -288800000, "calculatedIncomeNonControlling": -1900000, "calculatedEbitda": 321700000}, {"date": "1989-12-31", "symbol": "KEX", "reportedCurrency": "USD", "cik": "0000056047", "fillingDate": "1989-12-31", "acceptedDate": "1989-12-30 19:00:00", "calendarYear": "1989", "period": "FY", "revenue": 141300000, "costOfRevenue": 0, "grossProfit": 141300000, "grossProfitRatio": 1, "researchAndDevelopmentExpenses": 0, "generalAndAdministrativeExpenses": 15200000, "sellingAndMarketingExpenses": 0, "sellingGeneralAndAdministrativeExpenses": 15200000, "otherExpenses": -125000000, "operatingExpenses": -109800000, "costAndExpenses": -109800000, "interestIncome": 0, "interestExpense": 0, "depreciationAndAmortization": 11600000, "ebitda": 268800000, "ebitdaratio": 1.9023354565, "operatingIncome": 251100000, "operatingIncomeRatio": 1.7770700637, "totalOtherIncomeExpensesNet": -6100000, "incomeBeforeTax": 11200000, "incomeBeforeTaxRatio": 0.0792639774, "incomeTaxExpense": 2300000, "netIncome": 8900000, "netIncomeRatio": 0.0629865534, "eps": 0.2, "epsdiluted": 0.2, "weightedAverageShsOut": 45641026, "weightedAverageShsOutDil": 45641026, "link": "", "finalLink": "", "calculatedOtherExpenses": -125000000, "calculatedOperatingExpenses": -109800000, "calculatedNetInterest": 0, "calculatedOtherIncome": -239900000, "calculatedIncomeNonControlling": 0, "calculatedEbitda": 262700000}, {"date": "1988-12-31", "symbol": "KEX", "reportedCurrency": "USD", "cik": "0000056047", "fillingDate": "1988-12-31", "acceptedDate": "1988-12-30 19:00:00", "calendarYear": "1988", "period": "FY", "revenue": 97900000, "costOfRevenue": 0, "grossProfit": 97900000, "grossProfitRatio": 1, "researchAndDevelopmentExpenses": 0, "generalAndAdministrativeExpenses": 0, "sellingAndMarketingExpenses": 0, "sellingGeneralAndAdministrativeExpenses": 0, "otherExpenses": -85700000, "operatingExpenses": -85700000, "costAndExpenses": -85700000, "interestIncome": 0, "interestExpense": 0, "depreciationAndAmortization": 0, "ebitda": 183600000, "ebitdaratio": 1.8753830439, "operatingIncome": 183600000, "operatingIncomeRatio": 1.8753830439, "totalOtherIncomeExpensesNet": -173500000, "incomeBeforeTax": 10100000, "incomeBeforeTaxRatio": 0.1031664964, "incomeTaxExpense": 2400000, "netIncome": 24700000, "netIncomeRatio": 0.2522982635, "eps": 0.52, "epsdiluted": 0.52, "weightedAverageShsOut": 47500000, "weightedAverageShsOutDil": 47500000, "link": "", "finalLink": "", "calculatedOtherExpenses": -85700000, "calculatedOperatingExpenses": -85700000, "calculatedNetInterest": 0, "calculatedOtherIncome": -173500000, "calculatedIncomeNonControlling": -17000000, "calculatedEbitda": 183600000}, {"date": "1987-12-31", "symbol": "KEX", "reportedCurrency": "USD", "cik": "0000056047", "fillingDate": "1987-12-31", "acceptedDate": "1987-12-30 19:00:00", "calendarYear": "1987", "period": "FY", "revenue": 47600000, "costOfRevenue": 28700000, "grossProfit": 18900000, "grossProfitRatio": 0.3970588235, "researchAndDevelopmentExpenses": 0, "generalAndAdministrativeExpenses": 0, "sellingAndMarketingExpenses": 0, "sellingGeneralAndAdministrativeExpenses": 6300000, "otherExpenses": 5100000, "operatingExpenses": 11400000, "costAndExpenses": 40100000, "interestIncome": 0, "interestExpense": 0, "depreciationAndAmortization": 6500000, "ebitda": 9900000, "ebitdaratio": 0.2079831933, "operatingIncome": 7500000, "operatingIncomeRatio": 0.1575630252, "totalOtherIncomeExpensesNet": 4100000, "incomeBeforeTax": 7000000, "incomeBeforeTaxRatio": 0.1470588235, "incomeTaxExpense": 3300000, "netIncome": 3000000, "netIncomeRatio": 0.0630252101, "eps": 0.03, "epsdiluted": 0.03, "weightedAverageShsOut": 100000000, "weightedAverageShsOutDil": 100000000, "link": "", "finalLink": "", "calculatedOtherExpenses": 5100000, "calculatedOperatingExpenses": 11400000, "calculatedNetInterest": 0, "calculatedOtherIncome": -500000, "calculatedIncomeNonControlling": 700000, "calculatedEbitda": 14000000}, {"date": "1986-12-31", "symbol": "KEX", "reportedCurrency": "USD", "cik": "0000056047", "fillingDate": "1986-12-31", "acceptedDate": "1986-12-30 19:00:00", "calendarYear": "1986", "period": "FY", "revenue": 60700000, "costOfRevenue": 32900000, "grossProfit": 27800000, "grossProfitRatio": 0.4579901153, "researchAndDevelopmentExpenses": 0, "generalAndAdministrativeExpenses": 0, "sellingAndMarketingExpenses": 0, "sellingGeneralAndAdministrativeExpenses": 8600000, "otherExpenses": 18000000, "operatingExpenses": 26600000, "costAndExpenses": 59500000, "interestIncome": 0, "interestExpense": 0, "depreciationAndAmortization": 21000000, "ebitda": 38900000, "ebitdaratio": 0.6408566722, "operatingIncome": 1200000, "operatingIncomeRatio": 0.0197693575, "totalOtherIncomeExpensesNet": -16700000, "incomeBeforeTax": -26800000, "incomeBeforeTaxRatio": -0.4415156507, "incomeTaxExpense": -400000, "netIncome": -26400000, "netIncomeRatio": -0.4349258649, "eps": -0.55, "epsdiluted": -0.55, "weightedAverageShsOut": 48000000, "weightedAverageShsOutDil": 48000000, "link": "", "finalLink": "", "calculatedOtherExpenses": 18000000, "calculatedOperatingExpenses": 26600000, "calculatedNetInterest": 0, "calculatedOtherIncome": -28000000, "calculatedIncomeNonControlling": 0, "calculatedEbitda": 22200000}, {"date": "1985-12-31", "symbol": "KEX", "reportedCurrency": "USD", "cik": "0000056047", "fillingDate": "1985-12-31", "acceptedDate": "1985-12-30 19:00:00", "calendarYear": "1985", "period": "FY", "revenue": 71000000, "costOfRevenue": 37900000, "grossProfit": 33100000, "grossProfitRatio": 0.4661971831, "researchAndDevelopmentExpenses": 0, "generalAndAdministrativeExpenses": 0, "sellingAndMarketingExpenses": 0, "sellingGeneralAndAdministrativeExpenses": 7700000, "otherExpenses": 12500000, "operatingExpenses": 20200000, "costAndExpenses": 58100000, "interestIncome": 0, "interestExpense": 0, "depreciationAndAmortization": 16700000, "ebitda": 25700000, "ebitdaratio": 0.361971831, "operatingIncome": 12900000, "operatingIncomeRatio": 0.1816901408, "totalOtherIncomeExpensesNet": 3900000, "incomeBeforeTax": 100000, "incomeBeforeTaxRatio": 0.0014084507, "incomeTaxExpense": -500000, "netIncome": 2600000, "netIncomeRatio": 0.0366197183, "eps": 0.055, "epsdiluted": 0.055, "weightedAverageShsOut": 47272727, "weightedAverageShsOutDil": 47272727, "link": "", "finalLink": "", "calculatedOtherExpenses": 12500000, "calculatedOperatingExpenses": 20200000, "calculatedNetInterest": 0, "calculatedOtherIncome": -12800000, "calculatedIncomeNonControlling": -2000000, "calculatedEbitda": 29600000}]}