{"originalCurrency": "USD", "convertedCurrency": "USD", "report": [{"date": "2023-12-31", "symbol": "KGC", "reportedCurrency": "USD", "cik": "0000701818", "fillingDate": "2023-12-31", "acceptedDate": "2023-12-29 19:00:00", "calendarYear": "2023", "period": "FY", "revenue": 4317451074, "costOfRevenue": 3323043221, "grossProfit": 994407853, "grossProfitRatio": 0.2303229002, "researchAndDevelopmentExpenses": 0, "generalAndAdministrativeExpenses": 108700000, "sellingAndMarketingExpenses": 1993429, "sellingGeneralAndAdministrativeExpenses": 110693429, "otherExpenses": -105296231, "operatingExpenses": 215989661, "costAndExpenses": 3539032884, "interestIncome": 40500000, "interestExpense": 69000000, "depreciationAndAmortization": 1042575278, "ebitda": 1820993468, "ebitdaratio": 0.4217751254, "operatingIncome": 778418193, "operatingIncomeRatio": 0.1802957763, "totalOtherIncomeExpensesNet": -56823308, "incomeBeforeTax": 721594884, "incomeBeforeTaxRatio": 0.167134467, "incomeTaxExpense": 298576940, "netIncome": 416300000, "netIncomeRatio": 0.0964226329, "eps": 0.35, "epsdiluted": 0.34, "weightedAverageShsOut": 1226985000, "weightedAverageShsOutDil": 1236670000, "link": null, "finalLink": null, "calculatedOtherExpenses": 105296231, "calculatedOperatingExpenses": 215989660, "calculatedNetInterest": -28500000, "calculatedOtherIncome": -28323309, "calculatedIncomeNonControlling": 6717944, "calculatedEbitda": 1820993471}, {"date": "2022-12-31", "symbol": "KGC", "reportedCurrency": "USD", "cik": "0000701818", "fillingDate": "2022-12-31", "acceptedDate": "2022-12-31 00:00:00", "calendarYear": "2022", "period": "FY", "revenue": 3455100000, "costOfRevenue": 2939700000, "grossProfit": 515400000, "grossProfitRatio": 0.149170791, "researchAndDevelopmentExpenses": 0, "generalAndAdministrativeExpenses": 129800000, "sellingAndMarketingExpenses": 0, "sellingGeneralAndAdministrativeExpenses": 129800000, "otherExpenses": 267900000, "operatingExpenses": 397700000, "costAndExpenses": 3337400000, "interestIncome": 18300000, "interestExpense": 93700000, "depreciationAndAmortization": 784000000, "ebitda": 984400000, "ebitdaratio": 0.2849121588, "operatingIncome": 200400000, "operatingIncomeRatio": 0.0580012156, "totalOtherIncomeExpensesNet": -93700000, "incomeBeforeTax": 106700000, "incomeBeforeTaxRatio": 0.0308818848, "incomeTaxExpense": 76100000, "netIncome": -605200000, "netIncomeRatio": -0.1751613557, "eps": -0.47, "epsdiluted": -0.47, "weightedAverageShsOut": 1280531000, "weightedAverageShsOutDil": 1280531000, "link": null, "finalLink": null, "calculatedOtherExpenses": 185200000, "calculatedOperatingExpenses": 315000000, "calculatedNetInterest": -75400000, "calculatedOtherIncome": -18300000, "calculatedIncomeNonControlling": 635800000, "calculatedEbitda": 984400000}, {"date": "2021-12-31", "symbol": "KGC", "reportedCurrency": "USD", "cik": "0000701818", "fillingDate": "2021-12-31", "acceptedDate": "2021-12-31 00:00:00", "calendarYear": "2021", "period": "FY", "revenue": 3729400000, "costOfRevenue": 2711500000, "grossProfit": 1017900000, "grossProfitRatio": 0.2729393468, "researchAndDevelopmentExpenses": 0, "generalAndAdministrativeExpenses": 126600000, "sellingAndMarketingExpenses": 0, "sellingGeneralAndAdministrativeExpenses": 126600000, "otherExpenses": 441900000, "operatingExpenses": 568500000, "costAndExpenses": 3280000000, "interestIncome": 12300000, "interestExpense": 71500000, "depreciationAndAmortization": 842300000, "ebitda": 1305900000, "ebitdaratio": 0.3501635652, "operatingIncome": 463600000, "operatingIncomeRatio": 0.1243095404, "totalOtherIncomeExpensesNet": 5800000, "incomeBeforeTax": 469400000, "incomeBeforeTaxRatio": 0.1258647504, "incomeTaxExpense": 115000000, "netIncome": 221200000, "netIncomeRatio": 0.0593124899, "eps": 0.17, "epsdiluted": 0.17, "weightedAverageShsOut": 1259059000, "weightedAverageShsOutDil": 1269146000, "link": null, "finalLink": null, "calculatedOtherExpenses": 427700000, "calculatedOperatingExpenses": 554300000, "calculatedNetInterest": -59200000, "calculatedOtherIncome": 65000000, "calculatedIncomeNonControlling": 133200000, "calculatedEbitda": 1305900000}, {"date": "2020-12-31", "symbol": "KGC", "reportedCurrency": "USD", "cik": "0000701818", "fillingDate": "2020-12-31", "acceptedDate": "2020-12-31 00:00:00", "calendarYear": "2020", "period": "FY", "revenue": 4213400000, "costOfRevenue": 1917100000, "grossProfit": 2296300000, "grossProfitRatio": 0.544999288, "researchAndDevelopmentExpenses": 0, "generalAndAdministrativeExpenses": 117900000, "sellingAndMarketingExpenses": 0, "sellingGeneralAndAdministrativeExpenses": 117900000, "otherExpenses": 279000000, "operatingExpenses": 396900000, "costAndExpenses": 2314000000, "interestIncome": 4300000, "interestExpense": 112600000, "depreciationAndAmortization": 854000000, "ebitda": 2753400000, "ebitdaratio": 0.6534864955, "operatingIncome": 1899400000, "operatingIncomeRatio": 0.4507998291, "totalOtherIncomeExpensesNet": -100900000, "incomeBeforeTax": 1798500000, "incomeBeforeTaxRatio": 0.4268524232, "incomeTaxExpense": 439800000, "netIncome": 1342400000, "netIncomeRatio": 0.3186025538, "eps": 1.12, "epsdiluted": 1.11, "weightedAverageShsOut": 1257200000, "weightedAverageShsOutDil": 1268000000, "link": null, "finalLink": null, "calculatedOtherExpenses": 279000000, "calculatedOperatingExpenses": 396900000, "calculatedNetInterest": -108300000, "calculatedOtherIncome": 7400000, "calculatedIncomeNonControlling": 16300000, "calculatedEbitda": 2753400000}, {"date": "2019-12-31", "symbol": "KGC", "reportedCurrency": "USD", "cik": "0000701818", "fillingDate": "2019-12-31", "acceptedDate": "2019-12-31 00:00:00", "calendarYear": "2019", "period": "FY", "revenue": 3497300000, "costOfRevenue": 2148400000, "grossProfit": 1348900000, "grossProfitRatio": 0.3856975381, "researchAndDevelopmentExpenses": 0, "generalAndAdministrativeExpenses": 135800000, "sellingAndMarketingExpenses": 0, "sellingGeneralAndAdministrativeExpenses": 135800000, "otherExpenses": 222000000, "operatingExpenses": 357800000, "costAndExpenses": 2506200000, "interestIncome": 7900000, "interestExpense": 107900000, "depreciationAndAmortization": 811900000, "ebitda": 1803000000, "ebitdaratio": 0.5155405599, "operatingIncome": 991100000, "operatingIncomeRatio": 0.2833900437, "totalOtherIncomeExpensesNet": -27300000, "incomeBeforeTax": 963800000, "incomeBeforeTaxRatio": 0.275584022, "incomeTaxExpense": 246700000, "netIncome": 718600000, "netIncomeRatio": 0.2054727933, "eps": 0.59, "epsdiluted": 0.58, "weightedAverageShsOut": 1252300000, "weightedAverageShsOutDil": 1262300000, "link": null, "finalLink": null, "calculatedOtherExpenses": 222000000, "calculatedOperatingExpenses": 357800000, "calculatedNetInterest": -100000000, "calculatedOtherIncome": 72700000, "calculatedIncomeNonControlling": -1500000, "calculatedEbitda": 1803000000}, {"date": "2018-12-31", "symbol": "KGC", "reportedCurrency": "USD", "cik": "0000701818", "fillingDate": "2018-12-31", "acceptedDate": "2018-12-31 00:00:00", "calendarYear": "2018", "period": "FY", "revenue": 3212600000, "costOfRevenue": 2632900000, "grossProfit": 579700000, "grossProfitRatio": 0.1804457449, "researchAndDevelopmentExpenses": 0, "generalAndAdministrativeExpenses": 133000000, "sellingAndMarketingExpenses": 0, "sellingGeneralAndAdministrativeExpenses": 133000000, "otherExpenses": 9500000, "operatingExpenses": 408300000, "costAndExpenses": 3041200000, "interestIncome": 11000000, "interestExpense": 72100000, "depreciationAndAmortization": 772400000, "ebitda": 964000000, "ebitdaratio": 0.3000684804, "operatingIncome": 200500000, "operatingIncomeRatio": 0.0624105086, "totalOtherIncomeExpensesNet": 2900000, "incomeBeforeTax": 113200000, "incomeBeforeTaxRatio": 0.0352362572, "incomeTaxExpense": 138800000, "netIncome": -23600000, "netIncomeRatio": -0.0073460748, "eps": -0.0189, "epsdiluted": -0.0189, "weightedAverageShsOut": 1249500000, "weightedAverageShsOutDil": 1249500000, "link": null, "finalLink": null, "calculatedOtherExpenses": 246200000, "calculatedOperatingExpenses": 379200000, "calculatedNetInterest": -61100000, "calculatedOtherIncome": -26200000, "calculatedIncomeNonControlling": -2000000, "calculatedEbitda": 972900000}, {"date": "2017-12-31", "symbol": "KGC", "reportedCurrency": "USD", "cik": "0000701818", "fillingDate": "2017-12-31", "acceptedDate": "2017-12-31 00:00:00", "calendarYear": "2017", "period": "FY", "revenue": 3303000000, "costOfRevenue": 2598300000, "grossProfit": 704700000, "grossProfitRatio": 0.2133514986, "researchAndDevelopmentExpenses": 0, "generalAndAdministrativeExpenses": 132600000, "sellingAndMarketingExpenses": 0, "sellingGeneralAndAdministrativeExpenses": 132600000, "otherExpenses": 38600000, "operatingExpenses": 399500000, "costAndExpenses": 2997800000, "interestIncome": 13500000, "interestExpense": 86500000, "depreciationAndAmortization": 819400000, "ebitda": 1175700000, "ebitdaratio": 0.3559491371, "operatingIncome": 336500000, "operatingIncomeRatio": 0.1018770814, "totalOtherIncomeExpensesNet": 186500000, "incomeBeforeTax": 419000000, "incomeBeforeTaxRatio": 0.1268543748, "incomeTaxExpense": -23200000, "netIncome": 445400000, "netIncomeRatio": 0.1348471087, "eps": 0.36, "epsdiluted": 0.35, "weightedAverageShsOut": 1246600000, "weightedAverageShsOutDil": 1257000000, "link": null, "finalLink": null, "calculatedOtherExpenses": 235600000, "calculatedOperatingExpenses": 368200000, "calculatedNetInterest": -73000000, "calculatedOtherIncome": 155500000, "calculatedIncomeNonControlling": -3200000, "calculatedEbitda": 1155900000}, {"date": "2016-12-31", "symbol": "KGC", "reportedCurrency": "USD", "cik": "0000701818", "fillingDate": "2016-12-31", "acceptedDate": "2016-12-31 00:00:00", "calendarYear": "2016", "period": "FY", "revenue": 3472000000, "costOfRevenue": 2978400000, "grossProfit": 493600000, "grossProfitRatio": 0.1421658986, "researchAndDevelopmentExpenses": 0, "generalAndAdministrativeExpenses": 143700000, "sellingAndMarketingExpenses": 0, "sellingGeneralAndAdministrativeExpenses": 143700000, "otherExpenses": 19500000, "operatingExpenses": 481500000, "costAndExpenses": 3459900000, "interestIncome": 7500000, "interestExpense": 100400000, "depreciationAndAmortization": 855000000, "ebitda": 892900000, "ebitdaratio": 0.257171659, "operatingIncome": 46300000, "operatingIncomeRatio": 0.0133352535, "totalOtherIncomeExpensesNet": 21300000, "incomeBeforeTax": -59500000, "incomeBeforeTaxRatio": -0.0171370968, "incomeTaxExpense": 49600000, "netIncome": -104000000, "netIncomeRatio": -0.0299539171, "eps": -0.0848, "epsdiluted": -0.0848, "weightedAverageShsOut": 1227000000, "weightedAverageShsOutDil": 1227000000, "link": null, "finalLink": null, "calculatedOtherExpenses": 303600000, "calculatedOperatingExpenses": 447300000, "calculatedNetInterest": -92900000, "calculatedOtherIncome": -12900000, "calculatedIncomeNonControlling": -5100000, "calculatedEbitda": 901300000}, {"date": "2015-12-31", "symbol": "KGC", "reportedCurrency": "USD", "cik": "0000701818", "fillingDate": "2015-12-31", "acceptedDate": "2015-12-31 00:00:00", "calendarYear": "2015", "period": "FY", "revenue": 3052200000, "costOfRevenue": 3431500000, "grossProfit": -379300000, "grossProfitRatio": -0.1242710176, "researchAndDevelopmentExpenses": 0, "generalAndAdministrativeExpenses": 179400000, "sellingAndMarketingExpenses": 0, "sellingGeneralAndAdministrativeExpenses": 179400000, "otherExpenses": 37500000, "operatingExpenses": 391400000, "costAndExpenses": 3822900000, "interestIncome": 8300000, "interestExpense": 68200000, "depreciationAndAmortization": 897700000, "ebitda": 176000000, "ebitdaratio": 0.0576633248, "operatingIncome": -742900000, "operatingIncomeRatio": -0.2433982046, "totalOtherIncomeExpensesNet": -17100000, "incomeBeforeTax": -847700000, "incomeBeforeTaxRatio": -0.2777340934, "incomeTaxExpense": 141700000, "netIncome": -984500000, "netIncomeRatio": -0.3225542232, "eps": -0.86, "epsdiluted": -0.86, "weightedAverageShsOut": 1144767441, "weightedAverageShsOutDil": 1146000000, "link": null, "finalLink": null, "calculatedOtherExpenses": 184200000, "calculatedOperatingExpenses": 363600000, "calculatedNetInterest": -59900000, "calculatedOtherIncome": -44900000, "calculatedIncomeNonControlling": -4900000, "calculatedEbitda": 154800000}, {"date": "2014-12-31", "symbol": "KGC", "reportedCurrency": "USD", "cik": "0000701818", "fillingDate": "2014-12-31", "acceptedDate": "2014-12-31 00:00:00", "calendarYear": "2014", "period": "FY", "revenue": 3466300000, "costOfRevenue": 4097300000, "grossProfit": -631000000, "grossProfitRatio": -0.1820384848, "researchAndDevelopmentExpenses": 0, "generalAndAdministrativeExpenses": 178800000, "sellingAndMarketingExpenses": 0, "sellingGeneralAndAdministrativeExpenses": 178800000, "otherExpenses": 900000, "operatingExpenses": 424300000, "costAndExpenses": 4521600000, "interestIncome": 11200000, "interestExpense": 52000000, "depreciationAndAmortization": 874700000, "ebitda": -174300000, "ebitdaratio": -0.0502841647, "operatingIncome": -1027200000, "operatingIncomeRatio": -0.2963390359, "totalOtherIncomeExpensesNet": -221300000, "incomeBeforeTax": -1317400000, "incomeBeforeTaxRatio": -0.3800594294, "incomeTaxExpense": 109700000, "netIncome": -1166500000, "netIncomeRatio": -0.3365259787, "eps": -1.02, "epsdiluted": -1.02, "weightedAverageShsOut": 1144287268, "weightedAverageShsOutDil": 1144300000, "link": null, "finalLink": null, "calculatedOtherExpenses": 217400000, "calculatedOperatingExpenses": 396200000, "calculatedNetInterest": -40800000, "calculatedOtherIncome": -249400000, "calculatedIncomeNonControlling": -260600000, "calculatedEbitda": -152500000}, {"date": "2013-12-31", "symbol": "KGC", "reportedCurrency": "USD", "cik": "0000701818", "fillingDate": "2013-12-31", "acceptedDate": "2013-12-31 00:00:00", "calendarYear": "2013", "period": "FY", "revenue": 3779500000, "costOfRevenue": 6002800000, "grossProfit": -2223300000, "grossProfitRatio": -0.5882524143, "researchAndDevelopmentExpenses": 0, "generalAndAdministrativeExpenses": 176600000, "sellingAndMarketingExpenses": 0, "sellingGeneralAndAdministrativeExpenses": 176600000, "otherExpenses": 1600000, "operatingExpenses": 429600000, "costAndExpenses": 6432400000, "interestIncome": 7600000, "interestExpense": 25100000, "depreciationAndAmortization": 828800000, "ebitda": -1825200000, "ebitdaratio": -0.4829210213, "operatingIncome": -2635200000, "operatingIncomeRatio": -0.697235084, "totalOtherIncomeExpensesNet": -269400000, "incomeBeforeTax": -2939800000, "incomeBeforeTaxRatio": -0.777827755, "incomeTaxExpense": 72400000, "netIncome": -3742700000, "netIncomeRatio": -0.9902632623, "eps": -3.28, "epsdiluted": -3.28, "weightedAverageShsOut": 1141136363, "weightedAverageShsOutDil": 1142100000, "link": null, "finalLink": null, "calculatedOtherExpenses": 235300000, "calculatedOperatingExpenses": 411900000, "calculatedNetInterest": -17500000, "calculatedOtherIncome": -287100000, "calculatedIncomeNonControlling": 730500000, "calculatedEbitda": -1806400000}, {"date": "2012-12-31", "symbol": "KGC", "reportedCurrency": "USD", "cik": "0000701818", "fillingDate": "2012-12-31", "acceptedDate": "2012-12-31 00:00:00", "calendarYear": "2012", "period": "FY", "revenue": 4311400000, "costOfRevenue": 6059600000, "grossProfit": -1748200000, "grossProfitRatio": -0.4054831377, "researchAndDevelopmentExpenses": 0, "generalAndAdministrativeExpenses": 179100000, "sellingAndMarketingExpenses": 0, "sellingGeneralAndAdministrativeExpenses": 179100000, "otherExpenses": -2200000, "operatingExpenses": 498400000, "costAndExpenses": 6558000000, "interestIncome": 5300000, "interestExpense": 42100000, "depreciationAndAmortization": 681200000, "ebitda": -1568800000, "ebitdaratio": -0.363872524, "operatingIncome": -2246600000, "operatingIncomeRatio": -0.5210836387, "totalOtherIncomeExpensesNet": -8700000, "incomeBeforeTax": -2292100000, "incomeBeforeTaxRatio": -0.5316370552, "incomeTaxExpense": 261500000, "netIncome": -2504900000, "netIncomeRatio": -0.5809945725, "eps": -2.2, "epsdiluted": -2.2, "weightedAverageShsOut": 1136696428, "weightedAverageShsOutDil": 1139100000, "link": null, "finalLink": null, "calculatedOtherExpenses": 319300000, "calculatedOperatingExpenses": 498400000, "calculatedNetInterest": -36800000, "calculatedOtherIncome": -8700000, "calculatedIncomeNonControlling": -48700000, "calculatedEbitda": -1565400000}, {"date": "2011-12-31", "symbol": "KGC", "reportedCurrency": "USD", "cik": "0000701818", "fillingDate": "2011-12-31", "acceptedDate": "2011-12-31 00:00:00", "calendarYear": "2011", "period": "FY", "revenue": 3943300000, "costOfRevenue": 5111400000, "grossProfit": -1168100000, "grossProfitRatio": -0.2962239748, "researchAndDevelopmentExpenses": 136400000, "generalAndAdministrativeExpenses": 0, "sellingAndMarketingExpenses": 0, "sellingGeneralAndAdministrativeExpenses": 173600000, "otherExpenses": 64400000, "operatingExpenses": 374400000, "costAndExpenses": 5485800000, "interestIncome": 6900000, "interestExpense": 44700000, "depreciationAndAmortization": 577400000, "ebitda": -960500000, "ebitdaratio": -0.2435777141, "operatingIncome": -1542500000, "operatingIncomeRatio": -0.3911698324, "totalOtherIncomeExpensesNet": 78100000, "incomeBeforeTax": -1502200000, "incomeBeforeTaxRatio": -0.3809499658, "incomeTaxExpense": 510800000, "netIncome": -2073600000, "netIncomeRatio": -0.5258539802, "eps": -1.83, "epsdiluted": -1.83, "weightedAverageShsOut": 1136000000, "weightedAverageShsOutDil": 1136000000, "link": null, "finalLink": null, "calculatedOtherExpenses": 64400000, "calculatedOperatingExpenses": 374400000, "calculatedNetInterest": -37800000, "calculatedOtherIncome": 78100000, "calculatedIncomeNonControlling": 60600000, "calculatedEbitda": -965100000}, {"date": "2010-12-31", "symbol": "KGC", "reportedCurrency": "USD", "cik": "0000701818", "fillingDate": "2010-12-31", "acceptedDate": "2010-12-31 00:00:00", "calendarYear": "2010", "period": "FY", "revenue": 3010100000, "costOfRevenue": 1944600000, "grossProfit": 1065500000, "grossProfitRatio": 0.353974951, "researchAndDevelopmentExpenses": 0, "generalAndAdministrativeExpenses": 0, "sellingAndMarketingExpenses": 0, "sellingGeneralAndAdministrativeExpenses": 144500000, "otherExpenses": 196500000, "operatingExpenses": 1406500000, "costAndExpenses": 3351100000, "interestIncome": 8300000, "interestExpense": 31100000, "depreciationAndAmortization": 517500000, "ebitda": -116500000, "ebitdaratio": -0.0387030331, "operatingIncome": 867200000, "operatingIncomeRatio": 0.288096741, "totalOtherIncomeExpensesNet": 293000000, "incomeBeforeTax": 1160200000, "incomeBeforeTaxRatio": 0.3854356998, "incomeTaxExpense": 275400000, "netIncome": 771600000, "netIncomeRatio": 0.2563369988, "eps": 0.92, "epsdiluted": 0.92, "weightedAverageShsOut": 824500000, "weightedAverageShsOutDil": 829200000, "link": null, "finalLink": null, "calculatedOtherExpenses": 53800000, "calculatedOperatingExpenses": 198300000, "calculatedNetInterest": -22800000, "calculatedOtherIncome": 315800000, "calculatedIncomeNonControlling": 113200000, "calculatedEbitda": 1384700000}, {"date": "2009-12-31", "symbol": "KGC", "reportedCurrency": "USD", "cik": "0000701818", "fillingDate": "2009-12-31", "acceptedDate": "2009-12-31 00:00:00", "calendarYear": "2009", "period": "FY", "revenue": 2412100000, "costOfRevenue": 1566900000, "grossProfit": 845200000, "grossProfitRatio": 0.3504000663, "researchAndDevelopmentExpenses": 0, "generalAndAdministrativeExpenses": 0, "sellingAndMarketingExpenses": 0, "sellingGeneralAndAdministrativeExpenses": 117700000, "otherExpenses": 62300000, "operatingExpenses": 199300000, "costAndExpenses": 1766200000, "interestIncome": 9200000, "interestExpense": 19100000, "depreciationAndAmortization": 447300000, "ebitda": 1102400000, "ebitdaratio": 0.4570291447, "operatingIncome": 645900000, "operatingIncomeRatio": 0.2677749679, "totalOtherIncomeExpensesNet": -64400000, "incomeBeforeTax": 571600000, "incomeBeforeTaxRatio": 0.2369719332, "incomeTaxExpense": 150800000, "netIncome": 309900000, "netIncomeRatio": 0.1284772605, "eps": 0.45, "epsdiluted": 0.44, "weightedAverageShsOut": 691500000, "weightedAverageShsOutDil": 696500000, "link": null, "finalLink": null, "calculatedOtherExpenses": 81600000, "calculatedOperatingExpenses": 199300000, "calculatedNetInterest": -9900000, "calculatedOtherIncome": -64400000, "calculatedIncomeNonControlling": 110900000, "calculatedEbitda": 1093200000}, {"date": "2008-12-31", "symbol": "KGC", "reportedCurrency": "USD", "cik": "0000701818", "fillingDate": "2008-12-31", "acceptedDate": "2008-12-31 00:00:00", "calendarYear": "2008", "period": "FY", "revenue": 1617000000, "costOfRevenue": 859900000, "grossProfit": 757100000, "grossProfitRatio": 0.4682127396, "researchAndDevelopmentExpenses": 0, "generalAndAdministrativeExpenses": 0, "sellingAndMarketingExpenses": 0, "sellingGeneralAndAdministrativeExpenses": 100800000, "otherExpenses": 273800000, "operatingExpenses": 374600000, "costAndExpenses": 1234500000, "interestIncome": 0, "interestExpense": 2070900000, "depreciationAndAmortization": 273800000, "ebitda": 1638600000, "ebitdaratio": 1.0133580705, "operatingIncome": 382500000, "operatingIncomeRatio": 0.2365491651, "totalOtherIncomeExpensesNet": -991000000, "incomeBeforeTax": -654300000, "incomeBeforeTaxRatio": -0.4046382189, "incomeTaxExpense": 101100000, "netIncome": -807200000, "netIncomeRatio": -0.4991960421, "eps": -1.28, "epsdiluted": -1.28, "weightedAverageShsOut": 628600000, "weightedAverageShsOutDil": 628600000, "link": null, "finalLink": null, "calculatedOtherExpenses": 273800000, "calculatedOperatingExpenses": 374600000, "calculatedNetInterest": -2070900000, "calculatedOtherIncome": 1034100000, "calculatedIncomeNonControlling": 51800000, "calculatedEbitda": 656300000}, {"date": "2007-12-31", "symbol": "KGC", "reportedCurrency": "USD", "cik": "0000701818", "fillingDate": "2007-12-31", "acceptedDate": "2007-12-31 00:00:00", "calendarYear": "2007", "period": "FY", "revenue": 1093000000, "costOfRevenue": 667200000, "grossProfit": 425800000, "grossProfitRatio": 0.3895699909, "researchAndDevelopmentExpenses": 0, "generalAndAdministrativeExpenses": 0, "sellingAndMarketingExpenses": 0, "sellingGeneralAndAdministrativeExpenses": 69600000, "otherExpenses": 129300000, "operatingExpenses": 198900000, "costAndExpenses": 866100000, "interestIncome": 0, "interestExpense": -362900000, "depreciationAndAmortization": 129300000, "ebitda": 175000000, "ebitdaratio": 0.1601097896, "operatingIncome": 226900000, "operatingIncomeRatio": 0.2075937786, "totalOtherIncomeExpensesNet": 170100000, "incomeBeforeTax": 416500000, "incomeBeforeTaxRatio": 0.3810612992, "incomeTaxExpense": 73800000, "netIncome": 334800000, "netIncomeRatio": 0.3063129003, "eps": 0.6, "epsdiluted": 0.59, "weightedAverageShsOut": 557400000, "weightedAverageShsOutDil": 566100000, "link": null, "finalLink": null, "calculatedOtherExpenses": 129300000, "calculatedOperatingExpenses": 198900000, "calculatedNetInterest": 362900000, "calculatedOtherIncome": -173300000, "calculatedIncomeNonControlling": 7900000, "calculatedEbitda": 356200000}, {"date": "2006-12-31", "symbol": "KGC", "reportedCurrency": "USD", "cik": "0000701818", "fillingDate": "2006-12-31", "acceptedDate": "2006-12-31 00:00:00", "calendarYear": "2006", "period": "FY", "revenue": 905600000, "costOfRevenue": 547100000, "grossProfit": 358500000, "grossProfitRatio": 0.3958701413, "researchAndDevelopmentExpenses": 0, "generalAndAdministrativeExpenses": 0, "sellingAndMarketingExpenses": 0, "sellingGeneralAndAdministrativeExpenses": 52100000, "otherExpenses": 104900000, "operatingExpenses": 157000000, "costAndExpenses": 704100000, "interestIncome": 0, "interestExpense": 15700000, "depreciationAndAmortization": 108300000, "ebitda": 315700000, "ebitdaratio": 0.3486086572, "operatingIncome": 201500000, "operatingIncomeRatio": 0.222504417, "totalOtherIncomeExpensesNet": -5900000, "incomeBeforeTax": 192200000, "incomeBeforeTaxRatio": 0.2122349823, "incomeTaxExpense": 25900000, "netIncome": 165800000, "netIncomeRatio": 0.1830830389, "eps": 0.47, "epsdiluted": 0.47, "weightedAverageShsOut": 352100000, "weightedAverageShsOutDil": 353200000, "link": null, "finalLink": null, "calculatedOtherExpenses": 104900000, "calculatedOperatingExpenses": 157000000, "calculatedNetInterest": -15700000, "calculatedOtherIncome": 6400000, "calculatedIncomeNonControlling": 500000, "calculatedEbitda": 309800000}, {"date": "2005-12-31", "symbol": "KGC", "reportedCurrency": "USD", "cik": "0000701818", "fillingDate": "2005-12-31", "acceptedDate": "2005-12-31 00:00:00", "calendarYear": "2005", "period": "FY", "revenue": 725500000, "costOfRevenue": 545000000, "grossProfit": 180500000, "grossProfitRatio": 0.2487939352, "researchAndDevelopmentExpenses": 0, "generalAndAdministrativeExpenses": 0, "sellingAndMarketingExpenses": 0, "sellingGeneralAndAdministrativeExpenses": 45300000, "otherExpenses": 346400000, "operatingExpenses": 391700000, "costAndExpenses": 936700000, "interestIncome": 0, "interestExpense": 212600000, "depreciationAndAmortization": 167700000, "ebitda": 152200000, "ebitdaratio": 0.2097863542, "operatingIncome": -211200000, "operatingIncomeRatio": -0.2911095796, "totalOtherIncomeExpensesNet": -195700000, "incomeBeforeTax": -228200000, "incomeBeforeTaxRatio": -0.3145416954, "incomeTaxExpense": -12900000, "netIncome": -215200000, "netIncomeRatio": -0.2966230186, "eps": -0.62, "epsdiluted": -0.62, "weightedAverageShsOut": 345200000, "weightedAverageShsOutDil": 345200000, "link": null, "finalLink": null, "calculatedOtherExpenses": 346400000, "calculatedOperatingExpenses": 391700000, "calculatedNetInterest": -212600000, "calculatedOtherIncome": 195600000, "calculatedIncomeNonControlling": -100000, "calculatedEbitda": -43500000}, {"date": "2004-12-31", "symbol": "KGC", "reportedCurrency": "USD", "cik": "0000701818", "fillingDate": "2004-12-31", "acceptedDate": "2004-12-31 00:00:00", "calendarYear": "2004", "period": "FY", "revenue": 666800000, "costOfRevenue": 448600000, "grossProfit": 218200000, "grossProfitRatio": 0.3272345531, "researchAndDevelopmentExpenses": 0, "generalAndAdministrativeExpenses": 0, "sellingAndMarketingExpenses": 0, "sellingGeneralAndAdministrativeExpenses": 36400000, "otherExpenses": 170100000, "operatingExpenses": 206500000, "costAndExpenses": 655100000, "interestIncome": 0, "interestExpense": 152000000, "depreciationAndAmortization": 170100000, "ebitda": 258200000, "ebitdaratio": 0.3872225555, "operatingIncome": 11700000, "operatingIncomeRatio": 0.0175464907, "totalOtherIncomeExpensesNet": -76400000, "incomeBeforeTax": -64200000, "incomeBeforeTaxRatio": -0.0962807439, "incomeTaxExpense": -8600000, "netIncome": -55300000, "netIncomeRatio": -0.0829334133, "eps": -0.16, "epsdiluted": -0.16, "weightedAverageShsOut": 346000000, "weightedAverageShsOutDil": 346000000, "link": null, "finalLink": null, "calculatedOtherExpenses": 170100000, "calculatedOperatingExpenses": 206500000, "calculatedNetInterest": -152000000, "calculatedOtherIncome": 76100000, "calculatedIncomeNonControlling": -300000, "calculatedEbitda": 181800000}, {"date": "2003-12-31", "symbol": "KGC", "reportedCurrency": "USD", "cik": "0000701818", "fillingDate": "2003-12-31", "acceptedDate": "2003-12-31 00:00:00", "calendarYear": "2003", "period": "FY", "revenue": 584600000, "costOfRevenue": 411600000, "grossProfit": 173000000, "grossProfitRatio": 0.2959288402, "researchAndDevelopmentExpenses": 0, "generalAndAdministrativeExpenses": 0, "sellingAndMarketingExpenses": 0, "sellingGeneralAndAdministrativeExpenses": 25000000, "otherExpenses": 140900000, "operatingExpenses": 165900000, "costAndExpenses": 577500000, "interestIncome": 0, "interestExpense": -38700000, "depreciationAndAmortization": 140900000, "ebitda": 125800000, "ebitdaratio": 0.2151898734, "operatingIncome": -2800000, "operatingIncomeRatio": -0.0047895997, "totalOtherIncomeExpensesNet": 22200000, "incomeBeforeTax": 23800000, "incomeBeforeTaxRatio": 0.0407115977, "incomeTaxExpense": 13100000, "netIncome": 10500000, "netIncomeRatio": 0.017960999, "eps": -1.3, "epsdiluted": -1.3, "weightedAverageShsOut": 308600000, "weightedAverageShsOutDil": 338400000, "link": null, "finalLink": null, "calculatedOtherExpenses": 150800000, "calculatedOperatingExpenses": 175800000, "calculatedNetInterest": 38700000, "calculatedOtherIncome": -12100000, "calculatedIncomeNonControlling": 200000, "calculatedEbitda": 138100000}, {"date": "2002-12-31", "symbol": "KGC", "reportedCurrency": "USD", "cik": "0000701818", "fillingDate": "2002-12-31", "acceptedDate": "2002-12-31 00:00:00", "calendarYear": "2002", "period": "FY", "revenue": 275200000, "costOfRevenue": 186400000, "grossProfit": 88800000, "grossProfitRatio": 0.3226744186, "researchAndDevelopmentExpenses": 0, "generalAndAdministrativeExpenses": 0, "sellingAndMarketingExpenses": 0, "sellingGeneralAndAdministrativeExpenses": 11300000, "otherExpenses": 85300000, "operatingExpenses": 96600000, "costAndExpenses": 283000000, "interestIncome": 0, "interestExpense": 27300000, "depreciationAndAmortization": 85300000, "ebitda": 89700000, "ebitdaratio": 0.3259447674, "operatingIncome": -15500000, "operatingIncomeRatio": -0.0563226744, "totalOtherIncomeExpensesNet": -12800000, "incomeBeforeTax": -22900000, "incomeBeforeTaxRatio": -0.0832122093, "incomeTaxExpense": 6500000, "netIncome": -29400000, "netIncomeRatio": -0.1068313953, "eps": -0.54, "epsdiluted": -0.25, "weightedAverageShsOut": 54400000, "weightedAverageShsOutDil": 118166667, "link": null, "finalLink": null, "calculatedOtherExpenses": 93000000, "calculatedOperatingExpenses": 104300000, "calculatedNetInterest": -27300000, "calculatedOtherIncome": 19900000, "calculatedIncomeNonControlling": 0, "calculatedEbitda": 69800000}, {"date": "2001-12-31", "symbol": "KGC", "reportedCurrency": "USD", "cik": "0000701818", "fillingDate": "2001-12-31", "acceptedDate": "2001-12-31 00:00:00", "calendarYear": "2001", "period": "FY", "revenue": 282900000, "costOfRevenue": 188600000, "grossProfit": 94300000, "grossProfitRatio": 0.3333333333, "researchAndDevelopmentExpenses": 0, "generalAndAdministrativeExpenses": 0, "sellingAndMarketingExpenses": 0, "sellingGeneralAndAdministrativeExpenses": 10100000, "otherExpenses": 85800000, "operatingExpenses": 95900000, "costAndExpenses": 284500000, "interestIncome": 0, "interestExpense": 44900000, "depreciationAndAmortization": 85800000, "ebitda": 96700000, "ebitdaratio": 0.3418168964, "operatingIncome": -1600000, "operatingIncomeRatio": -0.0056557087, "totalOtherIncomeExpensesNet": -14700000, "incomeBeforeTax": -34000000, "incomeBeforeTaxRatio": -0.1201838105, "incomeTaxExpense": 2900000, "netIncome": -36900000, "netIncomeRatio": -0.1304347826, "eps": -0.35, "epsdiluted": -0.33, "weightedAverageShsOut": 104466562, "weightedAverageShsOutDil": 111341667, "link": null, "finalLink": null, "calculatedOtherExpenses": 85800000, "calculatedOperatingExpenses": 95900000, "calculatedNetInterest": -44900000, "calculatedOtherIncome": 12500000, "calculatedIncomeNonControlling": 0, "calculatedEbitda": 84200000}, {"date": "2000-12-31", "symbol": "KGC", "reportedCurrency": "USD", "cik": "0000701818", "fillingDate": "2000-12-31", "acceptedDate": "2000-12-31 00:00:00", "calendarYear": "2000", "period": "FY", "revenue": 271000000, "costOfRevenue": 201000000, "grossProfit": 70000000, "grossProfitRatio": 0.258302583, "researchAndDevelopmentExpenses": 0, "generalAndAdministrativeExpenses": 0, "sellingAndMarketingExpenses": 0, "sellingGeneralAndAdministrativeExpenses": 10400000, "otherExpenses": 93200000, "operatingExpenses": 103600000, "costAndExpenses": 304600000, "interestIncome": 0, "interestExpense": 173400000, "depreciationAndAmortization": 93200000, "ebitda": 148300000, "ebitdaratio": 0.5472324723, "operatingIncome": -118800000, "operatingIncomeRatio": -0.4383763838, "totalOtherIncomeExpensesNet": -88700000, "incomeBeforeTax": -118300000, "incomeBeforeTaxRatio": -0.4365313653, "incomeTaxExpense": 900000, "netIncome": -119200000, "netIncomeRatio": -0.4398523985, "eps": -1.2, "epsdiluted": -1.2, "weightedAverageShsOut": 99366667, "weightedAverageShsOutDil": 99366667, "link": null, "finalLink": null, "calculatedOtherExpenses": 178400000, "calculatedOperatingExpenses": 188800000, "calculatedNetInterest": -173400000, "calculatedOtherIncome": 173900000, "calculatedIncomeNonControlling": 0, "calculatedEbitda": -25600000}, {"date": "1999-12-31", "symbol": "KGC", "reportedCurrency": "USD", "cik": "0000701818", "fillingDate": "1999-12-31", "acceptedDate": "1999-12-31 00:00:00", "calendarYear": "1999", "period": "FY", "revenue": 303990000, "costOfRevenue": 220562000, "grossProfit": 83428000, "grossProfitRatio": 0.2744432383, "researchAndDevelopmentExpenses": 0, "generalAndAdministrativeExpenses": 0, "sellingAndMarketingExpenses": 0, "sellingGeneralAndAdministrativeExpenses": 11197000, "otherExpenses": 110868000, "operatingExpenses": 122065000, "costAndExpenses": 342627000, "interestIncome": 0, "interestExpense": 379263000, "depreciationAndAmortization": 110868000, "ebitda": 261758000, "ebitdaratio": 0.8610743774, "operatingIncome": -228164000, "operatingIncomeRatio": -0.7505641633, "totalOtherIncomeExpensesNet": -189527000, "incomeBeforeTax": -228373000, "incomeBeforeTaxRatio": -0.7512516859, "incomeTaxExpense": 2903000, "netIncome": -231276000, "netIncomeRatio": -0.7608013421, "eps": -2.4, "epsdiluted": -2.4, "weightedAverageShsOut": 96526805, "weightedAverageShsOutDil": 96526805, "link": null, "finalLink": null, "calculatedOtherExpenses": 300395000, "calculatedOperatingExpenses": 311592000, "calculatedNetInterest": -379263000, "calculatedOtherIncome": 379054000, "calculatedIncomeNonControlling": 0, "calculatedEbitda": -117296000}, {"date": "1998-12-31", "symbol": "KGC", "reportedCurrency": "USD", "cik": "0000701818", "fillingDate": "1998-12-31", "acceptedDate": "1998-12-31 00:00:00", "calendarYear": "1998", "period": "FY", "revenue": 269188000, "costOfRevenue": 206655000, "grossProfit": 62533000, "grossProfitRatio": 0.2323023315, "researchAndDevelopmentExpenses": 0, "generalAndAdministrativeExpenses": 0, "sellingAndMarketingExpenses": 0, "sellingGeneralAndAdministrativeExpenses": 7300000, "otherExpenses": 81008000, "operatingExpenses": 88308000, "costAndExpenses": 294963000, "interestIncome": 0, "interestExpense": 411632000, "depreciationAndAmortization": 81008000, "ebitda": 255558000, "ebitdaratio": 0.9493662422, "operatingIncome": -245803000, "operatingIncomeRatio": -0.9131276283, "totalOtherIncomeExpensesNet": -200325000, "incomeBeforeTax": -237082000, "incomeBeforeTaxRatio": -0.880730196, "incomeTaxExpense": 4264000, "netIncome": -241346000, "netIncomeRatio": -0.8965704266, "eps": -3.18, "epsdiluted": -3.18, "weightedAverageShsOut": 75808445, "weightedAverageShsOutDil": 75808445, "link": null, "finalLink": null, "calculatedOtherExpenses": 301036000, "calculatedOperatingExpenses": 308336000, "calculatedNetInterest": -411632000, "calculatedOtherIncome": 420353000, "calculatedIncomeNonControlling": 0, "calculatedEbitda": -164795000}, {"date": "1997-12-31", "symbol": "KGC", "reportedCurrency": "USD", "cik": "0000701818", "fillingDate": "1997-12-31", "acceptedDate": "1997-12-31 00:00:00", "calendarYear": "1997", "period": "FY", "revenue": 173196000, "costOfRevenue": 141859000, "grossProfit": 31337000, "grossProfitRatio": 0.1809337398, "researchAndDevelopmentExpenses": 0, "generalAndAdministrativeExpenses": 0, "sellingAndMarketingExpenses": 0, "sellingGeneralAndAdministrativeExpenses": 5946000, "otherExpenses": 32527000, "operatingExpenses": 38473000, "costAndExpenses": 180332000, "interestIncome": 0, "interestExpense": 169627000, "depreciationAndAmortization": 32527000, "ebitda": 107582000, "ebitdaratio": 0.6211575325, "operatingIncome": -94923000, "operatingIncomeRatio": -0.54806693, "totalOtherIncomeExpensesNet": -82191000, "incomeBeforeTax": -94572000, "incomeBeforeTaxRatio": -0.5460403243, "incomeTaxExpense": -10842000, "netIncome": -83730000, "netIncomeRatio": -0.4834407261, "eps": -2.14, "epsdiluted": -2.14, "weightedAverageShsOut": 39117577, "weightedAverageShsOutDil": 39117577, "link": null, "finalLink": null, "calculatedOtherExpenses": 120314000, "calculatedOperatingExpenses": 126260000, "calculatedNetInterest": -169627000, "calculatedOtherIncome": 169978000, "calculatedIncomeNonControlling": 0, "calculatedEbitda": -62396000}, {"date": "1996-12-31", "symbol": "KGC", "reportedCurrency": "USD", "cik": "0000701818", "fillingDate": "1996-12-31", "acceptedDate": "1996-12-31 00:00:00", "calendarYear": "1996", "period": "FY", "revenue": 204754000, "costOfRevenue": 141854000, "grossProfit": 62900000, "grossProfitRatio": 0.3071979058, "researchAndDevelopmentExpenses": 0, "generalAndAdministrativeExpenses": 0, "sellingAndMarketingExpenses": 0, "sellingGeneralAndAdministrativeExpenses": 5400000, "otherExpenses": 30064000, "operatingExpenses": 35464000, "costAndExpenses": 177318000, "interestIncome": 0, "interestExpense": 5764000, "depreciationAndAmortization": 30064000, "ebitda": 59762000, "ebitdaratio": 0.2918721979, "operatingIncome": 22182000, "operatingIncomeRatio": 0.1083348799, "totalOtherIncomeExpensesNet": -2262000, "incomeBeforeTax": 23934000, "incomeBeforeTaxRatio": 0.1168914893, "incomeTaxExpense": 13499000, "netIncome": 10435000, "netIncomeRatio": 0.0509635953, "eps": 0.26, "epsdiluted": 0.24, "weightedAverageShsOut": 38611758, "weightedAverageShsOutDil": 42121918, "link": null, "finalLink": null, "calculatedOtherExpenses": 35318000, "calculatedOperatingExpenses": 40718000, "calculatedNetInterest": -5764000, "calculatedOtherIncome": 7516000, "calculatedIncomeNonControlling": 0, "calculatedEbitda": 52246000}, {"date": "1995-12-31", "symbol": "KGC", "reportedCurrency": "USD", "cik": "0000701818", "fillingDate": "1995-12-31", "acceptedDate": "1995-12-31 00:00:00", "calendarYear": "1995", "period": "FY", "revenue": 133300000, "costOfRevenue": 0, "grossProfit": 133300000, "grossProfitRatio": 1, "researchAndDevelopmentExpenses": 0, "generalAndAdministrativeExpenses": 0, "sellingAndMarketingExpenses": 0, "sellingGeneralAndAdministrativeExpenses": 0, "otherExpenses": -1.4901161193847656e-08, "operatingExpenses": -1.4901161193847656e-08, "costAndExpenses": -1.4901161193847656e-08, "interestIncome": 0, "interestExpense": 0, "depreciationAndAmortization": 18770530, "ebitda": 152070530, "ebitdaratio": 1.1408141806, "operatingIncome": 133299999, "operatingIncomeRatio": 1, "totalOtherIncomeExpensesNet": 0, "incomeBeforeTax": 0, "incomeBeforeTaxRatio": 0, "incomeTaxExpense": 120499999, "netIncome": 12800000, "netIncomeRatio": 0.096024006, "eps": 0.36, "epsdiluted": 0.36, "weightedAverageShsOut": 35555556, "weightedAverageShsOutDil": 35555556, "link": null, "finalLink": null, "calculatedOtherExpenses": 1, "calculatedOperatingExpenses": 1, "calculatedNetInterest": 0, "calculatedOtherIncome": -133299999, "calculatedIncomeNonControlling": -133299999, "calculatedEbitda": 152070529}, {"date": "1994-12-31", "symbol": "KGC", "reportedCurrency": "USD", "cik": "0000701818", "fillingDate": "1994-12-31", "acceptedDate": "1994-12-31 00:00:00", "calendarYear": "1994", "period": "FY", "revenue": 89600000, "costOfRevenue": 0, "grossProfit": 89600000, "grossProfitRatio": 1, "researchAndDevelopmentExpenses": 0, "generalAndAdministrativeExpenses": 0, "sellingAndMarketingExpenses": 0, "sellingGeneralAndAdministrativeExpenses": 0, "otherExpenses": 0, "operatingExpenses": 0, "costAndExpenses": 0, "interestIncome": 0, "interestExpense": 0, "depreciationAndAmortization": 8412827, "ebitda": 98012827, "ebitdaratio": 1.0938931632, "operatingIncome": 89600000, "operatingIncomeRatio": 1, "totalOtherIncomeExpensesNet": 0, "incomeBeforeTax": 0, "incomeBeforeTaxRatio": 0, "incomeTaxExpense": 72000000, "netIncome": 17600000, "netIncomeRatio": 0.1964285714, "eps": 0.58, "epsdiluted": 0.53, "weightedAverageShsOut": 30740741, "weightedAverageShsOutDil": 33200000, "link": null, "finalLink": null, "calculatedOtherExpenses": 0, "calculatedOperatingExpenses": 0, "calculatedNetInterest": 0, "calculatedOtherIncome": -89600000, "calculatedIncomeNonControlling": -89600000, "calculatedEbitda": 98012827}, {"date": "1993-12-31", "symbol": "KGC", "reportedCurrency": "USD", "cik": "0000701818", "fillingDate": "1993-12-31", "acceptedDate": "1993-12-31 00:00:00", "calendarYear": "1993", "period": "FY", "revenue": 33100000, "costOfRevenue": 0, "grossProfit": 33100000, "grossProfitRatio": 1, "researchAndDevelopmentExpenses": 0, "generalAndAdministrativeExpenses": 0, "sellingAndMarketingExpenses": 0, "sellingGeneralAndAdministrativeExpenses": 0, "otherExpenses": 0, "operatingExpenses": 0, "costAndExpenses": 0, "interestIncome": 0, "interestExpense": 0, "depreciationAndAmortization": 4229735, "ebitda": 37329735, "ebitdaratio": 1.127786557, "operatingIncome": 33100000, "operatingIncomeRatio": 1, "totalOtherIncomeExpensesNet": 0, "incomeBeforeTax": 0, "incomeBeforeTaxRatio": 0, "incomeTaxExpense": 28000000, "netIncome": 5100000, "netIncomeRatio": 0.1540785498, "eps": 0.27, "epsdiluted": 0.21, "weightedAverageShsOut": 18888889, "weightedAverageShsOutDil": 24285714, "link": null, "finalLink": null, "calculatedOtherExpenses": 0, "calculatedOperatingExpenses": 0, "calculatedNetInterest": 0, "calculatedOtherIncome": -33100000, "calculatedIncomeNonControlling": -33100000, "calculatedEbitda": 37329735}, {"date": "1992-12-31", "symbol": "KGC", "reportedCurrency": "USD", "cik": "0000701818", "fillingDate": "1992-12-31", "acceptedDate": "1992-12-31 00:00:00", "calendarYear": "1992", "period": "FY", "revenue": 9400000, "costOfRevenue": 0, "grossProfit": 9400000, "grossProfitRatio": 1, "researchAndDevelopmentExpenses": 0, "generalAndAdministrativeExpenses": 0, "sellingAndMarketingExpenses": 0, "sellingGeneralAndAdministrativeExpenses": 0, "otherExpenses": 0, "operatingExpenses": 0, "costAndExpenses": 0, "interestIncome": 0, "interestExpense": 0, "depreciationAndAmortization": 0, "ebitda": 9400000, "ebitdaratio": 1, "operatingIncome": 9400000, "operatingIncomeRatio": 1, "totalOtherIncomeExpensesNet": 0, "incomeBeforeTax": 0, "incomeBeforeTaxRatio": 0, "incomeTaxExpense": -2100000, "netIncome": 2100000, "netIncomeRatio": 0.2234042553, "eps": 0.51, "epsdiluted": 0.51, "weightedAverageShsOut": 4117647, "weightedAverageShsOutDil": 4117647, "link": null, "finalLink": null, "calculatedOtherExpenses": 0, "calculatedOperatingExpenses": 0, "calculatedNetInterest": 0, "calculatedOtherIncome": -9400000, "calculatedIncomeNonControlling": 0, "calculatedEbitda": 9400000}, {"date": "1991-12-31", "symbol": "KGC", "reportedCurrency": "USD", "cik": "0000701818", "fillingDate": "1991-12-31", "acceptedDate": "1991-12-31 00:00:00", "calendarYear": "1991", "period": "FY", "revenue": 8600000, "costOfRevenue": 0, "grossProfit": 8600000, "grossProfitRatio": 1, "researchAndDevelopmentExpenses": 0, "generalAndAdministrativeExpenses": 0, "sellingAndMarketingExpenses": 0, "sellingGeneralAndAdministrativeExpenses": 0, "otherExpenses": 0, "operatingExpenses": 0, "costAndExpenses": 0, "interestIncome": 0, "interestExpense": 0, "depreciationAndAmortization": 0, "ebitda": 8600000, "ebitdaratio": 1, "operatingIncome": 8600000, "operatingIncomeRatio": 1, "totalOtherIncomeExpensesNet": 0, "incomeBeforeTax": 0, "incomeBeforeTaxRatio": 0, "incomeTaxExpense": -300000, "netIncome": 300000, "netIncomeRatio": 0.0348837209, "eps": 0.09, "epsdiluted": 0.09, "weightedAverageShsOut": 3333333, "weightedAverageShsOutDil": 3333333, "link": null, "finalLink": null, "calculatedOtherExpenses": 0, "calculatedOperatingExpenses": 0, "calculatedNetInterest": 0, "calculatedOtherIncome": -8600000, "calculatedIncomeNonControlling": 0, "calculatedEbitda": 8600000}, {"date": "1990-12-31", "symbol": "KGC", "reportedCurrency": "USD", "cik": "0000701818", "fillingDate": "1990-12-31", "acceptedDate": "1990-12-31 00:00:00", "calendarYear": "1990", "period": "FY", "revenue": 3800000, "costOfRevenue": 0, "grossProfit": 3800000, "grossProfitRatio": 1, "researchAndDevelopmentExpenses": 0, "generalAndAdministrativeExpenses": 0, "sellingAndMarketingExpenses": 0, "sellingGeneralAndAdministrativeExpenses": 0, "otherExpenses": 0, "operatingExpenses": 0, "costAndExpenses": 0, "interestIncome": 0, "interestExpense": 0, "depreciationAndAmortization": 0, "ebitda": 3800000, "ebitdaratio": 1, "operatingIncome": 3800000, "operatingIncomeRatio": 1, "totalOtherIncomeExpensesNet": 0, "incomeBeforeTax": 0, "incomeBeforeTaxRatio": 0, "incomeTaxExpense": 800000, "netIncome": -800000, "netIncomeRatio": -0.2105263158, "eps": -0.21, "epsdiluted": -0.21, "weightedAverageShsOut": 3809524, "weightedAverageShsOutDil": 3809524, "link": null, "finalLink": null, "calculatedOtherExpenses": 0, "calculatedOperatingExpenses": 0, "calculatedNetInterest": 0, "calculatedOtherIncome": -3800000, "calculatedIncomeNonControlling": 0, "calculatedEbitda": 3800000}, {"date": "1989-12-31", "symbol": "KGC", "reportedCurrency": "USD", "cik": "0000701818", "fillingDate": "1989-06-30", "acceptedDate": "1989-06-30 00:00:00", "calendarYear": "1989", "period": "FY", "revenue": 500000, "costOfRevenue": 0, "grossProfit": 500000, "grossProfitRatio": 1, "researchAndDevelopmentExpenses": 0, "generalAndAdministrativeExpenses": 0, "sellingAndMarketingExpenses": 0, "sellingGeneralAndAdministrativeExpenses": 0, "otherExpenses": 0, "operatingExpenses": 0, "costAndExpenses": 0, "interestIncome": 0, "interestExpense": 0, "depreciationAndAmortization": 0, "ebitda": 500000, "ebitdaratio": 1, "operatingIncome": 500000, "operatingIncomeRatio": 1, "totalOtherIncomeExpensesNet": 0, "incomeBeforeTax": 0, "incomeBeforeTaxRatio": 0, "incomeTaxExpense": 600000, "netIncome": -600000, "netIncomeRatio": -1.2, "eps": -0.37, "epsdiluted": -0.37, "weightedAverageShsOut": 1600000, "weightedAverageShsOutDil": 1600000, "link": null, "finalLink": null, "calculatedOtherExpenses": 0, "calculatedOperatingExpenses": 0, "calculatedNetInterest": 0, "calculatedOtherIncome": -500000, "calculatedIncomeNonControlling": 0, "calculatedEbitda": 500000}, {"date": "1988-06-30", "symbol": "KGC", "reportedCurrency": "USD", "cik": "0000701818", "fillingDate": "1988-06-30", "acceptedDate": "1988-06-30 00:00:00", "calendarYear": "1988", "period": "FY", "revenue": 600000, "costOfRevenue": 0, "grossProfit": 600000, "grossProfitRatio": 1, "researchAndDevelopmentExpenses": 0, "generalAndAdministrativeExpenses": 0, "sellingAndMarketingExpenses": 0, "sellingGeneralAndAdministrativeExpenses": 0, "otherExpenses": 0, "operatingExpenses": 0, "costAndExpenses": 0, "interestIncome": 0, "interestExpense": 0, "depreciationAndAmortization": 0, "ebitda": 600000, "ebitdaratio": 1, "operatingIncome": 600000, "operatingIncomeRatio": 1, "totalOtherIncomeExpensesNet": 0, "incomeBeforeTax": 0, "incomeBeforeTaxRatio": 0, "incomeTaxExpense": 1300000, "netIncome": -700000, "netIncomeRatio": -1.1666666667, "eps": -0.51, "epsdiluted": -0.51, "weightedAverageShsOut": 1372549, "weightedAverageShsOutDil": 1372549, "link": null, "finalLink": null, "calculatedOtherExpenses": 0, "calculatedOperatingExpenses": 0, "calculatedNetInterest": 0, "calculatedOtherIncome": -600000, "calculatedIncomeNonControlling": -600000, "calculatedEbitda": 600000}, {"date": "1987-06-30", "symbol": "KGC", "reportedCurrency": "USD", "cik": "0000701818", "fillingDate": "1987-06-30", "acceptedDate": "1987-06-30 00:00:00", "calendarYear": "1987", "period": "FY", "revenue": 300000, "costOfRevenue": 0, "grossProfit": 300000, "grossProfitRatio": 1, "researchAndDevelopmentExpenses": 0, "generalAndAdministrativeExpenses": 0, "sellingAndMarketingExpenses": 0, "sellingGeneralAndAdministrativeExpenses": 0, "otherExpenses": 0, "operatingExpenses": 0, "costAndExpenses": 0, "interestIncome": 0, "interestExpense": 0, "depreciationAndAmortization": 0, "ebitda": 300000, "ebitdaratio": 1, "operatingIncome": 300000, "operatingIncomeRatio": 1, "totalOtherIncomeExpensesNet": 0, "incomeBeforeTax": 0, "incomeBeforeTaxRatio": 0, "incomeTaxExpense": 800000, "netIncome": -500000, "netIncomeRatio": -1.6666666667, "eps": -0.39, "epsdiluted": -0.39, "weightedAverageShsOut": 1282051, "weightedAverageShsOutDil": 1282051, "link": null, "finalLink": null, "calculatedOtherExpenses": 0, "calculatedOperatingExpenses": 0, "calculatedNetInterest": 0, "calculatedOtherIncome": -300000, "calculatedIncomeNonControlling": -300000, "calculatedEbitda": 300000}, {"date": "1986-06-30", "symbol": "KGC", "reportedCurrency": "USD", "cik": "0000701818", "fillingDate": "1986-06-30", "acceptedDate": "1986-06-30 00:00:00", "calendarYear": "1986", "period": "FY", "revenue": 700000, "costOfRevenue": 0, "grossProfit": 700000, "grossProfitRatio": 1, "researchAndDevelopmentExpenses": 0, "generalAndAdministrativeExpenses": 0, "sellingAndMarketingExpenses": 0, "sellingGeneralAndAdministrativeExpenses": 0, "otherExpenses": 0, "operatingExpenses": 0, "costAndExpenses": 0, "interestIncome": 0, "interestExpense": 0, "depreciationAndAmortization": 0, "ebitda": 700000, "ebitdaratio": 1, "operatingIncome": 700000, "operatingIncomeRatio": 1, "totalOtherIncomeExpensesNet": 0, "incomeBeforeTax": 0, "incomeBeforeTaxRatio": 0, "incomeTaxExpense": 1400000, "netIncome": -700000, "netIncomeRatio": -1, "eps": -0.54, "epsdiluted": -0.54, "weightedAverageShsOut": 1296296, "weightedAverageShsOutDil": 1296296, "link": null, "finalLink": null, "calculatedOtherExpenses": 0, "calculatedOperatingExpenses": 0, "calculatedNetInterest": 0, "calculatedOtherIncome": -700000, "calculatedIncomeNonControlling": -700000, "calculatedEbitda": 700000}]}