{"originalCurrency": "USD", "convertedCurrency": "USD", "report": [{"date": "2023-12-30", "symbol": "KHC", "reportedCurrency": "USD", "cik": "0001637459", "fillingDate": "2024-02-15", "acceptedDate": "2024-02-15 07:40:33", "calendarYear": "2023", "period": "FY", "revenue": 26640000000, "costOfRevenue": 17575000000, "grossProfit": 9065000000, "grossProfitRatio": 0.3402777778, "researchAndDevelopmentExpenses": 147000000, "generalAndAdministrativeExpenses": 67000000, "sellingAndMarketingExpenses": 3692000000, "sellingGeneralAndAdministrativeExpenses": 3542000000, "otherExpenses": 10000000, "operatingExpenses": 3689000000, "costAndExpenses": 21264000000, "interestIncome": 40000000, "interestExpense": 920000000, "depreciationAndAmortization": 961000000, "ebitda": 6337000000, "ebitdaratio": 0.2378753754, "operatingIncome": 5376000000, "operatingIncomeRatio": 0.2018018018, "totalOtherIncomeExpensesNet": -1743000000, "incomeBeforeTax": 3633000000, "incomeBeforeTaxRatio": 0.1363738739, "incomeTaxExpense": 787000000, "netIncome": 2855000000, "netIncomeRatio": 0.1071696697, "eps": 2.33, "epsdiluted": 2.31, "weightedAverageShsOut": 1227000000, "weightedAverageShsOutDil": 1235000000, "link": "https://www.sec.gov/Archives/edgar/data/1637459/000163745924000018/0001637459-24-000018-index.htm", "finalLink": "https://www.sec.gov/Archives/edgar/data/1637459/000163745924000018/khc-20231230.htm", "calculatedOtherExpenses": 0, "calculatedOperatingExpenses": 3689000000, "calculatedNetInterest": -880000000, "calculatedOtherIncome": -863000000, "calculatedIncomeNonControlling": -9000000, "calculatedEbitda": 6337000000}, {"date": "2022-12-31", "symbol": "KHC", "reportedCurrency": "USD", "cik": "0001637459", "fillingDate": "2023-02-16", "acceptedDate": "2023-02-16 07:50:46", "calendarYear": "2022", "period": "FY", "revenue": 26485000000, "costOfRevenue": 18363000000, "grossProfit": 8122000000, "grossProfitRatio": 0.3066641495, "researchAndDevelopmentExpenses": 127000000, "generalAndAdministrativeExpenses": -135000000, "sellingAndMarketingExpenses": 3575000000, "sellingGeneralAndAdministrativeExpenses": 3575000000, "otherExpenses": 253000000, "operatingExpenses": 3575000000, "costAndExpenses": 21938000000, "interestIncome": 27000000, "interestExpense": 921000000, "depreciationAndAmortization": 2099000000, "ebitda": 5733000000, "ebitdaratio": 0.2164621484, "operatingIncome": 3634000000, "operatingIncomeRatio": 0.1372097414, "totalOtherIncomeExpensesNet": -668000000, "incomeBeforeTax": 2966000000, "incomeBeforeTaxRatio": 0.1119879177, "incomeTaxExpense": 598000000, "netIncome": 2363000000, "netIncomeRatio": 0.0892203134, "eps": 1.93, "epsdiluted": 1.91, "weightedAverageShsOut": 1226000000, "weightedAverageShsOutDil": 1235000000, "link": "https://www.sec.gov/Archives/edgar/data/1637459/000163745923000009/0001637459-23-000009-index.htm", "finalLink": "https://www.sec.gov/Archives/edgar/data/1637459/000163745923000009/khc-20221231.htm", "calculatedOtherExpenses": 786000000, "calculatedOperatingExpenses": 4488000000, "calculatedNetInterest": -894000000, "calculatedOtherIncome": 226000000, "calculatedIncomeNonControlling": 5000000, "calculatedEbitda": 5733000000}, {"date": "2021-12-25", "symbol": "KHC", "reportedCurrency": "USD", "cik": "0001637459", "fillingDate": "2022-02-17", "acceptedDate": "2022-02-17 16:22:45", "calendarYear": "2021", "period": "FY", "revenue": 26042000000, "costOfRevenue": 17360000000, "grossProfit": 8682000000, "grossProfitRatio": 0.3333845327, "researchAndDevelopmentExpenses": 140000000, "generalAndAdministrativeExpenses": -214000000, "sellingAndMarketingExpenses": 3588000000, "sellingGeneralAndAdministrativeExpenses": 3588000000, "otherExpenses": 295000000, "operatingExpenses": 3588000000, "costAndExpenses": 20948000000, "interestIncome": 15000000, "interestExpense": 2047000000, "depreciationAndAmortization": 910000000, "ebitda": 6299000000, "ebitdaratio": 0.241878504, "operatingIncome": 5389000000, "operatingIncomeRatio": 0.2069349512, "totalOtherIncomeExpensesNet": -3681000000, "incomeBeforeTax": 1708000000, "incomeBeforeTaxRatio": 0.0655863605, "incomeTaxExpense": 684000000, "netIncome": 1012000000, "netIncomeRatio": 0.0388603026, "eps": 0.83, "epsdiluted": 0.82, "weightedAverageShsOut": 1224000000, "weightedAverageShsOutDil": 1236000000, "link": "https://www.sec.gov/Archives/edgar/data/1637459/000163745922000018/0001637459-22-000018-index.htm", "finalLink": "https://www.sec.gov/Archives/edgar/data/1637459/000163745922000018/khc-20211225.htm", "calculatedOtherExpenses": -435000000, "calculatedOperatingExpenses": 3293000000, "calculatedNetInterest": -2032000000, "calculatedOtherIncome": -1649000000, "calculatedIncomeNonControlling": 12000000, "calculatedEbitda": 6299000000}, {"date": "2020-12-26", "symbol": "KHC", "reportedCurrency": "USD", "cik": "0001637459", "fillingDate": "2021-02-17", "acceptedDate": "2021-02-17 07:32:36", "calendarYear": "2020", "period": "FY", "revenue": 26185000000, "costOfRevenue": 17008000000, "grossProfit": 9177000000, "grossProfitRatio": 0.3504678251, "researchAndDevelopmentExpenses": 119000000, "generalAndAdministrativeExpenses": 3650000000, "sellingAndMarketingExpenses": 3650000000, "sellingGeneralAndAdministrativeExpenses": 3650000000, "otherExpenses": 296000000, "operatingExpenses": 3650000000, "costAndExpenses": 20658000000, "interestIncome": 27000000, "interestExpense": 1394000000, "depreciationAndAmortization": 969000000, "ebitda": 6792000000, "ebitdaratio": 0.2593851442, "operatingIncome": 5823000000, "operatingIncomeRatio": 0.2223792247, "totalOtherIncomeExpensesNet": -4793000000, "incomeBeforeTax": 1030000000, "incomeBeforeTaxRatio": 0.0393354974, "incomeTaxExpense": 669000000, "netIncome": 356000000, "netIncomeRatio": 0.01359557, "eps": 0.29, "epsdiluted": 0.29, "weightedAverageShsOut": 1223000000, "weightedAverageShsOutDil": 1228000000, "link": "https://www.sec.gov/Archives/edgar/data/1637459/000163745921000009/0001637459-21-000009-index.htm", "finalLink": "https://www.sec.gov/Archives/edgar/data/1637459/000163745921000009/khc-20201226.htm", "calculatedOtherExpenses": -415000000, "calculatedOperatingExpenses": 3354000000, "calculatedNetInterest": -1367000000, "calculatedOtherIncome": -3426000000, "calculatedIncomeNonControlling": 5000000, "calculatedEbitda": 6792000000}, {"date": "2019-12-28", "symbol": "KHC", "reportedCurrency": "USD", "cik": "0001637459", "fillingDate": "2020-02-14", "acceptedDate": "2020-02-14 17:13:43", "calendarYear": "2019", "period": "FY", "revenue": 24977000000, "costOfRevenue": 16830000000, "grossProfit": 8147000000, "grossProfitRatio": 0.3261800857, "researchAndDevelopmentExpenses": 112000000, "generalAndAdministrativeExpenses": 3178000000, "sellingAndMarketingExpenses": 3178000000, "sellingGeneralAndAdministrativeExpenses": 3178000000, "otherExpenses": 952000000, "operatingExpenses": 3178000000, "costAndExpenses": 20008000000, "interestIncome": 36000000, "interestExpense": 1361000000, "depreciationAndAmortization": 994000000, "ebitda": 5921000000, "ebitdaratio": 0.2370580934, "operatingIncome": 4927000000, "operatingIncomeRatio": 0.1972614806, "totalOtherIncomeExpensesNet": -2266000000, "incomeBeforeTax": 2661000000, "incomeBeforeTaxRatio": 0.106538015, "incomeTaxExpense": 728000000, "netIncome": 1935000000, "netIncomeRatio": 0.0774712736, "eps": 1.58, "epsdiluted": 1.58, "weightedAverageShsOut": 1221000000, "weightedAverageShsOutDil": 1224000000, "link": "https://www.sec.gov/Archives/edgar/data/1637459/000163745920000027/0001637459-20-000027-index.htm", "finalLink": "https://www.sec.gov/Archives/edgar/data/1637459/000163745920000027/form10-k2019.htm", "calculatedOtherExpenses": -70000000, "calculatedOperatingExpenses": 3220000000, "calculatedNetInterest": -1325000000, "calculatedOtherIncome": -941000000, "calculatedIncomeNonControlling": -2000000, "calculatedEbitda": 5921000000}, {"date": "2018-12-29", "symbol": "KHC", "reportedCurrency": "USD", "cik": "0001637459", "fillingDate": "2019-06-07", "acceptedDate": "2019-06-07 17:07:36", "calendarYear": "2018", "period": "FY", "revenue": 26259000000, "costOfRevenue": 17309000000, "grossProfit": 8950000000, "grossProfitRatio": 0.3408355231, "researchAndDevelopmentExpenses": 0, "generalAndAdministrativeExpenses": 3204000000, "sellingAndMarketingExpenses": 3204000000, "sellingGeneralAndAdministrativeExpenses": 3204000000, "otherExpenses": 183000000, "operatingExpenses": 3204000000, "costAndExpenses": 20513000000, "interestIncome": 0, "interestExpense": 1288000000, "depreciationAndAmortization": 983000000, "ebitda": 5929000000, "ebitdaratio": 0.2257892532, "operatingIncome": 4946000000, "operatingIncomeRatio": 0.1883544689, "totalOtherIncomeExpensesNet": -16244000000, "incomeBeforeTax": -11298000000, "incomeBeforeTaxRatio": -0.4302524849, "incomeTaxExpense": -1006000000, "netIncome": -10292000000, "netIncomeRatio": -0.3919418104, "eps": -8.44, "epsdiluted": -8.44, "weightedAverageShsOut": 1219000000, "weightedAverageShsOutDil": 1219000000, "link": "https://www.sec.gov/Archives/edgar/data/1637459/000163745919000049/0001637459-19-000049-index.htm", "finalLink": "https://www.sec.gov/Archives/edgar/data/1637459/000163745919000049/form10-k2018.htm", "calculatedOtherExpenses": 800000000, "calculatedOperatingExpenses": 4004000000, "calculatedNetInterest": -1288000000, "calculatedOtherIncome": -14956000000, "calculatedIncomeNonControlling": 0, "calculatedEbitda": 5929000000}, {"date": "2017-12-30", "symbol": "KHC", "reportedCurrency": "USD", "cik": "0001637459", "fillingDate": "2018-02-16", "acceptedDate": "2018-02-16 12:39:26", "calendarYear": "2017", "period": "FY", "revenue": 26085000000, "costOfRevenue": 16948000000, "grossProfit": 9137000000, "grossProfitRatio": 0.3502779375, "researchAndDevelopmentExpenses": 0, "generalAndAdministrativeExpenses": 3000000000, "sellingAndMarketingExpenses": 3000000000, "sellingGeneralAndAdministrativeExpenses": 3000000000, "otherExpenses": 627000000, "operatingExpenses": 3000000000, "costAndExpenses": 19948000000, "interestIncome": 0, "interestExpense": 1234000000, "depreciationAndAmortization": 627000000, "ebitda": 6764000000, "ebitdaratio": 0.2593061146, "operatingIncome": 6137000000, "operatingIncomeRatio": 0.2352693119, "totalOtherIncomeExpensesNet": -607000000, "incomeBeforeTax": 5530000000, "incomeBeforeTaxRatio": 0.2119992333, "incomeTaxExpense": -5460000000, "netIncome": 10999000000, "netIncomeRatio": 0.4216599578, "eps": 9.03, "epsdiluted": 8.95, "weightedAverageShsOut": 1218050941, "weightedAverageShsOutDil": 1228938547, "link": "https://www.sec.gov/Archives/edgar/data/1637459/000163745918000015/0001637459-18-000015-index.htm", "finalLink": "https://www.sec.gov/Archives/edgar/data/1637459/000163745918000015/form10-k2017.htm", "calculatedOtherExpenses": 0, "calculatedOperatingExpenses": 3000000000, "calculatedNetInterest": -1234000000, "calculatedOtherIncome": 627000000, "calculatedIncomeNonControlling": -9000000, "calculatedEbitda": 6764000000}, {"date": "2016-12-31", "symbol": "KHC", "reportedCurrency": "USD", "cik": "0001637459", "fillingDate": "2017-02-23", "acceptedDate": "2017-02-23 13:32:18", "calendarYear": "2016", "period": "FY", "revenue": 26487000000, "costOfRevenue": 16901000000, "grossProfit": 9586000000, "grossProfitRatio": 0.3619133915, "researchAndDevelopmentExpenses": 0, "generalAndAdministrativeExpenses": 3444000000, "sellingAndMarketingExpenses": 3444000000, "sellingGeneralAndAdministrativeExpenses": 3444000000, "otherExpenses": 15000000, "operatingExpenses": 3444000000, "costAndExpenses": 20345000000, "interestIncome": 0, "interestExpense": 1134000000, "depreciationAndAmortization": 1337000000, "ebitda": 6157000000, "ebitdaratio": 0.2324536565, "operatingIncome": 4820000000, "operatingIncomeRatio": 0.1819760637, "totalOtherIncomeExpensesNet": 203000000, "incomeBeforeTax": 5023000000, "incomeBeforeTaxRatio": 0.1896402009, "incomeTaxExpense": 1381000000, "netIncome": 3632000000, "netIncomeRatio": 0.1371238721, "eps": 2.84, "epsdiluted": 2.81, "weightedAverageShsOut": 1217000000, "weightedAverageShsOutDil": 1226000000, "link": "https://www.sec.gov/Archives/edgar/data/1637459/000163745917000007/0001637459-17-000007-index.htm", "finalLink": "https://www.sec.gov/Archives/edgar/data/1637459/000163745917000007/khc201610k.htm", "calculatedOtherExpenses": 1322000000, "calculatedOperatingExpenses": 4766000000, "calculatedNetInterest": -1134000000, "calculatedOtherIncome": 1337000000, "calculatedIncomeNonControlling": 10000000, "calculatedEbitda": 6157000000}, {"date": "2015-12-31", "symbol": "KHC", "reportedCurrency": "USD", "cik": "0001637459", "fillingDate": "2016-03-03", "acceptedDate": "2016-03-03 12:53:54", "calendarYear": "2015", "period": "FY", "revenue": 18338000000, "costOfRevenue": 12577000000, "grossProfit": 5761000000, "grossProfitRatio": 0.3141563966, "researchAndDevelopmentExpenses": 0, "generalAndAdministrativeExpenses": 3122000000, "sellingAndMarketingExpenses": 3122000000, "sellingGeneralAndAdministrativeExpenses": 3122000000, "otherExpenses": -305000000, "operatingExpenses": 3122000000, "costAndExpenses": 15699000000, "interestIncome": 0, "interestExpense": 1321000000, "depreciationAndAmortization": 740000000, "ebitda": 2334000000, "ebitdaratio": 0.1272766932, "operatingIncome": 1594000000, "operatingIncomeRatio": 0.0869233286, "totalOtherIncomeExpensesNet": -581000000, "incomeBeforeTax": 1013000000, "incomeBeforeTaxRatio": 0.0552404842, "incomeTaxExpense": 366000000, "netIncome": 634000000, "netIncomeRatio": 0.0345730178, "eps": -0.34, "epsdiluted": -0.34, "weightedAverageShsOut": 782352941, "weightedAverageShsOutDil": 786000000, "link": "https://www.sec.gov/Archives/edgar/data/1637459/000163745916000100/0001637459-16-000100-index.htm", "finalLink": "https://www.sec.gov/Archives/edgar/data/1637459/000163745916000100/khc10k1316.htm", "calculatedOtherExpenses": 1045000000, "calculatedOperatingExpenses": 4167000000, "calculatedNetInterest": -1321000000, "calculatedOtherIncome": 740000000, "calculatedIncomeNonControlling": 13000000, "calculatedEbitda": 2334000000}, {"date": "2014-12-31", "symbol": "KHC", "reportedCurrency": "USD", "cik": "0001637459", "fillingDate": "2014-12-31", "acceptedDate": "2014-12-31 00:00:00", "calendarYear": "2014", "period": "FY", "revenue": 18205000000, "costOfRevenue": 13360000000, "grossProfit": 4845000000, "grossProfitRatio": 0.266135677, "researchAndDevelopmentExpenses": 0, "generalAndAdministrativeExpenses": 2956000000, "sellingAndMarketingExpenses": 2956000000, "sellingGeneralAndAdministrativeExpenses": 2956000000, "otherExpenses": 0, "operatingExpenses": 2956000000, "costAndExpenses": 16316000000, "interestIncome": 0, "interestExpense": 484000000, "depreciationAndAmortization": 384000000, "ebitda": 2274000000, "ebitdaratio": 0.1249107388, "operatingIncome": 1890000000, "operatingIncomeRatio": 0.1038176325, "totalOtherIncomeExpensesNet": -484000000, "incomeBeforeTax": 1406000000, "incomeBeforeTaxRatio": 0.0772315298, "incomeTaxExpense": 363000000, "netIncome": 1043000000, "netIncomeRatio": 0.0572919528, "eps": 1.75, "epsdiluted": 1.74, "weightedAverageShsOut": 593000000, "weightedAverageShsOutDil": 598000000, "link": null, "finalLink": null, "calculatedOtherExpenses": -1000000, "calculatedOperatingExpenses": 2955000000, "calculatedNetInterest": -484000000, "calculatedOtherIncome": 0, "calculatedIncomeNonControlling": 0, "calculatedEbitda": 2274000000}, {"date": "2013-12-31", "symbol": "KHC", "reportedCurrency": "USD", "cik": "0001637459", "fillingDate": "2013-12-31", "acceptedDate": "2013-12-31 00:00:00", "calendarYear": "2013", "period": "FY", "revenue": 18218000000, "costOfRevenue": 11395000000, "grossProfit": 6823000000, "grossProfitRatio": 0.3745197058, "researchAndDevelopmentExpenses": 0, "generalAndAdministrativeExpenses": 2124000000, "sellingAndMarketingExpenses": 2124000000, "sellingGeneralAndAdministrativeExpenses": 2124000000, "otherExpenses": -22000000, "operatingExpenses": 2124000000, "costAndExpenses": 13519000000, "interestIncome": 0, "interestExpense": 501000000, "depreciationAndAmortization": 108000000, "ebitda": 4699000000, "ebitdaratio": 0.2579317159, "operatingIncome": 4591000000, "operatingIncomeRatio": 0.252003513, "totalOtherIncomeExpensesNet": -501000000, "incomeBeforeTax": 4090000000, "incomeBeforeTaxRatio": 0.2245032386, "incomeTaxExpense": 1375000000, "netIncome": 2715000000, "netIncomeRatio": 0.1490284334, "eps": 4.55, "epsdiluted": 4.51, "weightedAverageShsOut": 594000000, "weightedAverageShsOutDil": 599000000, "link": null, "finalLink": null, "calculatedOtherExpenses": 108000000, "calculatedOperatingExpenses": 2232000000, "calculatedNetInterest": -501000000, "calculatedOtherIncome": 0, "calculatedIncomeNonControlling": 0, "calculatedEbitda": 4699000000}, {"date": "2012-12-31", "symbol": "KHC", "reportedCurrency": "USD", "cik": "0001637459", "fillingDate": "2012-12-31", "acceptedDate": "2012-12-31 00:00:00", "calendarYear": "2012", "period": "FY", "revenue": 18339000000, "costOfRevenue": 12499000000, "grossProfit": 5840000000, "grossProfitRatio": 0.3184470255, "researchAndDevelopmentExpenses": 0, "generalAndAdministrativeExpenses": 3029000000, "sellingAndMarketingExpenses": 0, "sellingGeneralAndAdministrativeExpenses": 3029000000, "otherExpenses": 21000000, "operatingExpenses": 3029000000, "costAndExpenses": 15528000000, "interestIncome": 0, "interestExpense": 258000000, "depreciationAndAmortization": 41000000, "ebitda": 2711000000, "ebitdaratio": 0.1478270353, "operatingIncome": 2670000000, "operatingIncomeRatio": 0.1455913627, "totalOtherIncomeExpensesNet": -217000000, "incomeBeforeTax": 2453000000, "incomeBeforeTaxRatio": 0.1337586564, "incomeTaxExpense": 811000000, "netIncome": 1642000000, "netIncomeRatio": 0.0895359616, "eps": 2.77, "epsdiluted": 2.75, "weightedAverageShsOut": 593000000, "weightedAverageShsOutDil": 598000000, "link": null, "finalLink": null, "calculatedOtherExpenses": 141000000, "calculatedOperatingExpenses": 3170000000, "calculatedNetInterest": -258000000, "calculatedOtherIncome": 41000000, "calculatedIncomeNonControlling": 0, "calculatedEbitda": 2711000000}, {"date": "2011-12-31", "symbol": "KHC", "reportedCurrency": "USD", "cik": "0001637459", "fillingDate": "2011-12-31", "acceptedDate": "2011-12-31 00:00:00", "calendarYear": "2011", "period": "FY", "revenue": 18655000000, "costOfRevenue": 12761000000, "grossProfit": 5894000000, "grossProfitRatio": 0.3159474672, "researchAndDevelopmentExpenses": 0, "generalAndAdministrativeExpenses": 0, "sellingAndMarketingExpenses": 0, "sellingGeneralAndAdministrativeExpenses": 2973000000, "otherExpenses": -2000000, "operatingExpenses": 2971000000, "costAndExpenses": 15732000000, "interestIncome": 0, "interestExpense": 4000000, "depreciationAndAmortization": 364000000, "ebitda": 3287000000, "ebitdaratio": 0.1761994103, "operatingIncome": 2923000000, "operatingIncomeRatio": 0.1566872152, "totalOtherIncomeExpensesNet": 46000000, "incomeBeforeTax": 2969000000, "incomeBeforeTaxRatio": 0.1591530421, "incomeTaxExpense": 1130000000, "netIncome": 1839000000, "netIncomeRatio": 0.0985794693, "eps": 3, "epsdiluted": 3, "weightedAverageShsOut": 591000000, "weightedAverageShsOutDil": 591000000, "link": null, "finalLink": null, "calculatedOtherExpenses": -2000000, "calculatedOperatingExpenses": 2971000000, "calculatedNetInterest": -4000000, "calculatedOtherIncome": 50000000, "calculatedIncomeNonControlling": 0, "calculatedEbitda": 3287000000}, {"date": "2010-12-31", "symbol": "KHC", "reportedCurrency": "USD", "cik": "0001637459", "fillingDate": "2010-12-31", "acceptedDate": "2010-12-31 00:00:00", "calendarYear": "2010", "period": "FY", "revenue": 17797000000, "costOfRevenue": 11777000000, "grossProfit": 6020000000, "grossProfitRatio": 0.3382592572, "researchAndDevelopmentExpenses": 0, "generalAndAdministrativeExpenses": 3063000000, "sellingAndMarketingExpenses": 0, "sellingGeneralAndAdministrativeExpenses": 3063000000, "otherExpenses": 40000000, "operatingExpenses": 3063000000, "costAndExpenses": 14840000000, "interestIncome": 0, "interestExpense": 3000000, "depreciationAndAmortization": 386000000, "ebitda": 3351000000, "ebitdaratio": 0.1882901613, "operatingIncome": 2965000000, "operatingIncomeRatio": 0.1666011125, "totalOtherIncomeExpensesNet": 37000000, "incomeBeforeTax": 3002000000, "incomeBeforeTaxRatio": 0.1686801146, "incomeTaxExpense": 1112000000, "netIncome": 1890000000, "netIncomeRatio": 0.1061976738, "eps": 3.2, "epsdiluted": 3.2, "weightedAverageShsOut": 591000000, "weightedAverageShsOutDil": 591000000, "link": null, "finalLink": null, "calculatedOtherExpenses": -8000000, "calculatedOperatingExpenses": 3055000000, "calculatedNetInterest": -3000000, "calculatedOtherIncome": 40000000, "calculatedIncomeNonControlling": 0, "calculatedEbitda": 3351000000}]}