{"originalCurrency": "USD", "convertedCurrency": "USD", "report": [{"date": "2023-12-31", "symbol": "KIM", "reportedCurrency": "USD", "cik": "0000879101", "fillingDate": "2024-02-26", "acceptedDate": "2024-02-23 17:56:43", "calendarYear": "2023", "period": "FY", "revenue": 1783400000, "costOfRevenue": 1063983000, "grossProfit": 719417000, "grossProfitRatio": 0.4033963216, "researchAndDevelopmentExpenses": 4500000, "generalAndAdministrativeExpenses": 136807000, "sellingAndMarketingExpenses": 0, "sellingGeneralAndAdministrativeExpenses": 136807000, "otherExpenses": -136807000, "operatingExpenses": 136807000, "costAndExpenses": 1200790000, "interestIncome": 0, "interestExpense": 250201000, "depreciationAndAmortization": 507265000, "ebitda": 1089875000, "ebitdaratio": 0.6111220141, "operatingIncome": 582610000, "operatingIncomeRatio": 0.3266849837, "totalOtherIncomeExpensesNet": 61304000, "incomeBeforeTax": 643914000, "incomeBeforeTaxRatio": 0.3610597735, "incomeTaxExpense": 60952000, "netIncome": 654273000, "netIncomeRatio": 0.3668683414, "eps": 1.02, "epsdiluted": 1.02, "weightedAverageShsOut": 616947000, "weightedAverageShsOutDil": 618199000, "link": "https://www.sec.gov/Archives/edgar/data/879101/000143774924005407/0001437749-24-005407-index.htm", "finalLink": "https://www.sec.gov/Archives/edgar/data/879101/000143774924005407/kim20231231_10k.htm", "calculatedOtherExpenses": -4500000, "calculatedOperatingExpenses": 136807000, "calculatedNetInterest": -250201000, "calculatedOtherIncome": 311505000, "calculatedIncomeNonControlling": -71311000, "calculatedEbitda": 1089875000}, {"date": "2022-12-31", "symbol": "KIM", "reportedCurrency": "USD", "cik": "0000879101", "fillingDate": "2023-02-24", "acceptedDate": "2023-02-24 16:19:21", "calendarYear": "2022", "period": "FY", "revenue": 1727684000, "costOfRevenue": 530907000, "grossProfit": 1196777000, "grossProfitRatio": 0.6927059578, "researchAndDevelopmentExpenses": 3500000, "generalAndAdministrativeExpenses": 119534000, "sellingAndMarketingExpenses": 0, "sellingGeneralAndAdministrativeExpenses": 119534000, "otherExpenses": 505000000, "operatingExpenses": 624534000, "costAndExpenses": 1155441000, "interestIncome": 208821000, "interestExpense": 226823000, "depreciationAndAmortization": 540608000, "ebitda": 1106072000, "ebitdaratio": 0.6402050375, "operatingIncome": 565464000, "operatingIncomeRatio": 0.3272959638, "totalOtherIncomeExpensesNet": -521160000, "incomeBeforeTax": 44304000, "incomeBeforeTaxRatio": 0.0256435783, "incomeTaxExpense": 56654000, "netIncome": -12350000, "netIncomeRatio": -0.007148298, "eps": -0.0201, "epsdiluted": -0.02, "weightedAverageShsOut": 615528000, "weightedAverageShsOutDil": 617858000, "link": "https://www.sec.gov/Archives/edgar/data/879101/000143774923004541/0001437749-23-004541-index.htm", "finalLink": "https://www.sec.gov/Archives/edgar/data/879101/000143774923004541/kim20221231_10k.htm", "calculatedOtherExpenses": 508279000, "calculatedOperatingExpenses": 631313000, "calculatedNetInterest": -18002000, "calculatedOtherIncome": -503158000, "calculatedIncomeNonControlling": 0, "calculatedEbitda": 1106072000}, {"date": "2021-12-31", "symbol": "KIM", "reportedCurrency": "USD", "cik": "0000879101", "fillingDate": "2022-03-01", "acceptedDate": "2022-02-28 18:39:36", "calendarYear": "2021", "period": "FY", "revenue": 1364585000, "costOfRevenue": 417911000, "grossProfit": 946674000, "grossProfitRatio": 0.6937449847, "researchAndDevelopmentExpenses": 3100000, "generalAndAdministrativeExpenses": 104121000, "sellingAndMarketingExpenses": 0, "sellingGeneralAndAdministrativeExpenses": 104121000, "otherExpenses": 395320000, "operatingExpenses": 499441000, "costAndExpenses": 917352000, "interestIncome": 187175000, "interestExpense": 204133000, "depreciationAndAmortization": 438077000, "ebitda": 862363000, "ebitdaratio": 0.6319598999, "operatingIncome": 424286000, "operatingIncomeRatio": 0.3109267653, "totalOtherIncomeExpensesNet": 320840000, "incomeBeforeTax": 745126000, "incomeBeforeTaxRatio": 0.5460458674, "incomeTaxExpense": 3380000, "netIncome": 844059000, "netIncomeRatio": 0.618546298, "eps": 1.61, "epsdiluted": 1.6, "weightedAverageShsOut": 506248000, "weightedAverageShsOutDil": 511385000, "link": "https://www.sec.gov/Archives/edgar/data/879101/000143774922004700/0001437749-22-004700-index.htm", "finalLink": "https://www.sec.gov/Archives/edgar/data/879101/000143774922004700/kim20211231_10k.htm", "calculatedOtherExpenses": 415167000, "calculatedOperatingExpenses": 522388000, "calculatedNetInterest": -16958000, "calculatedOtherIncome": 337798000, "calculatedIncomeNonControlling": -102313000, "calculatedEbitda": 862363000}, {"date": "2020-12-31", "symbol": "KIM", "reportedCurrency": "USD", "cik": "0000879101", "fillingDate": "2021-02-23", "acceptedDate": "2021-02-23 15:39:04", "calendarYear": "2020", "period": "FY", "revenue": 1057893000, "costOfRevenue": 342969000, "grossProfit": 714924000, "grossProfitRatio": 0.6757999155, "researchAndDevelopmentExpenses": 3200000, "generalAndAdministrativeExpenses": 93217000, "sellingAndMarketingExpenses": 0, "sellingGeneralAndAdministrativeExpenses": 93217000, "otherExpenses": 288955000, "operatingExpenses": 382172000, "costAndExpenses": 725141000, "interestIncome": 182808000, "interestExpense": 186904000, "depreciationAndAmortization": 293214000, "ebitda": 625826000, "ebitdaratio": 0.5915777872, "operatingIncome": 332612000, "operatingIncomeRatio": 0.3144098694, "totalOtherIncomeExpensesNet": 595262000, "incomeBeforeTax": 927874000, "incomeBeforeTaxRatio": 0.8770962659, "incomeTaxExpense": 978000, "netIncome": 1000833000, "netIncomeRatio": 0.946062598, "eps": 2.26, "epsdiluted": 2.25, "weightedAverageShsOut": 429950000, "weightedAverageShsOutDil": 431633000, "link": "https://www.sec.gov/Archives/edgar/data/879101/000143774921003766/0001437749-21-003766-index.htm", "finalLink": "https://www.sec.gov/Archives/edgar/data/879101/000143774921003766/kim20201231_10k.htm", "calculatedOtherExpenses": 285895000, "calculatedOperatingExpenses": 382312000, "calculatedNetInterest": -4096000, "calculatedOtherIncome": 599358000, "calculatedIncomeNonControlling": -73937000, "calculatedEbitda": 625826000}, {"date": "2019-12-31", "symbol": "KIM", "reportedCurrency": "USD", "cik": "0000879101", "fillingDate": "2020-02-25", "acceptedDate": "2020-02-25 16:21:29", "calendarYear": "2019", "period": "FY", "revenue": 1158884000, "costOfRevenue": 336951000, "grossProfit": 821933000, "grossProfitRatio": 0.7092452739, "researchAndDevelopmentExpenses": 1700000, "generalAndAdministrativeExpenses": 96942000, "sellingAndMarketingExpenses": 0, "sellingGeneralAndAdministrativeExpenses": 96942000, "otherExpenses": 277879000, "operatingExpenses": 374821000, "costAndExpenses": 711772000, "interestIncome": 312006000, "interestExpense": 177395000, "depreciationAndAmortization": 259218000, "ebitda": 736805000, "ebitdaratio": 0.6357883964, "operatingIncome": 477587000, "operatingIncomeRatio": 0.4121094087, "totalOtherIncomeExpensesNet": -165581000, "incomeBeforeTax": 312006000, "incomeBeforeTaxRatio": 0.2692297072, "incomeTaxExpense": -3317000, "netIncome": 315323000, "netIncomeRatio": 0.2720919436, "eps": 0.75, "epsdiluted": 0.75, "weightedAverageShsOut": 420370000, "weightedAverageShsOutDil": 421799000, "link": "https://www.sec.gov/Archives/edgar/data/879101/000143774920003500/0001437749-20-003500-index.htm", "finalLink": "https://www.sec.gov/Archives/edgar/data/879101/000143774920003500/kim20191231_10k.htm", "calculatedOtherExpenses": 245704000, "calculatedOperatingExpenses": 344346000, "calculatedNetInterest": 134611000, "calculatedOtherIncome": -300192000, "calculatedIncomeNonControlling": 0, "calculatedEbitda": 736805000}, {"date": "2018-12-31", "symbol": "KIM", "reportedCurrency": "USD", "cik": "0000879101", "fillingDate": "2019-02-15", "acceptedDate": "2019-02-15 15:48:43", "calendarYear": "2018", "period": "FY", "revenue": 1164762000, "costOfRevenue": 328559000, "grossProfit": 836203000, "grossProfitRatio": 0.7179174801, "researchAndDevelopmentExpenses": 5300000, "generalAndAdministrativeExpenses": 87797000, "sellingAndMarketingExpenses": 0, "sellingGeneralAndAdministrativeExpenses": 87797000, "otherExpenses": 13041000, "operatingExpenses": 404430000, "costAndExpenses": 732989000, "interestIncome": 399346000, "interestExpense": 183339000, "depreciationAndAmortization": 310380000, "ebitda": 755194000, "ebitdaratio": 0.6483676494, "operatingIncome": 582406000, "operatingIncomeRatio": 0.5000214636, "totalOtherIncomeExpensesNet": 150912000, "incomeBeforeTax": 399346000, "incomeBeforeTaxRatio": 0.3428563088, "incomeTaxExpense": 1600000, "netIncome": 497795000, "netIncomeRatio": 0.4273791556, "eps": 1.18, "epsdiluted": 1.18, "weightedAverageShsOut": 420641000, "weightedAverageShsOutDil": 421379000, "link": "https://www.sec.gov/Archives/edgar/data/879101/000143774919002746/0001437749-19-002746-index.htm", "finalLink": "https://www.sec.gov/Archives/edgar/data/879101/000143774919002746/kim20181231_10k.htm", "calculatedOtherExpenses": 160700000, "calculatedOperatingExpenses": 253797000, "calculatedNetInterest": 216007000, "calculatedOtherIncome": -399067000, "calculatedIncomeNonControlling": -100049000, "calculatedEbitda": 892786000}, {"date": "2017-12-31", "symbol": "KIM", "reportedCurrency": "USD", "cik": "0000879101", "fillingDate": "2018-02-23", "acceptedDate": "2018-02-23 16:28:35", "calendarYear": "2017", "period": "FY", "revenue": 1200834000, "costOfRevenue": 311128000, "grossProfit": 889706000, "grossProfitRatio": 0.7409067365, "researchAndDevelopmentExpenses": 4600000, "generalAndAdministrativeExpenses": 118455000, "sellingAndMarketingExpenses": 0, "sellingGeneralAndAdministrativeExpenses": 118455000, "otherExpenses": 2559000, "operatingExpenses": 484896000, "costAndExpenses": 796024000, "interestIncome": 2809000, "interestExpense": 191956000, "depreciationAndAmortization": 360811000, "ebitda": 768180000, "ebitdaratio": 0.6397054047, "operatingIncome": 337479000, "operatingIncomeRatio": 0.2810371792, "totalOtherIncomeExpensesNet": -66525000, "incomeBeforeTax": 146329000, "incomeBeforeTaxRatio": 0.1218561433, "incomeTaxExpense": -880000, "netIncome": 426075000, "netIncomeRatio": 0.3548159029, "eps": 0.87, "epsdiluted": 0.87, "weightedAverageShsOut": 423614000, "weightedAverageShsOutDil": 424019000, "link": "https://www.sec.gov/Archives/edgar/data/879101/000143774918003230/0001437749-18-003230-index.htm", "finalLink": "https://www.sec.gov/Archives/edgar/data/879101/000143774918003230/kim20171231_10k.htm", "calculatedOtherExpenses": 429172000, "calculatedOperatingExpenses": 552227000, "calculatedNetInterest": -189147000, "calculatedOtherIncome": -2003000, "calculatedIncomeNonControlling": -278866000, "calculatedEbitda": 698290000}, {"date": "2016-12-31", "symbol": "KIM", "reportedCurrency": "USD", "cik": "0000879101", "fillingDate": "2017-02-27", "acceptedDate": "2017-02-24 20:16:56", "calendarYear": "2016", "period": "FY", "revenue": 1170792000, "costOfRevenue": 298518000, "grossProfit": 872274000, "grossProfitRatio": 0.745029006, "researchAndDevelopmentExpenses": 8000000, "generalAndAdministrativeExpenses": 117302000, "sellingAndMarketingExpenses": 0, "sellingGeneralAndAdministrativeExpenses": 117302000, "otherExpenses": 2313000, "operatingExpenses": 478185000, "costAndExpenses": 776703000, "interestIncome": 1478000, "interestExpense": 192549000, "depreciationAndAmortization": 355320000, "ebitda": 754834000, "ebitdaratio": 0.6447208385, "operatingIncome": 300823000, "operatingIncomeRatio": 0.2569397468, "totalOtherIncomeExpensesNet": -136627000, "incomeBeforeTax": 68025000, "incomeBeforeTaxRatio": 0.0581016953, "incomeTaxExpense": 72545000, "netIncome": 378850000, "netIncomeRatio": 0.3235843771, "eps": 0.79, "epsdiluted": 0.79, "weightedAverageShsOut": 418402000, "weightedAverageShsOutDil": 419709000, "link": "https://www.sec.gov/Archives/edgar/data/879101/000143774917003269/0001437749-17-003269-index.htm", "finalLink": "https://www.sec.gov/Archives/edgar/data/879101/000143774917003269/kim20161231_10k.htm", "calculatedOtherExpenses": 446149000, "calculatedOperatingExpenses": 571451000, "calculatedNetInterest": -191071000, "calculatedOtherIncome": -41727000, "calculatedIncomeNonControlling": -383370000, "calculatedEbitda": 656143000}, {"date": "2015-12-31", "symbol": "KIM", "reportedCurrency": "USD", "cik": "0000879101", "fillingDate": "2016-02-26", "acceptedDate": "2016-02-26 16:52:36", "calendarYear": "2015", "period": "FY", "revenue": 1166769000, "costOfRevenue": 304477000, "grossProfit": 862292000, "grossProfitRatio": 0.739042604, "researchAndDevelopmentExpenses": 10700000, "generalAndAdministrativeExpenses": 122735000, "sellingAndMarketingExpenses": 0, "sellingGeneralAndAdministrativeExpenses": 122735000, "otherExpenses": 2234000, "operatingExpenses": 473337000, "costAndExpenses": 777814000, "interestIncome": 39061000, "interestExpense": 218891000, "depreciationAndAmortization": 344527000, "ebitda": 777717000, "ebitdaratio": 0.6665561049, "operatingIncome": 343572000, "operatingIncomeRatio": 0.294464457, "totalOtherIncomeExpensesNet": -43149000, "incomeBeforeTax": 168916000, "incomeBeforeTaxRatio": 0.1447724442, "incomeTaxExpense": 60230000, "netIncome": 894115000, "netIncomeRatio": 0.7663170688, "eps": 2.01, "epsdiluted": 2, "weightedAverageShsOut": 411319000, "weightedAverageShsOutDil": 412851000, "link": "https://www.sec.gov/Archives/edgar/data/879101/000143774916026173/0001437749-16-026173-index.htm", "finalLink": "https://www.sec.gov/Archives/edgar/data/879101/000143774916026173/kim20151231_10k.htm", "calculatedOtherExpenses": 385285000, "calculatedOperatingExpenses": 518720000, "calculatedNetInterest": -179830000, "calculatedOtherIncome": 5174000, "calculatedIncomeNonControlling": -785429000, "calculatedEbitda": 688099000}, {"date": "2014-12-31", "symbol": "KIM", "reportedCurrency": "USD", "cik": "0000879101", "fillingDate": "2015-02-27", "acceptedDate": "2015-02-27 17:04:31", "calendarYear": "2014", "period": "FY", "revenue": 993897000, "costOfRevenue": 258617000, "grossProfit": 735280000, "grossProfitRatio": 0.7397949687, "researchAndDevelopmentExpenses": 9200000, "generalAndAdministrativeExpenses": 122201000, "sellingAndMarketingExpenses": 0, "sellingGeneralAndAdministrativeExpenses": 122201000, "otherExpenses": -8544000, "operatingExpenses": 385157000, "costAndExpenses": 643774000, "interestIncome": 966000, "interestExpense": 203759000, "depreciationAndAmortization": 258074000, "ebitda": 603748000, "ebitdaratio": 0.6074552997, "operatingIncome": 310315000, "operatingIncomeRatio": 0.3122204816, "totalOtherIncomeExpensesNet": -48352000, "incomeBeforeTax": 102107000, "incomeBeforeTaxRatio": 0.1027339855, "incomeTaxExpense": 22438000, "netIncome": 424001000, "netIncomeRatio": 0.4266045677, "eps": 0.89, "epsdiluted": 0.89, "weightedAverageShsOut": 409088000, "weightedAverageShsOutDil": 411038000, "link": "https://www.sec.gov/Archives/edgar/data/879101/000139843215000073/0001398432-15-000073-index.htm", "finalLink": "https://www.sec.gov/Archives/edgar/data/879101/000139843215000073/kim20141231_10k.htm", "calculatedOtherExpenses": 293564000, "calculatedOperatingExpenses": 424965000, "calculatedNetInterest": -202793000, "calculatedOtherIncome": -5415000, "calculatedIncomeNonControlling": -344332000, "calculatedEbitda": 568389000}, {"date": "2013-12-31", "symbol": "KIM", "reportedCurrency": "USD", "cik": "0000879101", "fillingDate": "2014-02-26", "acceptedDate": "2014-02-26 16:23:59", "calendarYear": "2013", "period": "FY", "revenue": 946673000, "costOfRevenue": 246061000, "grossProfit": 700612000, "grossProfitRatio": 0.7400781474, "researchAndDevelopmentExpenses": 7600000, "generalAndAdministrativeExpenses": 127913000, "sellingAndMarketingExpenses": 0, "sellingGeneralAndAdministrativeExpenses": 127913000, "otherExpenses": -533000, "operatingExpenses": 383706000, "costAndExpenses": 629767000, "interestIncome": 16999000, "interestExpense": 213911000, "depreciationAndAmortization": 247537000, "ebitda": 587519000, "ebitdaratio": 0.62061451, "operatingIncome": 225502000, "operatingIncomeRatio": 0.2382047444, "totalOtherIncomeExpensesNet": -89631000, "incomeBeforeTax": 34667000, "incomeBeforeTaxRatio": 0.0366198254, "incomeTaxExpense": 34520000, "netIncome": 236281000, "netIncomeRatio": 0.2495909358, "eps": 0.43, "epsdiluted": 0.43, "weightedAverageShsOut": 407631000, "weightedAverageShsOutDil": 408614000, "link": "https://www.sec.gov/Archives/edgar/data/879101/000139843214000081/0001398432-14-000081-index.htm", "finalLink": "https://www.sec.gov/Archives/edgar/data/879101/000139843214000081/kim20131231_10k.htm", "calculatedOtherExpenses": 339597000, "calculatedOperatingExpenses": 475110000, "calculatedNetInterest": -196912000, "calculatedOtherIncome": 6077000, "calculatedIncomeNonControlling": -236134000, "calculatedEbitda": 473039000}, {"date": "2012-12-31", "symbol": "KIM", "reportedCurrency": "USD", "cik": "0000879101", "fillingDate": "2013-02-27", "acceptedDate": "2013-02-27 14:21:58", "calendarYear": "2012", "period": "FY", "revenue": 922304000, "costOfRevenue": 246830000, "grossProfit": 675474000, "grossProfitRatio": 0.7323767435, "researchAndDevelopmentExpenses": 5500000, "generalAndAdministrativeExpenses": 124480000, "sellingAndMarketingExpenses": 0, "sellingGeneralAndAdministrativeExpenses": 124480000, "otherExpenses": -7971000, "operatingExpenses": 380853000, "costAndExpenses": 627683000, "interestIncome": 2170000, "interestExpense": 227595000, "depreciationAndAmortization": 249493000, "ebitda": 548268000, "ebitdaratio": 0.5944547568, "operatingIncome": 257510000, "operatingIncomeRatio": 0.2792029526, "totalOtherIncomeExpensesNet": -42631000, "incomeBeforeTax": 34069000, "incomeBeforeTaxRatio": 0.0369390136, "incomeTaxExpense": 3939000, "netIncome": 266073000, "netIncomeRatio": 0.28848731, "eps": 0.42, "epsdiluted": 0.42, "weightedAverageShsOut": 405997000, "weightedAverageShsOutDil": 406689000, "link": "https://www.sec.gov/Archives/edgar/data/879101/000139843213000115/0001398432-13-000115-index.htm", "finalLink": "https://www.sec.gov/Archives/edgar/data/879101/000139843213000115/kimco_10k-123112.htm", "calculatedOtherExpenses": 287984000, "calculatedOperatingExpenses": 417964000, "calculatedNetInterest": -225425000, "calculatedOtherIncome": 1984000, "calculatedIncomeNonControlling": -235943000, "calculatedEbitda": 507003000}, {"date": "2011-12-31", "symbol": "KIM", "reportedCurrency": "USD", "cik": "0000879101", "fillingDate": "2012-02-27", "acceptedDate": "2012-02-27 16:59:45", "calendarYear": "2011", "period": "FY", "revenue": 916288000, "costOfRevenue": 256022000, "grossProfit": 660266000, "grossProfitRatio": 0.7205878501, "researchAndDevelopmentExpenses": 0, "generalAndAdministrativeExpenses": 118937000, "sellingAndMarketingExpenses": 0, "sellingGeneralAndAdministrativeExpenses": 118937000, "otherExpenses": 247549000, "operatingExpenses": 366486000, "costAndExpenses": 622508000, "interestIncome": 16566000, "interestExpense": 225035000, "depreciationAndAmortization": 247549000, "ebitda": 557895000, "ebitdaratio": 0.6088642436, "operatingIncome": 287896000, "operatingIncomeRatio": 0.314198156, "totalOtherIncomeExpensesNet": -4870000, "incomeBeforeTax": 80441000, "incomeBeforeTaxRatio": 0.0877900835, "incomeTaxExpense": 19537000, "netIncome": 169051000, "netIncomeRatio": 0.1844954861, "eps": 0.27, "epsdiluted": 0.27, "weightedAverageShsOut": 406530000, "weightedAverageShsOutDil": 407669000, "link": "https://www.sec.gov/Archives/edgar/data/879101/000139843212000184/0001398432-12-000184-index.htm", "finalLink": "https://www.sec.gov/Archives/edgar/data/879101/000139843212000184/i11664.htm", "calculatedOtherExpenses": 253433000, "calculatedOperatingExpenses": 372370000, "calculatedNetInterest": -208469000, "calculatedOtherIncome": 1014000, "calculatedIncomeNonControlling": -108147000, "calculatedEbitda": 535445000}, {"date": "2010-12-31", "symbol": "KIM", "reportedCurrency": "USD", "cik": "0000879101", "fillingDate": "2011-02-28", "acceptedDate": "2011-02-28 15:35:01", "calendarYear": "2010", "period": "FY", "revenue": 849549000, "costOfRevenue": 252948000, "grossProfit": 596601000, "grossProfitRatio": 0.7022561383, "researchAndDevelopmentExpenses": 0, "generalAndAdministrativeExpenses": 109201000, "sellingAndMarketingExpenses": 0, "sellingGeneralAndAdministrativeExpenses": 109201000, "otherExpenses": 238474000, "operatingExpenses": 347675000, "costAndExpenses": 600623000, "interestIncome": 21256000, "interestExpense": 226388000, "depreciationAndAmortization": 238474000, "ebitda": 508656000, "ebitdaratio": 0.5987365061, "operatingIncome": 294751000, "operatingIncomeRatio": 0.3469499699, "totalOtherIncomeExpensesNet": 45804000, "incomeBeforeTax": 89598000, "incomeBeforeTaxRatio": 0.1054653704, "incomeTaxExpense": 3415000, "netIncome": 142868000, "netIncomeRatio": 0.1681692286, "eps": 0.22, "epsdiluted": 0.22, "weightedAverageShsOut": 405827000, "weightedAverageShsOutDil": 406201000, "link": "https://www.sec.gov/Archives/edgar/data/879101/000139843211000206/0001398432-11-000206-index.htm", "finalLink": "https://www.sec.gov/Archives/edgar/data/879101/000139843211000206/i11038.htm", "calculatedOtherExpenses": 192649000, "calculatedOperatingExpenses": 301850000, "calculatedNetInterest": -205132000, "calculatedOtherIncome": -21000, "calculatedIncomeNonControlling": -56685000, "calculatedEbitda": 533225000}, {"date": "2009-12-31", "symbol": "KIM", "reportedCurrency": "USD", "cik": "0000879101", "fillingDate": "2010-03-01", "acceptedDate": "2010-03-01 12:17:27", "calendarYear": "2009", "period": "FY", "revenue": 844329000, "costOfRevenue": 236543000, "grossProfit": 607786000, "grossProfitRatio": 0.7198449893, "researchAndDevelopmentExpenses": 0, "generalAndAdministrativeExpenses": 110091000, "sellingAndMarketingExpenses": 0, "sellingGeneralAndAdministrativeExpenses": 110091000, "otherExpenses": 227729000, "operatingExpenses": 337820000, "costAndExpenses": 574363000, "interestIncome": 33098000, "interestExpense": 209879000, "depreciationAndAmortization": 227776000, "ebitda": 530840000, "ebitdaratio": 0.6287122674, "operatingIncome": 219966000, "operatingIncomeRatio": 0.2605216687, "totalOtherIncomeExpensesNet": -134030000, "incomeBeforeTax": -40845000, "incomeBeforeTaxRatio": -0.0483756924, "incomeTaxExpense": -36622000, "netIncome": -3942000, "netIncomeRatio": -0.0046687962, "eps": -0.0113, "epsdiluted": -0.0113, "weightedAverageShsOut": 350077000, "weightedAverageShsOutDil": 350077000, "link": "https://www.sec.gov/Archives/edgar/data/879101/000139843210000145/0001398432-10-000145-index.htm", "finalLink": "https://www.sec.gov/Archives/edgar/data/879101/000139843210000145/i10784.htm", "calculatedOtherExpenses": 277729000, "calculatedOperatingExpenses": 387820000, "calculatedNetInterest": -176781000, "calculatedOtherIncome": -84030000, "calculatedIncomeNonControlling": -281000, "calculatedEbitda": 447742000}, {"date": "2008-12-31", "symbol": "KIM", "reportedCurrency": "USD", "cik": "0000879101", "fillingDate": "2009-02-27", "acceptedDate": "2009-02-27 17:10:33", "calendarYear": "2008", "period": "FY", "revenue": 758704000, "costOfRevenue": 216070000, "grossProfit": 542634000, "grossProfitRatio": 0.7152117295, "researchAndDevelopmentExpenses": 0, "generalAndAdministrativeExpenses": 117879000, "sellingAndMarketingExpenses": 0, "sellingGeneralAndAdministrativeExpenses": 117879000, "otherExpenses": 148191000, "operatingExpenses": 3479000, "costAndExpenses": 3479000, "interestIncome": 56119000, "interestExpense": 212591000, "depreciationAndAmortization": 204310000, "ebitda": 633516000, "ebitdaratio": 0.8349975748, "operatingIncome": 542634000, "operatingIncomeRatio": 0.7152117295, "totalOtherIncomeExpensesNet": -2208000, "incomeBeforeTax": 214407000, "incomeBeforeTaxRatio": 0.2825963749, "incomeTaxExpense": 3542000, "netIncome": 249902000, "netIncomeRatio": 0.3293801008, "eps": 0.79, "epsdiluted": 0.78, "weightedAverageShsOut": 257811000, "weightedAverageShsOutDil": 258843000, "link": "https://www.sec.gov/Archives/edgar/data/879101/000139843209000090/0001398432-09-000090-index.htm", "finalLink": "https://www.sec.gov/Archives/edgar/data/879101/000139843209000090/i10418.htm", "calculatedOtherExpenses": -117879000, "calculatedOperatingExpenses": 0, "calculatedNetInterest": -156472000, "calculatedOtherIncome": -171755000, "calculatedIncomeNonControlling": -39037000, "calculatedEbitda": 746944000}, {"date": "2007-12-31", "symbol": "KIM", "reportedCurrency": "USD", "cik": "0000879101", "fillingDate": "2008-02-28", "acceptedDate": "2008-02-28 17:17:11", "calendarYear": "2007", "period": "FY", "revenue": 681553000, "costOfRevenue": 0, "grossProfit": 681553000, "grossProfitRatio": 1, "researchAndDevelopmentExpenses": 0, "generalAndAdministrativeExpenses": 103882000, "sellingAndMarketingExpenses": 0, "sellingGeneralAndAdministrativeExpenses": 103882000, "otherExpenses": 375365000, "operatingExpenses": 479247000, "costAndExpenses": 479247000, "interestIncome": 30951000, "interestExpense": -213674000, "depreciationAndAmortization": 191270000, "ebitda": 404166000, "ebitdaratio": 0.5930074404, "operatingIncome": 202306000, "operatingIncomeRatio": 0.2968309141, "totalOtherIncomeExpensesNet": -10590000, "incomeBeforeTax": 78034000, "incomeBeforeTaxRatio": 0.1144943974, "incomeTaxExpense": -44490000, "netIncome": 442830000, "netIncomeRatio": 0.6497367043, "eps": 1.68, "epsdiluted": 1.65, "weightedAverageShsOut": 252129000, "weightedAverageShsOutDil": 257058000, "link": "https://www.sec.gov/Archives/edgar/data/879101/000139843208000075/0001398432-08-000075-index.htm", "finalLink": "https://www.sec.gov/Archives/edgar/data/879101/000139843208000075/kimco_10k.htm", "calculatedOtherExpenses": 375365000, "calculatedOperatingExpenses": 479247000, "calculatedNetInterest": 244625000, "calculatedOtherIncome": -368897000, "calculatedIncomeNonControlling": -320306000, "calculatedEbitda": 393576000}, {"date": "2006-12-31", "symbol": "KIM", "reportedCurrency": "USD", "cik": "0000879101", "fillingDate": "2007-02-28", "acceptedDate": "2007-02-28 16:19:10", "calendarYear": "2006", "period": "FY", "revenue": 593880000, "costOfRevenue": 0, "grossProfit": 593880000, "grossProfitRatio": 1, "researchAndDevelopmentExpenses": 0, "generalAndAdministrativeExpenses": 77683000, "sellingAndMarketingExpenses": 0, "sellingGeneralAndAdministrativeExpenses": 77683000, "otherExpenses": 83796000, "operatingExpenses": 161479000, "costAndExpenses": 161479000, "interestIncome": 54417000, "interestExpense": -172888000, "depreciationAndAmortization": 144767000, "ebitda": 567646000, "ebitdaratio": 0.9558260928, "operatingIncome": 432401000, "operatingIncomeRatio": 0.7280949013, "totalOtherIncomeExpensesNet": 9522000, "incomeBeforeTax": 164199000, "incomeBeforeTaxRatio": 0.2764851485, "incomeTaxExpense": -4387000, "netIncome": 428259000, "netIncomeRatio": 0.7211204284, "eps": 1.74, "epsdiluted": 1.7, "weightedAverageShsOut": 239552000, "weightedAverageShsOutDil": 244615000, "link": "https://www.sec.gov/Archives/edgar/data/879101/000095012307002925/0000950123-07-002925-index.htm", "finalLink": "https://www.sec.gov/Archives/edgar/data/879101/000095012307002925/y30877e10vk.htm", "calculatedOtherExpenses": 83796000, "calculatedOperatingExpenses": 161479000, "calculatedNetInterest": 227305000, "calculatedOtherIncome": -495507000, "calculatedIncomeNonControlling": -259673000, "calculatedEbitda": 577168000}, {"date": "2005-12-31", "symbol": "KIM", "reportedCurrency": "USD", "cik": "0000879101", "fillingDate": "2006-03-07", "acceptedDate": "2006-03-07 15:26:56", "calendarYear": "2005", "period": "FY", "revenue": 522545000, "costOfRevenue": 0, "grossProfit": 522545000, "grossProfitRatio": 1, "researchAndDevelopmentExpenses": 0, "generalAndAdministrativeExpenses": 56803000, "sellingAndMarketingExpenses": 0, "sellingGeneralAndAdministrativeExpenses": 56803000, "otherExpenses": 81172000, "operatingExpenses": 137975000, "costAndExpenses": 137975000, "interestIncome": 28350000, "interestExpense": -127711000, "depreciationAndAmortization": 108042000, "ebitda": 487219000, "ebitdaratio": 0.932396253, "operatingIncome": 384570000, "operatingIncomeRatio": 0.735955755, "totalOtherIncomeExpensesNet": 5393000, "incomeBeforeTax": 185917000, "incomeBeforeTaxRatio": 0.3557913673, "incomeTaxExpense": -430000, "netIncome": 363628000, "netIncomeRatio": 0.6958788238, "eps": 1.55, "epsdiluted": 1.52, "weightedAverageShsOut": 226641000, "weightedAverageShsOutDil": 230868000, "link": "https://www.sec.gov/Archives/edgar/data/879101/000112528206001456/0001125282-06-001456-index.htm", "finalLink": "https://www.sec.gov/Archives/edgar/data/879101/000112528206001456/b412114_10k.htm", "calculatedOtherExpenses": 81172000, "calculatedOperatingExpenses": 137975000, "calculatedNetInterest": 156061000, "calculatedOtherIncome": -354714000, "calculatedIncomeNonControlling": -177281000, "calculatedEbitda": 492612000}, {"date": "2004-12-31", "symbol": "KIM", "reportedCurrency": "USD", "cik": "0000879101", "fillingDate": "2005-03-07", "acceptedDate": "2005-03-07 15:28:38", "calendarYear": "2004", "period": "FY", "revenue": 516967000, "costOfRevenue": 0, "grossProfit": 516967000, "grossProfitRatio": 1, "researchAndDevelopmentExpenses": 0, "generalAndAdministrativeExpenses": 44611000, "sellingAndMarketingExpenses": 0, "sellingGeneralAndAdministrativeExpenses": 44611000, "otherExpenses": 88658000, "operatingExpenses": 133269000, "costAndExpenses": 133269000, "interestIncome": 18756000, "interestExpense": -107726000, "depreciationAndAmortization": 102872000, "ebitda": 476156000, "ebitdaratio": 0.9210568566, "operatingIncome": 383698000, "operatingIncomeRatio": 0.7422098509, "totalOtherIncomeExpensesNet": 10414000, "incomeBeforeTax": 226397000, "incomeBeforeTaxRatio": 0.4379331756, "incomeTaxExpense": -3919000, "netIncome": 297137000, "netIncomeRatio": 0.5747697629, "eps": 1.17, "epsdiluted": 1.15, "weightedAverageShsOut": 222859000, "weightedAverageShsOutDil": 227143000, "link": "https://www.sec.gov/Archives/edgar/data/879101/000112528205001161/0001125282-05-001161-index.htm", "finalLink": "https://www.sec.gov/Archives/edgar/data/879101/000112528205001161/b405066_10k.htm", "calculatedOtherExpenses": 88658000, "calculatedOperatingExpenses": 133269000, "calculatedNetInterest": 126482000, "calculatedOtherIncome": -283783000, "calculatedIncomeNonControlling": -66821000, "calculatedEbitda": 486570000}, {"date": "2003-12-31", "symbol": "KIM", "reportedCurrency": "USD", "cik": "0000879101", "fillingDate": "2004-03-10", "acceptedDate": "2004-03-10 16:36:01", "calendarYear": "2003", "period": "FY", "revenue": 479664000, "costOfRevenue": 0, "grossProfit": 479664000, "grossProfitRatio": 1, "researchAndDevelopmentExpenses": 0, "generalAndAdministrativeExpenses": 38657000, "sellingAndMarketingExpenses": 0, "sellingGeneralAndAdministrativeExpenses": 38657000, "otherExpenses": 87838000, "operatingExpenses": 126495000, "costAndExpenses": 126495000, "interestIncome": 0, "interestExpense": 0, "depreciationAndAmortization": 89068000, "ebitda": 446029000, "ebitdaratio": 0.9298779979, "operatingIncome": 353169000, "operatingIncomeRatio": 0.7362841489, "totalOtherIncomeExpensesNet": -3792000, "incomeBeforeTax": 200889000, "incomeBeforeTaxRatio": 0.4188119183, "incomeTaxExpense": -1516000, "netIncome": 307879000, "netIncomeRatio": 0.6418638881, "eps": 0.99, "epsdiluted": 0.97, "weightedAverageShsOut": 214184000, "weightedAverageShsOutDil": 217540000, "link": "https://www.sec.gov/Archives/edgar/data/879101/000112528204000976/0001125282-04-000976-index.htm", "finalLink": "https://www.sec.gov/Archives/edgar/data/879101/000112528204000976/b330628_10k.txt", "calculatedOtherExpenses": 87838000, "calculatedOperatingExpenses": 126495000, "calculatedNetInterest": 0, "calculatedOtherIncome": -152280000, "calculatedIncomeNonControlling": -105474000, "calculatedEbitda": 442237000}, {"date": "2002-12-31", "symbol": "KIM", "reportedCurrency": "USD", "cik": "0000879101", "fillingDate": "2003-03-27", "acceptedDate": "2003-03-27 16:00:13", "calendarYear": "2002", "period": "FY", "revenue": 450829000, "costOfRevenue": 0, "grossProfit": 450829000, "grossProfitRatio": 1, "researchAndDevelopmentExpenses": 0, "generalAndAdministrativeExpenses": 31904000, "sellingAndMarketingExpenses": 0, "sellingGeneralAndAdministrativeExpenses": 31904000, "otherExpenses": 90693000, "operatingExpenses": 122597000, "costAndExpenses": 122597000, "interestIncome": 0, "interestExpense": 0, "depreciationAndAmortization": 76674000, "ebitda": 402374000, "ebitdaratio": 0.8925202239, "operatingIncome": 352682000, "operatingIncomeRatio": 0.7822966136, "totalOtherIncomeExpensesNet": 2532000, "incomeBeforeTax": 261474000, "incomeBeforeTaxRatio": 0.5799848723, "incomeTaxExpense": 12904000, "netIncome": 245668000, "netIncomeRatio": 0.5449250159, "eps": 0.99, "epsdiluted": 0.98, "weightedAverageShsOut": 229526263, "weightedAverageShsOutDil": 231868367, "link": "https://www.sec.gov/Archives/edgar/data/879101/000112528203002483/0001125282-03-002483-index.htm", "finalLink": "https://www.sec.gov/Archives/edgar/data/879101/000112528203002483/b323865_10k.txt", "calculatedOtherExpenses": 66243000, "calculatedOperatingExpenses": 98147000, "calculatedNetInterest": 0, "calculatedOtherIncome": -91208000, "calculatedIncomeNonControlling": 2902000, "calculatedEbitda": 429356000}, {"date": "2001-12-31", "symbol": "KIM", "reportedCurrency": "USD", "cik": "0000879101", "fillingDate": "2002-03-22", "acceptedDate": "2002-03-22 00:00:00", "calendarYear": "2001", "period": "FY", "revenue": 468616000, "costOfRevenue": 0, "grossProfit": 468616000, "grossProfitRatio": 1, "researchAndDevelopmentExpenses": 0, "generalAndAdministrativeExpenses": 28980000, "sellingAndMarketingExpenses": 0, "sellingGeneralAndAdministrativeExpenses": 28980000, "otherExpenses": 163635000, "operatingExpenses": 192615000, "costAndExpenses": 192615000, "interestIncome": 0, "interestExpense": 0, "depreciationAndAmortization": 74209000, "ebitda": 332395000, "ebitdaratio": 0.709312102, "operatingIncome": 276001000, "operatingIncomeRatio": 0.5889705004, "totalOtherIncomeExpensesNet": 17815000, "incomeBeforeTax": 255914000, "incomeBeforeTaxRatio": 0.5461059802, "incomeTaxExpense": 19376000, "netIncome": 236538000, "netIncomeRatio": 0.5047586937, "eps": 0.97, "epsdiluted": 0.95, "weightedAverageShsOut": 218541237, "weightedAverageShsOutDil": 223142105, "link": "https://www.sec.gov/Archives/edgar/data/879101/000112528202000906/0001125282-02-000906-index.htm", "finalLink": "https://www.sec.gov/Archives/edgar/data/879101/000112528202000906/b317285_10k405.txt", "calculatedOtherExpenses": 163635000, "calculatedOperatingExpenses": 192615000, "calculatedNetInterest": 0, "calculatedOtherIncome": -20087000, "calculatedIncomeNonControlling": 0, "calculatedEbitda": 350210000}, {"date": "2000-12-31", "symbol": "KIM", "reportedCurrency": "USD", "cik": "0000879101", "fillingDate": "2001-03-16", "acceptedDate": "2001-03-16 00:00:00", "calendarYear": "2000", "period": "FY", "revenue": 459407000, "costOfRevenue": 0, "grossProfit": 459407000, "grossProfitRatio": 1, "researchAndDevelopmentExpenses": 0, "generalAndAdministrativeExpenses": 25691000, "sellingAndMarketingExpenses": 0, "sellingGeneralAndAdministrativeExpenses": 25691000, "otherExpenses": 157405000, "operatingExpenses": 183096000, "costAndExpenses": 183096000, "interestIncome": 0, "interestExpense": 0, "depreciationAndAmortization": 71129000, "ebitda": 327529000, "ebitdaratio": 0.7129386361, "operatingIncome": 276311000, "operatingIncomeRatio": 0.6014514363, "totalOtherIncomeExpensesNet": 19911000, "incomeBeforeTax": 296222000, "incomeBeforeTaxRatio": 0.6447920907, "incomeTaxExpense": 71286000, "netIncome": 205025000, "netIncomeRatio": 0.4462818372, "eps": 0.85, "epsdiluted": 0.84, "weightedAverageShsOut": 184218224, "weightedAverageShsOutDil": 185956132, "link": "https://www.sec.gov/Archives/edgar/data/879101/000112528201000957/0001125282-01-000957-index.htm", "finalLink": "https://www.sec.gov/Archives/edgar/data/879101/000112528201000957/0001125282-01-000957-0001.txt", "calculatedOtherExpenses": 157405000, "calculatedOperatingExpenses": 183096000, "calculatedNetInterest": 0, "calculatedOtherIncome": 19911000, "calculatedIncomeNonControlling": 19911000, "calculatedEbitda": 347440000}, {"date": "1999-12-31", "symbol": "KIM", "reportedCurrency": "USD", "cik": "0000879101", "fillingDate": "2000-03-28", "acceptedDate": "2000-03-28 00:00:00", "calendarYear": "1999", "period": "FY", "revenue": 433880000, "costOfRevenue": 0, "grossProfit": 433880000, "grossProfitRatio": 1, "researchAndDevelopmentExpenses": 0, "generalAndAdministrativeExpenses": 23833000, "sellingAndMarketingExpenses": 0, "sellingGeneralAndAdministrativeExpenses": 23833000, "otherExpenses": 155397000, "operatingExpenses": 179230000, "costAndExpenses": 179230000, "interestIncome": 0, "interestExpense": 0, "depreciationAndAmortization": 67416000, "ebitda": 312223000, "ebitdaratio": 0.7196068037, "operatingIncome": 254650000, "operatingIncomeRatio": 0.5869134323, "totalOtherIncomeExpensesNet": 9843000, "incomeBeforeTax": 264493000, "incomeBeforeTaxRatio": 0.6095994284, "incomeTaxExpense": 77872000, "netIncome": 176778000, "netIncomeRatio": 0.4074352355, "eps": 0.74, "epsdiluted": 0.74, "weightedAverageShsOut": 182101950, "weightedAverageShsOutDil": 182101950, "link": "https://www.sec.gov/Archives/edgar/data/879101/000088981200001375/0000889812-00-001375-index.html", "finalLink": "https://www.sec.gov/Archives/edgar/data/879101/000088981200001375/", "calculatedOtherExpenses": 155397000, "calculatedOperatingExpenses": 179230000, "calculatedNetInterest": 0, "calculatedOtherIncome": 9843000, "calculatedIncomeNonControlling": 9843000, "calculatedEbitda": 322066000}, {"date": "1998-12-31", "symbol": "KIM", "reportedCurrency": "USD", "cik": "0000879101", "fillingDate": "1999-03-30", "acceptedDate": "1999-03-30 00:00:00", "calendarYear": "1998", "period": "FY", "revenue": 338797629, "costOfRevenue": 0, "grossProfit": 338797629, "grossProfitRatio": 1, "researchAndDevelopmentExpenses": 0, "generalAndAdministrativeExpenses": 18582817, "sellingAndMarketingExpenses": 0, "sellingGeneralAndAdministrativeExpenses": 18582817, "otherExpenses": 124051525, "operatingExpenses": 142634342, "costAndExpenses": 142634342, "interestIncome": 0, "interestExpense": 0, "depreciationAndAmortization": 51347612, "ebitda": 243093926, "ebitdaratio": 0.7175195609, "operatingIncome": 196163287, "operatingIncomeRatio": 0.5789984056, "totalOtherIncomeExpensesNet": 4416973, "incomeBeforeTax": 200580260, "incomeBeforeTaxRatio": 0.5920356072, "incomeTaxExpense": 73897317, "netIncome": 122265970, "netIncomeRatio": 0.360882012, "eps": 0.66, "epsdiluted": 0.66, "weightedAverageShsOut": 222606061, "weightedAverageShsOutDil": 224305344, "link": "https://www.sec.gov/Archives/edgar/data/879101/000088981299001002/0000889812-99-001002-index.html", "finalLink": "https://www.sec.gov/Archives/edgar/data/879101/", "calculatedOtherExpenses": 124051525, "calculatedOperatingExpenses": 142634342, "calculatedNetInterest": 0, "calculatedOtherIncome": 4416973, "calculatedIncomeNonControlling": 4416973, "calculatedEbitda": 247510899}, {"date": "1997-12-31", "symbol": "KIM", "reportedCurrency": "USD", "cik": "0000879101", "fillingDate": "1998-03-26", "acceptedDate": "1998-03-26 00:00:00", "calendarYear": "1997", "period": "FY", "revenue": 198929403, "costOfRevenue": 0, "grossProfit": 198929403, "grossProfitRatio": 1, "researchAndDevelopmentExpenses": 0, "generalAndAdministrativeExpenses": 11651341, "sellingAndMarketingExpenses": 0, "sellingGeneralAndAdministrativeExpenses": 11651341, "otherExpenses": 71814886, "operatingExpenses": 83466227, "costAndExpenses": 83466227, "interestIncome": 0, "interestExpense": 0, "depreciationAndAmortization": 30052714, "ebitda": 139492077, "ebitdaratio": 0.7012139729, "operatingIncome": 115463176, "operatingIncomeRatio": 0.5804228749, "totalOtherIncomeExpensesNet": 6023813, "incomeBeforeTax": 121486989, "incomeBeforeTaxRatio": 0.6107040345, "incomeTaxExpense": 29626731, "netIncome": 85836445, "netIncomeRatio": 0.4314919952, "eps": 0.6, "epsdiluted": 0.59, "weightedAverageShsOut": 142761952, "weightedAverageShsOutDil": 144366019, "link": "https://www.sec.gov/Archives/edgar/data/879101/000088981298000713/0000889812-98-000713-index.html", "finalLink": "https://www.sec.gov/Archives/edgar/data/879101/", "calculatedOtherExpenses": 71814886, "calculatedOperatingExpenses": 83466227, "calculatedNetInterest": 0, "calculatedOtherIncome": 6023813, "calculatedIncomeNonControlling": 6023813, "calculatedEbitda": 145515890}, {"date": "1996-12-31", "symbol": "KIM", "reportedCurrency": "USD", "cik": "0000879101", "fillingDate": "1997-03-19", "acceptedDate": "1997-03-19 00:00:00", "calendarYear": "1996", "period": "FY", "revenue": 168144419, "costOfRevenue": 0, "grossProfit": 168144419, "grossProfitRatio": 1, "researchAndDevelopmentExpenses": 0, "generalAndAdministrativeExpenses": 10333924, "sellingAndMarketingExpenses": 0, "sellingGeneralAndAdministrativeExpenses": 10333924, "otherExpenses": 59625476, "operatingExpenses": 69959400, "costAndExpenses": 69959400, "interestIncome": 0, "interestExpense": 0, "depreciationAndAmortization": 27066709, "ebitda": 120487666, "ebitdaratio": 0.7165724959, "operatingIncome": 98185019, "operatingIncomeRatio": 0.5839326668, "totalOtherIncomeExpensesNet": 4764062, "incomeBeforeTax": 102949081, "incomeBeforeTaxRatio": 0.6122658225, "incomeTaxExpense": 24358126, "netIncome": 73826893, "netIncomeRatio": 0.4390683523, "eps": 0.54, "epsdiluted": 0.54, "weightedAverageShsOut": 107461797, "weightedAverageShsOutDil": 107461797, "link": "https://www.sec.gov/Archives/edgar/data/879101/000088981297000724/0000889812-97-000724-index.html", "finalLink": "https://www.sec.gov/Archives/edgar/data/879101/", "calculatedOtherExpenses": 59625476, "calculatedOperatingExpenses": 69959400, "calculatedNetInterest": 0, "calculatedOtherIncome": 4764062, "calculatedIncomeNonControlling": 4764062, "calculatedEbitda": 125251728}, {"date": "1995-12-31", "symbol": "KIM", "reportedCurrency": "USD", "cik": "0000879101", "fillingDate": "1995-12-31", "acceptedDate": "1995-12-30 19:00:00", "calendarYear": "1995", "period": "FY", "revenue": 149800000, "costOfRevenue": 0, "grossProfit": 149800000, "grossProfitRatio": 1, "researchAndDevelopmentExpenses": 0, "generalAndAdministrativeExpenses": 8800000, "sellingAndMarketingExpenses": 0, "sellingGeneralAndAdministrativeExpenses": 8800000, "otherExpenses": -72100000, "operatingExpenses": -63300000, "costAndExpenses": -63300000, "interestIncome": 0, "interestExpense": 0, "depreciationAndAmortization": 26200000, "ebitda": 239300000, "ebitdaratio": 1.5974632844, "operatingIncome": 213100000, "operatingIncomeRatio": 1.4225634179, "totalOtherIncomeExpensesNet": 0, "incomeBeforeTax": 0, "incomeBeforeTaxRatio": 0, "incomeTaxExpense": 161200000, "netIncome": 51900000, "netIncomeRatio": 0.3464619493, "eps": 0.44, "epsdiluted": 0.44, "weightedAverageShsOut": 101142428, "weightedAverageShsOutDil": 101142428, "link": "", "finalLink": "", "calculatedOtherExpenses": -72100000, "calculatedOperatingExpenses": -63300000, "calculatedNetInterest": 0, "calculatedOtherIncome": -213100000, "calculatedIncomeNonControlling": -213100000, "calculatedEbitda": 239300000}, {"date": "1994-12-31", "symbol": "KIM", "reportedCurrency": "USD", "cik": "0000879101", "fillingDate": "1994-12-31", "acceptedDate": "1994-12-30 19:00:00", "calendarYear": "1994", "period": "FY", "revenue": 130300000, "costOfRevenue": 0, "grossProfit": 130300000, "grossProfitRatio": 1, "researchAndDevelopmentExpenses": 0, "generalAndAdministrativeExpenses": 8500000, "sellingAndMarketingExpenses": 0, "sellingGeneralAndAdministrativeExpenses": 8500000, "otherExpenses": -89000000, "operatingExpenses": -80500000, "costAndExpenses": -80500000, "interestIncome": 0, "interestExpense": 0, "depreciationAndAmortization": 23400000, "ebitda": 234200000, "ebitdaratio": 1.797390637, "operatingIncome": 210800000, "operatingIncomeRatio": 1.6178050652, "totalOtherIncomeExpensesNet": 0, "incomeBeforeTax": 0, "incomeBeforeTaxRatio": 0, "incomeTaxExpense": 170500000, "netIncome": 40300000, "netIncomeRatio": 0.3092862625, "eps": 0.38, "epsdiluted": 0.38, "weightedAverageShsOut": 105999632, "weightedAverageShsOutDil": 105999632, "link": "", "finalLink": "", "calculatedOtherExpenses": -89000000, "calculatedOperatingExpenses": -80500000, "calculatedNetInterest": 0, "calculatedOtherIncome": -210800000, "calculatedIncomeNonControlling": -210800000, "calculatedEbitda": 234200000}, {"date": "1993-12-31", "symbol": "KIM", "reportedCurrency": "USD", "cik": "0000879101", "fillingDate": "1993-12-31", "acceptedDate": "1993-12-30 19:00:00", "calendarYear": "1993", "period": "FY", "revenue": 106800000, "costOfRevenue": 0, "grossProfit": 106800000, "grossProfitRatio": 1, "researchAndDevelopmentExpenses": 0, "generalAndAdministrativeExpenses": 7900000, "sellingAndMarketingExpenses": 0, "sellingGeneralAndAdministrativeExpenses": 7900000, "otherExpenses": -71300000, "operatingExpenses": -63400000, "costAndExpenses": -63400000, "interestIncome": 0, "interestExpense": 0, "depreciationAndAmortization": 19900000, "ebitda": 190100000, "ebitdaratio": 1.7799625468, "operatingIncome": 170200000, "operatingIncomeRatio": 1.5936329588, "totalOtherIncomeExpensesNet": 0, "incomeBeforeTax": 0, "incomeBeforeTaxRatio": 0, "incomeTaxExpense": 135600000, "netIncome": 34600000, "netIncomeRatio": 0.3239700375, "eps": 0.38, "epsdiluted": 0.38, "weightedAverageShsOut": 90215762, "weightedAverageShsOutDil": 90215762, "link": "", "finalLink": "", "calculatedOtherExpenses": -71300000, "calculatedOperatingExpenses": -63400000, "calculatedNetInterest": 0, "calculatedOtherIncome": -170200000, "calculatedIncomeNonControlling": -170200000, "calculatedEbitda": 190100000}, {"date": "1992-12-31", "symbol": "KIM", "reportedCurrency": "USD", "cik": "0000879101", "fillingDate": "1992-12-31", "acceptedDate": "1992-12-30 19:00:00", "calendarYear": "1992", "period": "FY", "revenue": 82600000, "costOfRevenue": 0, "grossProfit": 82600000, "grossProfitRatio": 1, "researchAndDevelopmentExpenses": 0, "generalAndAdministrativeExpenses": 6900000, "sellingAndMarketingExpenses": 0, "sellingGeneralAndAdministrativeExpenses": 6900000, "otherExpenses": -63600000, "operatingExpenses": -56700000, "costAndExpenses": -56700000, "interestIncome": 0, "interestExpense": 0, "depreciationAndAmortization": 16800000, "ebitda": 156100000, "ebitdaratio": 1.8898305085, "operatingIncome": 139300000, "operatingIncomeRatio": 1.686440678, "totalOtherIncomeExpensesNet": 0, "incomeBeforeTax": 0, "incomeBeforeTaxRatio": 0, "incomeTaxExpense": 120300000, "netIncome": 19000000, "netIncomeRatio": 0.2300242131, "eps": 0.28, "epsdiluted": 0.28, "weightedAverageShsOut": 68640379, "weightedAverageShsOutDil": 68640379, "link": "", "finalLink": "", "calculatedOtherExpenses": -63600000, "calculatedOperatingExpenses": -56700000, "calculatedNetInterest": 0, "calculatedOtherIncome": -139300000, "calculatedIncomeNonControlling": -139300000, "calculatedEbitda": 156100000}, {"date": "1991-12-31", "symbol": "KIM", "reportedCurrency": "USD", "cik": "0000879101", "fillingDate": "1991-12-31", "acceptedDate": "1991-12-30 19:00:00", "calendarYear": "1991", "period": "FY", "revenue": 49900000, "costOfRevenue": 0, "grossProfit": 49900000, "grossProfitRatio": 1, "researchAndDevelopmentExpenses": 0, "generalAndAdministrativeExpenses": 4200000, "sellingAndMarketingExpenses": 0, "sellingGeneralAndAdministrativeExpenses": 4200000, "otherExpenses": -50700000, "operatingExpenses": -46500000, "costAndExpenses": -46500000, "interestIncome": 0, "interestExpense": 0, "depreciationAndAmortization": 10700000, "ebitda": 107100000, "ebitdaratio": 2.1462925852, "operatingIncome": 96400000, "operatingIncomeRatio": 1.9318637275, "totalOtherIncomeExpensesNet": 0, "incomeBeforeTax": 0, "incomeBeforeTaxRatio": 0, "incomeTaxExpense": 98600000, "netIncome": -2200000, "netIncomeRatio": -0.0440881764, "eps": -0.036, "epsdiluted": -0.036, "weightedAverageShsOut": 61049476, "weightedAverageShsOutDil": 61049476, "link": "", "finalLink": "", "calculatedOtherExpenses": -50700000, "calculatedOperatingExpenses": -46500000, "calculatedNetInterest": 0, "calculatedOtherIncome": -96400000, "calculatedIncomeNonControlling": -96400000, "calculatedEbitda": 107100000}]}