{"originalCurrency": "USD", "convertedCurrency": "USD", "report": [{"date": "2023-12-31", "symbol": "KKR", "reportedCurrency": "USD", "cik": "0001404912", "fillingDate": "2024-02-29", "acceptedDate": "2024-02-29 16:21:46", "calendarYear": "2023", "period": "FY", "revenue": 14322870000, "costOfRevenue": 9462219000, "grossProfit": 4860651000, "grossProfitRatio": 0.339362921, "researchAndDevelopmentExpenses": 0, "generalAndAdministrativeExpenses": 2722503000, "sellingAndMarketingExpenses": 0, "sellingGeneralAndAdministrativeExpenses": 2722503000, "otherExpenses": -853215000, "operatingExpenses": 2722503000, "costAndExpenses": 12184722000, "interestIncome": 3369447000, "interestExpense": 2945971000, "depreciationAndAmortization": -4768281000, "ebitda": 5568054000, "ebitdaratio": 0.3887526732, "operatingIncome": 10336335000, "operatingIncomeRatio": 0.7216664677, "totalOtherIncomeExpensesNet": 3992985000, "incomeBeforeTax": 6554609000, "incomeBeforeTaxRatio": 0.457632374, "incomeTaxExpense": 1197523000, "netIncome": 3732261000, "netIncomeRatio": 0.2605805261, "eps": 4.24, "epsdiluted": 4.09, "weightedAverageShsOut": 867496813, "weightedAverageShsOutDil": 911787433, "link": "https://www.sec.gov/Archives/edgar/data/1404912/000140491224000005/0001404912-24-000005-index.htm", "finalLink": "https://www.sec.gov/Archives/edgar/data/1404912/000140491224000005/kkr-20231231.htm", "calculatedOtherExpenses": -8198187000, "calculatedOperatingExpenses": -5475684000, "calculatedNetInterest": 423476000, "calculatedOtherIncome": -4205202000, "calculatedIncomeNonControlling": 1624825000, "calculatedEbitda": 5568054000}, {"date": "2022-12-31", "symbol": "KKR", "reportedCurrency": "USD", "cik": "0001404912", "fillingDate": "2023-02-27", "acceptedDate": "2023-02-27 17:10:42", "calendarYear": "2022", "period": "FY", "revenue": 5721195000, "costOfRevenue": 4329093000, "grossProfit": 1392102000, "grossProfitRatio": 0.2433236413, "researchAndDevelopmentExpenses": 0, "generalAndAdministrativeExpenses": 2354545000, "sellingAndMarketingExpenses": 0, "sellingGeneralAndAdministrativeExpenses": 2354545000, "otherExpenses": 1078646000, "operatingExpenses": 2354545000, "costAndExpenses": 6683638000, "interestIncome": 1895282000, "interestExpense": 1637959000, "depreciationAndAmortization": 364162000, "ebitda": 1786702000, "ebitdaratio": 0.312295246, "operatingIncome": 1422540000, "operatingIncomeRatio": 0.2486438585, "totalOtherIncomeExpensesNet": -2481740000, "incomeBeforeTax": -1059200000, "incomeBeforeTaxRatio": -0.1851361473, "incomeTaxExpense": -35672000, "netIncome": -1023528000, "netIncomeRatio": -0.1789010862, "eps": -1.37, "epsdiluted": -1.37, "weightedAverageShsOut": 749504970, "weightedAverageShsOutDil": 749504970, "link": "https://www.sec.gov/Archives/edgar/data/1404912/000140491223000005/0001404912-23-000005-index.htm", "finalLink": "https://www.sec.gov/Archives/edgar/data/1404912/000140491223000005/kkr-20221231.htm", "calculatedOtherExpenses": -2384983000, "calculatedOperatingExpenses": -30438000, "calculatedNetInterest": 257323000, "calculatedOtherIncome": -2739063000, "calculatedIncomeNonControlling": 0, "calculatedEbitda": 1786702000}, {"date": "2021-12-31", "symbol": "KKR", "reportedCurrency": "USD", "cik": "0001404912", "fillingDate": "2022-02-28", "acceptedDate": "2022-02-28 06:16:51", "calendarYear": "2021", "period": "FY", "revenue": 16236148000, "costOfRevenue": 9484452000, "grossProfit": 6751696000, "grossProfitRatio": 0.4158434624, "researchAndDevelopmentExpenses": 0, "generalAndAdministrativeExpenses": 1942360000, "sellingAndMarketingExpenses": 0, "sellingGeneralAndAdministrativeExpenses": 1942360000, "otherExpenses": 6318000, "operatingExpenses": 1942360000, "costAndExpenses": 11426812000, "interestIncome": 1485470000, "interestExpense": 1132029000, "depreciationAndAmortization": 9863300000, "ebitda": 7397374000, "ebitdaratio": 0.4556113926, "operatingIncome": -2465926000, "operatingIncomeRatio": -0.1518787584, "totalOtherIncomeExpensesNet": 16114375000, "incomeBeforeTax": 13648449000, "incomeBeforeTaxRatio": 0.8406211252, "incomeTaxExpense": 1353270000, "netIncome": 12295179000, "netIncomeRatio": 0.7572719219, "eps": 21.12, "epsdiluted": 19.42, "weightedAverageShsOut": 582258984, "weightedAverageShsOutDil": 633092865, "link": "https://www.sec.gov/Archives/edgar/data/1404912/000140491222000004/0001404912-22-000004-index.htm", "finalLink": "https://www.sec.gov/Archives/edgar/data/1404912/000140491222000004/kkr-20211231.htm", "calculatedOtherExpenses": 7275262000, "calculatedOperatingExpenses": 9217622000, "calculatedNetInterest": 353441000, "calculatedOtherIncome": 15760934000, "calculatedIncomeNonControlling": 0, "calculatedEbitda": 7397374000}, {"date": "2020-12-31", "symbol": "KKR", "reportedCurrency": "USD", "cik": "0001404912", "fillingDate": "2021-02-19", "acceptedDate": "2021-02-19 16:43:12", "calendarYear": "2020", "period": "FY", "revenue": 4230891000, "costOfRevenue": 2152490000, "grossProfit": 2078401000, "grossProfitRatio": 0.4912442793, "researchAndDevelopmentExpenses": 0, "generalAndAdministrativeExpenses": 780642000, "sellingAndMarketingExpenses": 0, "sellingGeneralAndAdministrativeExpenses": 780642000, "otherExpenses": -174546000, "operatingExpenses": 780642000, "costAndExpenses": 2933132000, "interestIncome": 1403440000, "interestExpense": 969871000, "depreciationAndAmortization": 4084960000, "ebitda": 2701199000, "ebitdaratio": 0.6384468425, "operatingIncome": -1383761000, "operatingIncomeRatio": -0.3270613684, "totalOtherIncomeExpensesNet": 7110456000, "incomeBeforeTax": 5726695000, "incomeBeforeTaxRatio": 1.3535434971, "incomeTaxExpense": 609097000, "netIncome": 5117598000, "netIncomeRatio": 1.2095792588, "eps": 9.09, "epsdiluted": 8.77, "weightedAverageShsOut": 562812883, "weightedAverageShsOutDil": 583685352, "link": "https://www.sec.gov/Archives/edgar/data/1404912/000140491221000008/0001404912-21-000008-index.htm", "finalLink": "https://www.sec.gov/Archives/edgar/data/1404912/000140491221000008/kkr-20201231.htm", "calculatedOtherExpenses": 2681520000, "calculatedOperatingExpenses": 3462162000, "calculatedNetInterest": 433569000, "calculatedOtherIncome": 6676887000, "calculatedIncomeNonControlling": 0, "calculatedEbitda": 2701199000}, {"date": "2019-12-31", "symbol": "KKR", "reportedCurrency": "USD", "cik": "0001404912", "fillingDate": "2020-02-18", "acceptedDate": "2020-02-14 18:25:15", "calendarYear": "2019", "period": "FY", "revenue": 4220900000, "costOfRevenue": 2116890000, "grossProfit": 2104010000, "grossProfitRatio": 0.498474259, "researchAndDevelopmentExpenses": 0, "generalAndAdministrativeExpenses": 791541000, "sellingAndMarketingExpenses": 0, "sellingGeneralAndAdministrativeExpenses": 791541000, "otherExpenses": -193119000, "operatingExpenses": 791541000, "costAndExpenses": 2908431000, "interestIncome": 1418516000, "interestExpense": 1043551000, "depreciationAndAmortization": 3678042000, "ebitda": 2730985000, "ebitdaratio": 0.6470148547, "operatingIncome": -947057000, "operatingIncomeRatio": -0.2243732379, "totalOtherIncomeExpensesNet": 6115347000, "incomeBeforeTax": 5168290000, "incomeBeforeTaxRatio": 1.2244521311, "incomeTaxExpense": 528750000, "netIncome": 4639540000, "netIncomeRatio": 1.0991826388, "eps": 8.51, "epsdiluted": 8.32, "weightedAverageShsOut": 545096999, "weightedAverageShsOutDil": 557687512, "link": "https://www.sec.gov/Archives/edgar/data/1404912/000140491220000006/0001404912-20-000006-index.htm", "finalLink": "https://www.sec.gov/Archives/edgar/data/1404912/000140491220000006/kkr-2019123110xk.htm", "calculatedOtherExpenses": 2259526000, "calculatedOperatingExpenses": 3051067000, "calculatedNetInterest": 374965000, "calculatedOtherIncome": 5740382000, "calculatedIncomeNonControlling": 0, "calculatedEbitda": 2730985000}, {"date": "2018-12-31", "symbol": "KKR", "reportedCurrency": "USD", "cik": "0001404912", "fillingDate": "2019-02-15", "acceptedDate": "2019-02-15 16:57:52", "calendarYear": "2018", "period": "FY", "revenue": 2395836000, "costOfRevenue": 1374363000, "grossProfit": 1021473000, "grossProfitRatio": 0.4263534733, "researchAndDevelopmentExpenses": 0, "generalAndAdministrativeExpenses": 715114000, "sellingAndMarketingExpenses": 0, "sellingGeneralAndAdministrativeExpenses": 715114000, "otherExpenses": 0, "operatingExpenses": 715114000, "costAndExpenses": 2089477000, "interestIncome": 1396532000, "interestExpense": 876029000, "depreciationAndAmortization": 1506635000, "ebitda": 1702891000, "ebitdaratio": 0.7107711045, "operatingIncome": 306359000, "operatingIncomeRatio": 0.1278714403, "totalOtherIncomeExpensesNet": 1429986000, "incomeBeforeTax": 2256848000, "incomeBeforeTaxRatio": 0.941987682, "incomeTaxExpense": -194098000, "netIncome": 1131063000, "netIncomeRatio": 0.4720953354, "eps": 2.2, "epsdiluted": 2.12, "weightedAverageShsOut": 514102571, "weightedAverageShsOutDil": 533707039, "link": "https://www.sec.gov/Archives/edgar/data/1404912/000140491219000006/0001404912-19-000006-index.htm", "finalLink": "https://www.sec.gov/Archives/edgar/data/1404912/000140491219000006/kkr-2018123110xk.htm", "calculatedOtherExpenses": 0, "calculatedOperatingExpenses": 715114000, "calculatedNetInterest": 520503000, "calculatedOtherIncome": 1429986000, "calculatedIncomeNonControlling": 1319883000, "calculatedEbitda": 1812994000}, {"date": "2017-12-31", "symbol": "KKR", "reportedCurrency": "USD", "cik": "0001404912", "fillingDate": "2018-02-23", "acceptedDate": "2018-02-23 16:40:17", "calendarYear": "2017", "period": "FY", "revenue": 3282265000, "costOfRevenue": 1695490000, "grossProfit": 1586775000, "grossProfitRatio": 0.4834390276, "researchAndDevelopmentExpenses": 0, "generalAndAdministrativeExpenses": 641202000, "sellingAndMarketingExpenses": 0, "sellingGeneralAndAdministrativeExpenses": 641202000, "otherExpenses": 0, "operatingExpenses": 641202000, "costAndExpenses": 2336692000, "interestIncome": 1242419000, "interestExpense": 808898000, "depreciationAndAmortization": 0, "ebitda": 2187992000, "ebitdaratio": 0.6666104047, "operatingIncome": 2187992000, "operatingIncomeRatio": 0.6666104047, "totalOtherIncomeExpensesNet": 1405274000, "incomeBeforeTax": 2784368000, "incomeBeforeTaxRatio": 0.8483068856, "incomeTaxExpense": 224326000, "netIncome": 1018305000, "netIncomeRatio": 0.3102446024, "eps": 2.1, "epsdiluted": 1.95, "weightedAverageShsOut": 468282642, "weightedAverageShsOutDil": 506288971, "link": "https://www.sec.gov/Archives/edgar/data/1404912/000140491218000005/0001404912-18-000005-index.htm", "finalLink": "https://www.sec.gov/Archives/edgar/data/1404912/000140491218000005/kkr-2017123110xk.htm", "calculatedOtherExpenses": -1242419000, "calculatedOperatingExpenses": -601217000, "calculatedNetInterest": 433521000, "calculatedOtherIncome": 162855000, "calculatedIncomeNonControlling": 1541737000, "calculatedEbitda": 2187992000}, {"date": "2016-12-31", "symbol": "KKR", "reportedCurrency": "USD", "cik": "0001404912", "fillingDate": "2017-02-24", "acceptedDate": "2017-02-24 16:33:50", "calendarYear": "2016", "period": "FY", "revenue": 1908093000, "costOfRevenue": 1063813000, "grossProfit": 844280000, "grossProfitRatio": 0.4424731918, "researchAndDevelopmentExpenses": 0, "generalAndAdministrativeExpenses": 631661000, "sellingAndMarketingExpenses": 0, "sellingGeneralAndAdministrativeExpenses": 631661000, "otherExpenses": 0, "operatingExpenses": 631661000, "costAndExpenses": 1695474000, "interestIncome": 1021809000, "interestExpense": 789953000, "depreciationAndAmortization": 0, "ebitda": 1234428000, "ebitdaratio": 0.6469433094, "operatingIncome": 1234428000, "operatingIncomeRatio": 0.6469433094, "totalOtherIncomeExpensesNet": 530750000, "incomeBeforeTax": 975225000, "incomeBeforeTaxRatio": 0.5110993018, "incomeTaxExpense": 24561000, "netIncome": 309307000, "netIncomeRatio": 0.1621026858, "eps": 0.64, "epsdiluted": 0.59, "weightedAverageShsOut": 448905126, "weightedAverageShsOutDil": 483431048, "link": "https://www.sec.gov/Archives/edgar/data/1404912/000140491217000005/0001404912-17-000005-index.htm", "finalLink": "https://www.sec.gov/Archives/edgar/data/1404912/000140491217000005/kkr-2016123110xk.htm", "calculatedOtherExpenses": -1021809000, "calculatedOperatingExpenses": -390148000, "calculatedNetInterest": 231856000, "calculatedOtherIncome": -491059000, "calculatedIncomeNonControlling": 641357000, "calculatedEbitda": 1234428000}, {"date": "2015-12-31", "symbol": "KKR", "reportedCurrency": "USD", "cik": "0001404912", "fillingDate": "2016-02-26", "acceptedDate": "2016-02-26 17:20:31", "calendarYear": "2015", "period": "FY", "revenue": 1043768000, "costOfRevenue": 1180591000, "grossProfit": -136823000, "grossProfitRatio": -0.1310856436, "researchAndDevelopmentExpenses": 0, "generalAndAdministrativeExpenses": 690634000, "sellingAndMarketingExpenses": 0, "sellingGeneralAndAdministrativeExpenses": 690634000, "otherExpenses": 0, "operatingExpenses": 690634000, "costAndExpenses": 1871225000, "interestIncome": 1219197000, "interestExpense": 573226000, "depreciationAndAmortization": 0, "ebitda": 391740000, "ebitdaratio": 0.375313288, "operatingIncome": 391740000, "operatingIncomeRatio": 0.375313288, "totalOtherIncomeExpensesNet": 5523154000, "incomeBeforeTax": 5341668000, "incomeBeforeTaxRatio": 5.1176774915, "incomeTaxExpense": 66636000, "netIncome": 488482000, "netIncomeRatio": 0.4679986357, "eps": 1.09, "epsdiluted": 1.01, "weightedAverageShsOut": 448884185, "weightedAverageShsOutDil": 482699194, "link": "https://www.sec.gov/Archives/edgar/data/1404912/000140491216000009/0001404912-16-000009-index.htm", "finalLink": "https://www.sec.gov/Archives/edgar/data/1404912/000140491216000009/kkr-2015123110xk.htm", "calculatedOtherExpenses": -1219197000, "calculatedOperatingExpenses": -528563000, "calculatedNetInterest": 645971000, "calculatedOtherIncome": 4303957000, "calculatedIncomeNonControlling": 4786550000, "calculatedEbitda": 391740000}, {"date": "2014-12-31", "symbol": "KKR", "reportedCurrency": "USD", "cik": "0001404912", "fillingDate": "2015-02-27", "acceptedDate": "2015-02-27 17:07:52", "calendarYear": "2014", "period": "FY", "revenue": 1110008000, "costOfRevenue": 1263852000, "grossProfit": -153844000, "grossProfitRatio": -0.1385971993, "researchAndDevelopmentExpenses": 0, "generalAndAdministrativeExpenses": 932215000, "sellingAndMarketingExpenses": 0, "sellingGeneralAndAdministrativeExpenses": 932215000, "otherExpenses": 0, "operatingExpenses": 932215000, "costAndExpenses": 2196067000, "interestIncome": 909207000, "interestExpense": 317192000, "depreciationAndAmortization": 0, "ebitda": -176852000, "ebitdaratio": -0.1593249778, "operatingIncome": -176852000, "operatingIncomeRatio": -0.1593249778, "totalOtherIncomeExpensesNet": 5952733000, "incomeBeforeTax": 5458689000, "incomeBeforeTaxRatio": 4.9177023949, "incomeTaxExpense": 63669000, "netIncome": 477611000, "netIncomeRatio": 0.4302770791, "eps": 1.25, "epsdiluted": 1.16, "weightedAverageShsOut": 381092394, "weightedAverageShsOutDil": 412049275, "link": "https://www.sec.gov/Archives/edgar/data/1404912/000104746915001418/0001047469-15-001418-index.htm", "finalLink": "https://www.sec.gov/Archives/edgar/data/1404912/000104746915001418/a2223180z10-k.htm", "calculatedOtherExpenses": -909207000, "calculatedOperatingExpenses": 23008000, "calculatedNetInterest": 592015000, "calculatedOtherIncome": 5043526000, "calculatedIncomeNonControlling": 4917409000, "calculatedEbitda": -176852000}, {"date": "2013-12-31", "symbol": "KKR", "reportedCurrency": "USD", "cik": "0001404912", "fillingDate": "2014-02-24", "acceptedDate": "2014-02-24 06:19:24", "calendarYear": "2013", "period": "FY", "revenue": 762546000, "costOfRevenue": 1266592000, "grossProfit": -504046000, "grossProfitRatio": -0.6610040575, "researchAndDevelopmentExpenses": 0, "generalAndAdministrativeExpenses": 500546000, "sellingAndMarketingExpenses": 0, "sellingGeneralAndAdministrativeExpenses": 500546000, "otherExpenses": 0, "operatingExpenses": 500546000, "costAndExpenses": 1767138000, "interestIncome": 474759000, "interestExpense": 99616000, "depreciationAndAmortization": 0, "ebitda": -529833000, "ebitdaratio": -0.6948210337, "operatingIncome": -529833000, "operatingIncomeRatio": -0.6948210337, "totalOtherIncomeExpensesNet": 8521603000, "incomeBeforeTax": 7892154000, "incomeBeforeTaxRatio": 10.3497415238, "incomeTaxExpense": 37926000, "netIncome": 691226000, "netIncomeRatio": 0.9064712162, "eps": 2.51, "epsdiluted": 2.3, "weightedAverageShsOut": 274910628, "weightedAverageShsOutDil": 300254090, "link": "https://www.sec.gov/Archives/edgar/data/1404912/000104746914001189/0001047469-14-001189-index.htm", "finalLink": "https://www.sec.gov/Archives/edgar/data/1404912/000104746914001189/a2218358z10-k.htm", "calculatedOtherExpenses": -474759000, "calculatedOperatingExpenses": 25787000, "calculatedNetInterest": 375143000, "calculatedOtherIncome": 8046844000, "calculatedIncomeNonControlling": 7163002000, "calculatedEbitda": -529833000}, {"date": "2012-12-31", "symbol": "KKR", "reportedCurrency": "USD", "cik": "0001404912", "fillingDate": "2013-02-22", "acceptedDate": "2013-02-22 16:04:58", "calendarYear": "2012", "period": "FY", "revenue": 568442000, "costOfRevenue": 1280854000, "grossProfit": -712412000, "grossProfitRatio": -1.253271222, "researchAndDevelopmentExpenses": 0, "generalAndAdministrativeExpenses": 317934000, "sellingAndMarketingExpenses": 0, "sellingGeneralAndAdministrativeExpenses": 317934000, "otherExpenses": 0, "operatingExpenses": 317934000, "costAndExpenses": 1598788000, "interestIncome": 358598000, "interestExpense": 69164000, "depreciationAndAmortization": 0, "ebitda": -671748000, "ebitdaratio": -1.1817353398, "operatingIncome": -671748000, "operatingIncomeRatio": -1.1817353398, "totalOtherIncomeExpensesNet": 8812561000, "incomeBeforeTax": 8071649000, "incomeBeforeTaxRatio": 14.1995999592, "incomeTaxExpense": 43405000, "netIncome": 560836000, "netIncomeRatio": 0.9866195672, "eps": 2.35, "epsdiluted": 2.21, "weightedAverageShsOut": 238503257, "weightedAverageShsOutDil": 254093160, "link": "https://www.sec.gov/Archives/edgar/data/1404912/000104746913001493/0001047469-13-001493-index.htm", "finalLink": "https://www.sec.gov/Archives/edgar/data/1404912/000104746913001493/a2213011z10-k.htm", "calculatedOtherExpenses": -358598000, "calculatedOperatingExpenses": -40664000, "calculatedNetInterest": 289434000, "calculatedOtherIncome": 8453963000, "calculatedIncomeNonControlling": 7467408000, "calculatedEbitda": -671748000}, {"date": "2011-12-31", "symbol": "KKR", "reportedCurrency": "USD", "cik": "0001404912", "fillingDate": "2012-02-27", "acceptedDate": "2012-02-24 19:22:51", "calendarYear": "2011", "period": "FY", "revenue": 2179736000, "costOfRevenue": 0, "grossProfit": 2179736000, "grossProfitRatio": 1, "researchAndDevelopmentExpenses": 0, "generalAndAdministrativeExpenses": 1159723000, "sellingAndMarketingExpenses": 0, "sellingGeneralAndAdministrativeExpenses": 1159723000, "otherExpenses": 0, "operatingExpenses": 0, "costAndExpenses": 0, "interestIncome": 321943000, "interestExpense": 72758000, "depreciationAndAmortization": 0, "ebitda": 1038489000, "ebitdaratio": 0.4764287969, "operatingIncome": 1038489000, "operatingIncomeRatio": 0.4764287969, "totalOtherIncomeExpensesNet": -72758000, "incomeBeforeTax": 965731000, "incomeBeforeTaxRatio": 0.4430495253, "incomeTaxExpense": 89245000, "netIncome": 876486000, "netIncomeRatio": 0.4021064936, "eps": 3.98, "epsdiluted": 3.94, "weightedAverageShsOut": 220235469, "weightedAverageShsOutDil": 222519174, "link": "https://www.sec.gov/Archives/edgar/data/1404912/000104746912001497/0001047469-12-001497-index.htm", "finalLink": "https://www.sec.gov/Archives/edgar/data/1404912/000104746912001497/a2207447z10-k.htm", "calculatedOtherExpenses": -18476000, "calculatedOperatingExpenses": 1141247000, "calculatedNetInterest": 249185000, "calculatedOtherIncome": -321943000, "calculatedIncomeNonControlling": 0, "calculatedEbitda": 1038489000}, {"date": "2010-12-31", "symbol": "KKR", "reportedCurrency": "USD", "cik": "0001404912", "fillingDate": "2011-03-07", "acceptedDate": "2011-03-07 16:27:22", "calendarYear": "2010", "period": "FY", "revenue": 9614494000, "costOfRevenue": 0, "grossProfit": 9614494000, "grossProfitRatio": 1, "researchAndDevelopmentExpenses": 0, "generalAndAdministrativeExpenses": 1722971000, "sellingAndMarketingExpenses": 0, "sellingGeneralAndAdministrativeExpenses": 1722971000, "otherExpenses": 0, "operatingExpenses": 0, "costAndExpenses": 0, "interestIncome": 226824000, "interestExpense": 53099000, "depreciationAndAmortization": 0, "ebitda": 7904930000, "ebitdaratio": 0.8221888744, "operatingIncome": 7904930000, "operatingIncomeRatio": 0.8221888744, "totalOtherIncomeExpensesNet": -53099000, "incomeBeforeTax": 7851831000, "incomeBeforeTaxRatio": 0.8166660669, "incomeTaxExpense": 75360000, "netIncome": 7776471000, "netIncomeRatio": 0.8088279009, "eps": 37.74, "epsdiluted": 37.74, "weightedAverageShsOut": 206031682, "weightedAverageShsOutDil": 206039244, "link": "https://www.sec.gov/Archives/edgar/data/1404912/000104746911001800/0001047469-11-001800-index.htm", "finalLink": "https://www.sec.gov/Archives/edgar/data/1404912/000104746911001800/a2202142z10-k.htm", "calculatedOtherExpenses": -13407000, "calculatedOperatingExpenses": 1709564000, "calculatedNetInterest": 173725000, "calculatedOtherIncome": -226824000, "calculatedIncomeNonControlling": 0, "calculatedEbitda": 7904930000}, {"date": "2009-12-31", "symbol": "KKR", "reportedCurrency": "USD", "cik": "0001404912", "fillingDate": "2009-12-31", "acceptedDate": "2009-12-30 19:00:00", "calendarYear": "2009", "period": "FY", "revenue": 8085079000, "costOfRevenue": 0, "grossProfit": 8085079000, "grossProfitRatio": 1, "researchAndDevelopmentExpenses": 0, "generalAndAdministrativeExpenses": 1157697000, "sellingAndMarketingExpenses": 0, "sellingGeneralAndAdministrativeExpenses": 1157697000, "otherExpenses": 0, "operatingExpenses": 0, "costAndExpenses": 0, "interestIncome": 142117000, "interestExpense": 79638000, "depreciationAndAmortization": 0, "ebitda": -535998000, "ebitdaratio": -0.066294714, "operatingIncome": -535998000, "operatingIncomeRatio": -0.066294714, "totalOtherIncomeExpensesNet": 7425367000, "incomeBeforeTax": 6889369000, "incomeBeforeTaxRatio": 0.8521090517, "incomeTaxExpense": 36998000, "netIncome": 849685000, "netIncomeRatio": 0.1050929744, "eps": 4.15, "epsdiluted": 4.15, "weightedAverageShsOut": 204902226, "weightedAverageShsOutDil": 204902226, "link": null, "finalLink": null, "calculatedOtherExpenses": 7463380000, "calculatedOperatingExpenses": 8621077000, "calculatedNetInterest": 62479000, "calculatedOtherIncome": 7362888000, "calculatedIncomeNonControlling": 6002686000, "calculatedEbitda": -535998000}, {"date": "2008-12-31", "symbol": "KKR", "reportedCurrency": "USD", "cik": "0001404912", "fillingDate": "2008-12-31", "acceptedDate": "2008-12-30 19:00:00", "calendarYear": "2008", "period": "FY", "revenue": -12630058000, "costOfRevenue": 0, "grossProfit": -12630058000, "grossProfitRatio": 1, "researchAndDevelopmentExpenses": 0, "generalAndAdministrativeExpenses": 387958000, "sellingAndMarketingExpenses": 0, "sellingGeneralAndAdministrativeExpenses": 387958000, "otherExpenses": 0, "operatingExpenses": 0, "costAndExpenses": 0, "interestIncome": 129601000, "interestExpense": 125561000, "depreciationAndAmortization": 0, "ebitda": 21835000, "ebitdaratio": -0.0017288123, "operatingIncome": 21835000, "operatingIncomeRatio": -0.0017288123, "totalOtherIncomeExpensesNet": -13070281000, "incomeBeforeTax": -13048446000, "incomeBeforeTaxRatio": 1.033126372, "incomeTaxExpense": 6786000, "netIncome": -1204471000, "netIncomeRatio": 0.095365437, "eps": -5.88, "epsdiluted": -5.88, "weightedAverageShsOut": 204902226, "weightedAverageShsOutDil": 204902226, "link": null, "finalLink": null, "calculatedOtherExpenses": -13039851000, "calculatedOperatingExpenses": -12651893000, "calculatedNetInterest": 4040000, "calculatedOtherIncome": -13074321000, "calculatedIncomeNonControlling": -11850761000, "calculatedEbitda": 21835000}, {"date": "2007-12-31", "symbol": "KKR", "reportedCurrency": "USD", "cik": "0001404912", "fillingDate": "2007-12-31", "acceptedDate": "2007-12-30 19:00:00", "calendarYear": "2007", "period": "FY", "revenue": 2854048000, "costOfRevenue": 0, "grossProfit": 2854048000, "grossProfitRatio": 1, "researchAndDevelopmentExpenses": 0, "generalAndAdministrativeExpenses": 420842000, "sellingAndMarketingExpenses": 0, "sellingGeneralAndAdministrativeExpenses": 420842000, "otherExpenses": 0, "operatingExpenses": 0, "costAndExpenses": 0, "interestIncome": 218920000, "interestExpense": 86253000, "depreciationAndAmortization": 0, "ebitda": 1387819000, "ebitdaratio": 0.4862633705, "operatingIncome": 1387819000, "operatingIncomeRatio": 0.4862633705, "totalOtherIncomeExpensesNet": 1025319000, "incomeBeforeTax": 2413138000, "incomeBeforeTaxRatio": 0.8455141609, "incomeTaxExpense": 12064000, "netIncome": 802764000, "netIncomeRatio": 0.2812720739, "eps": 3.92, "epsdiluted": 3.92, "weightedAverageShsOut": 204902226, "weightedAverageShsOutDil": 204902226, "link": null, "finalLink": null, "calculatedOtherExpenses": 1045387000, "calculatedOperatingExpenses": 1466229000, "calculatedNetInterest": 132667000, "calculatedOtherIncome": 892652000, "calculatedIncomeNonControlling": 1598310000, "calculatedEbitda": 1387819000}]}