{"originalCurrency": "USD", "convertedCurrency": "USD", "report": [{"date": "2023-06-30", "symbol": "KLAC", "reportedCurrency": "USD", "cik": "0000319201", "fillingDate": "2023-08-04", "acceptedDate": "2023-08-04 16:09:10", "calendarYear": "2023", "period": "FY", "revenue": 10496056000, "costOfRevenue": 4218307000, "grossProfit": 6277749000, "grossProfitRatio": 0.598105517, "researchAndDevelopmentExpenses": 1296727000, "generalAndAdministrativeExpenses": 0, "sellingAndMarketingExpenses": 0, "sellingGeneralAndAdministrativeExpenses": 986326000, "otherExpenses": 104720000, "operatingExpenses": 2283053000, "costAndExpenses": 6501360000, "interestIncome": 74095000, "interestExpense": 296940000, "depreciationAndAmortization": 104813000, "ebitda": 4204229000, "ebitdaratio": 0.4005532173, "operatingIncome": 3994696000, "operatingIncomeRatio": 0.380590195, "totalOtherIncomeExpensesNet": 91434000, "incomeBeforeTax": 3789190000, "incomeBeforeTaxRatio": 0.3610108406, "incomeTaxExpense": 401839000, "netIncome": 3387277000, "netIncomeRatio": 0.3227190289, "eps": 24.28, "epsdiluted": 24.15, "weightedAverageShsOut": 139483000, "weightedAverageShsOutDil": 140235000, "link": "https://www.sec.gov/Archives/edgar/data/319201/000031920123000031/0000319201-23-000031-index.htm", "finalLink": "https://www.sec.gov/Archives/edgar/data/319201/000031920123000031/klac-20230630.htm", "calculatedOtherExpenses": 0, "calculatedOperatingExpenses": 2283053000, "calculatedNetInterest": -222845000, "calculatedOtherIncome": 17339000, "calculatedIncomeNonControlling": 74000, "calculatedEbitda": 4099509000}, {"date": "2022-06-30", "symbol": "KLAC", "reportedCurrency": "USD", "cik": "0000319201", "fillingDate": "2022-08-05", "acceptedDate": "2022-08-05 16:13:39", "calendarYear": "2022", "period": "FY", "revenue": 9211883000, "costOfRevenue": 3592441000, "grossProfit": 5619442000, "grossProfitRatio": 0.6100209914, "researchAndDevelopmentExpenses": 1105254000, "generalAndAdministrativeExpenses": 0, "sellingAndMarketingExpenses": 0, "sellingGeneralAndAdministrativeExpenses": 860007000, "otherExpenses": -4605000, "operatingExpenses": 1965261000, "costAndExpenses": 5557702000, "interestIncome": 8695000, "interestExpense": 160339000, "depreciationAndAmortization": 100848000, "ebitda": 3750424000, "ebitdaratio": 0.4071289225, "operatingIncome": 3649576000, "operatingIncomeRatio": 0.3961813236, "totalOtherIncomeExpensesNet": -160339000, "incomeBeforeTax": 3489237000, "incomeBeforeTaxRatio": 0.3787756531, "incomeTaxExpense": 167177000, "netIncome": 3321807000, "netIncomeRatio": 0.360600216, "eps": 22.07, "epsdiluted": 21.92, "weightedAverageShsOut": 150494000, "weightedAverageShsOutDil": 151555000, "link": "https://www.sec.gov/Archives/edgar/data/319201/000031920122000023/0000319201-22-000023-index.htm", "finalLink": "https://www.sec.gov/Archives/edgar/data/319201/000031920122000023/klac-20220630.htm", "calculatedOtherExpenses": 4605000, "calculatedOperatingExpenses": 1969866000, "calculatedNetInterest": -151644000, "calculatedOtherIncome": -8695000, "calculatedIncomeNonControlling": 253000, "calculatedEbitda": 3750424000}, {"date": "2021-06-30", "symbol": "KLAC", "reportedCurrency": "USD", "cik": "0000319201", "fillingDate": "2021-08-06", "acceptedDate": "2021-08-06 16:53:10", "calendarYear": "2021", "period": "FY", "revenue": 6918734000, "costOfRevenue": 2772165000, "grossProfit": 4146569000, "grossProfitRatio": 0.5993248187, "researchAndDevelopmentExpenses": 928487000, "generalAndAdministrativeExpenses": 0, "sellingAndMarketingExpenses": 0, "sellingGeneralAndAdministrativeExpenses": 729602000, "otherExpenses": 29302000, "operatingExpenses": 1658089000, "costAndExpenses": 4430254000, "interestIncome": 8929000, "interestExpense": 157328000, "depreciationAndAmortization": 333335000, "ebitda": 2851117000, "ebitdaratio": 0.4120865176, "operatingIncome": 2517782000, "operatingIncomeRatio": 0.3639079057, "totalOtherIncomeExpensesNet": -157328000, "incomeBeforeTax": 2360454000, "incomeBeforeTaxRatio": 0.3411684854, "incomeTaxExpense": 283101000, "netIncome": 2078292000, "netIncomeRatio": 0.3003861689, "eps": 13.49, "epsdiluted": 13.37, "weightedAverageShsOut": 154086000, "weightedAverageShsOutDil": 155437000, "link": "https://www.sec.gov/Archives/edgar/data/319201/000031920121000029/0000319201-21-000029-index.htm", "finalLink": "https://www.sec.gov/Archives/edgar/data/319201/000031920121000029/klac-20210630.htm", "calculatedOtherExpenses": -29302000, "calculatedOperatingExpenses": 1628787000, "calculatedNetInterest": -148399000, "calculatedOtherIncome": -8929000, "calculatedIncomeNonControlling": -939000, "calculatedEbitda": 2851117000}, {"date": "2020-06-30", "symbol": "KLAC", "reportedCurrency": "USD", "cik": "0000319201", "fillingDate": "2020-08-07", "acceptedDate": "2020-08-07 18:36:10", "calendarYear": "2020", "period": "FY", "revenue": 5806424000, "costOfRevenue": 2449561000, "grossProfit": 3356863000, "grossProfitRatio": 0.5781291549, "researchAndDevelopmentExpenses": 863864000, "generalAndAdministrativeExpenses": 0, "sellingAndMarketingExpenses": 0, "sellingGeneralAndAdministrativeExpenses": 734149000, "otherExpenses": -2678000, "operatingExpenses": 1598013000, "costAndExpenses": 4047574000, "interestIncome": 21646000, "interestExpense": 160274000, "depreciationAndAmortization": 348049000, "ebitda": 2104221000, "ebitdaratio": 0.3623953401, "operatingIncome": 1756172000, "operatingIncomeRatio": 0.3024532828, "totalOtherIncomeExpensesNet": -439461000, "incomeBeforeTax": 1316711000, "incomeBeforeTaxRatio": 0.2267679729, "incomeTaxExpense": 101686000, "netIncome": 1216785000, "netIncomeRatio": 0.2095584132, "eps": 7.76, "epsdiluted": 7.7, "weightedAverageShsOut": 156797000, "weightedAverageShsOutDil": 158005000, "link": "https://www.sec.gov/Archives/edgar/data/319201/000031920120000047/0000319201-20-000047-index.htm", "finalLink": "https://www.sec.gov/Archives/edgar/data/319201/000031920120000047/klac-20200630.htm", "calculatedOtherExpenses": 2678000, "calculatedOperatingExpenses": 1600691000, "calculatedNetInterest": -138628000, "calculatedOtherIncome": -300833000, "calculatedIncomeNonControlling": -1760000, "calculatedEbitda": 2104221000}, {"date": "2019-06-30", "symbol": "KLAC", "reportedCurrency": "USD", "cik": "0000319201", "fillingDate": "2019-08-16", "acceptedDate": "2019-08-16 16:58:19", "calendarYear": "2019", "period": "FY", "revenue": 4568904000, "costOfRevenue": 1869377000, "grossProfit": 2699527000, "grossProfitRatio": 0.590847827, "researchAndDevelopmentExpenses": 711030000, "generalAndAdministrativeExpenses": 0, "sellingAndMarketingExpenses": 0, "sellingGeneralAndAdministrativeExpenses": 599124000, "otherExpenses": -7933000, "operatingExpenses": 1310154000, "costAndExpenses": 3179531000, "interestIncome": 40367000, "interestExpense": 93142000, "depreciationAndAmortization": 233224000, "ebitda": 1389373000, "ebitdaratio": 0.3040932793, "operatingIncome": 1336598000, "operatingIncomeRatio": 0.292542369, "totalOtherIncomeExpensesNet": 140082000, "incomeBeforeTax": 1296231000, "incomeBeforeTaxRatio": 0.2837072086, "incomeTaxExpense": 121214000, "netIncome": 1175617000, "netIncomeRatio": 0.2573083173, "eps": 7.53, "epsdiluted": 7.49, "weightedAverageShsOut": 156053000, "weightedAverageShsOutDil": 156949000, "link": "https://www.sec.gov/Archives/edgar/data/319201/000031920119000031/0000319201-19-000031-index.htm", "finalLink": "https://www.sec.gov/Archives/edgar/data/319201/000031920119000031/klac10k2019.htm", "calculatedOtherExpenses": 52775000, "calculatedOperatingExpenses": 1362929000, "calculatedNetInterest": -52775000, "calculatedOtherIncome": 12408000, "calculatedIncomeNonControlling": -600000, "calculatedEbitda": 1569822000}, {"date": "2018-06-30", "symbol": "KLAC", "reportedCurrency": "USD", "cik": "0000319201", "fillingDate": "2018-08-06", "acceptedDate": "2018-08-06 16:48:30", "calendarYear": "2018", "period": "FY", "revenue": 4036701000, "costOfRevenue": 1447369000, "grossProfit": 2589332000, "grossProfitRatio": 0.6414475583, "researchAndDevelopmentExpenses": 608712000, "generalAndAdministrativeExpenses": 443426000, "sellingAndMarketingExpenses": 0, "sellingGeneralAndAdministrativeExpenses": 443426000, "otherExpenses": -2839000, "operatingExpenses": 1052138000, "costAndExpenses": 2499507000, "interestIncome": 36869000, "interestExpense": 81263000, "depreciationAndAmortization": 62684000, "ebitda": 1599878000, "ebitdaratio": 0.3963330452, "operatingIncome": 1537194000, "operatingIncomeRatio": 0.3808045233, "totalOtherIncomeExpensesNet": -3756000, "incomeBeforeTax": 1455931000, "incomeBeforeTaxRatio": 0.3606734806, "incomeTaxExpense": 653666000, "netIncome": 802265000, "netIncomeRatio": 0.1987427357, "eps": 5.13, "epsdiluted": 5.1, "weightedAverageShsOut": 156346000, "weightedAverageShsOutDil": 157378000, "link": "https://www.sec.gov/Archives/edgar/data/319201/000031920118000045/0000319201-18-000045-index.htm", "finalLink": "https://www.sec.gov/Archives/edgar/data/319201/000031920118000045/klac10k2018.htm", "calculatedOtherExpenses": 0, "calculatedOperatingExpenses": 1052138000, "calculatedNetInterest": -44394000, "calculatedOtherIncome": -36869000, "calculatedIncomeNonControlling": 0, "calculatedEbitda": 1599878000}, {"date": "2017-06-30", "symbol": "KLAC", "reportedCurrency": "USD", "cik": "0000319201", "fillingDate": "2017-08-04", "acceptedDate": "2017-08-04 17:12:04", "calendarYear": "2017", "period": "FY", "revenue": 3480014000, "costOfRevenue": 1287547000, "grossProfit": 2192467000, "grossProfitRatio": 0.6300167183, "researchAndDevelopmentExpenses": 526870000, "generalAndAdministrativeExpenses": 389336000, "sellingAndMarketingExpenses": 0, "sellingGeneralAndAdministrativeExpenses": 389336000, "otherExpenses": -3359000, "operatingExpenses": 916206000, "costAndExpenses": 2203753000, "interestIncome": 23270000, "interestExpense": 103015000, "depreciationAndAmortization": 57836000, "ebitda": 1276261000, "ebitdaratio": 0.3667401913, "operatingIncome": 1276261000, "operatingIncomeRatio": 0.3667401913, "totalOtherIncomeExpensesNet": -3809000, "incomeBeforeTax": 1173246000, "incomeBeforeTaxRatio": 0.3371382989, "incomeTaxExpense": 247170000, "netIncome": 926076000, "netIncomeRatio": 0.2661127225, "eps": 5.92, "epsdiluted": 5.88, "weightedAverageShsOut": 156468000, "weightedAverageShsOutDil": 157481000, "link": "https://www.sec.gov/Archives/edgar/data/319201/000031920117000034/0000319201-17-000034-index.htm", "finalLink": "https://www.sec.gov/Archives/edgar/data/319201/000031920117000034/klac10k2017.htm", "calculatedOtherExpenses": 0, "calculatedOperatingExpenses": 916206000, "calculatedNetInterest": -79745000, "calculatedOtherIncome": -23270000, "calculatedIncomeNonControlling": 0, "calculatedEbitda": 1334097000}, {"date": "2016-06-30", "symbol": "KLAC", "reportedCurrency": "USD", "cik": "0000319201", "fillingDate": "2016-08-05", "acceptedDate": "2016-08-05 17:00:53", "calendarYear": "2016", "period": "FY", "revenue": 2984493000, "costOfRevenue": 1163391000, "grossProfit": 1821102000, "grossProfitRatio": 0.6101880621, "researchAndDevelopmentExpenses": 481258000, "generalAndAdministrativeExpenses": 379399000, "sellingAndMarketingExpenses": 0, "sellingGeneralAndAdministrativeExpenses": 379399000, "otherExpenses": 7051000, "operatingExpenses": 860657000, "costAndExpenses": 2024048000, "interestIncome": 14507000, "interestExpense": 102253000, "depreciationAndAmortization": 66932000, "ebitda": 960445000, "ebitdaratio": 0.3218117784, "operatingIncome": 960445000, "operatingIncomeRatio": 0.3218117784, "totalOtherIncomeExpensesNet": 6127000, "incomeBeforeTax": 858192000, "incomeBeforeTaxRatio": 0.2875503477, "incomeTaxExpense": 153770000, "netIncome": 704422000, "netIncomeRatio": 0.2360273588, "eps": 4.52, "epsdiluted": 4.49, "weightedAverageShsOut": 155869000, "weightedAverageShsOutDil": 156779000, "link": "https://www.sec.gov/Archives/edgar/data/319201/000031920116000090/0000319201-16-000090-index.htm", "finalLink": "https://www.sec.gov/Archives/edgar/data/319201/000031920116000090/klac10k2016.htm", "calculatedOtherExpenses": 0, "calculatedOperatingExpenses": 860657000, "calculatedNetInterest": -87746000, "calculatedOtherIncome": -14507000, "calculatedIncomeNonControlling": 0, "calculatedEbitda": 1027377000}, {"date": "2015-06-30", "symbol": "KLAC", "reportedCurrency": "USD", "cik": "0000319201", "fillingDate": "2015-08-07", "acceptedDate": "2015-08-07 16:31:43", "calendarYear": "2015", "period": "FY", "revenue": 2814049000, "costOfRevenue": 1215229000, "grossProfit": 1598820000, "grossProfitRatio": 0.568156418, "researchAndDevelopmentExpenses": 530616000, "generalAndAdministrativeExpenses": 406864000, "sellingAndMarketingExpenses": 0, "sellingGeneralAndAdministrativeExpenses": 406864000, "otherExpenses": -2431000, "operatingExpenses": 937480000, "costAndExpenses": 2152709000, "interestIncome": 12545000, "interestExpense": 95540000, "depreciationAndAmortization": 80536000, "ebitda": 741876000, "ebitdaratio": 0.263632936, "operatingIncome": 661340000, "operatingIncomeRatio": 0.235013676, "totalOtherIncomeExpensesNet": -131669000, "incomeBeforeTax": 434131000, "incomeBeforeTaxRatio": 0.1542727223, "incomeTaxExpense": 67973000, "netIncome": 366158000, "netIncomeRatio": 0.130117848, "eps": 2.26, "epsdiluted": 2.24, "weightedAverageShsOut": 162282000, "weightedAverageShsOutDil": 163701000, "link": "https://www.sec.gov/Archives/edgar/data/319201/000031920115000053/0000319201-15-000053-index.htm", "finalLink": "https://www.sec.gov/Archives/edgar/data/319201/000031920115000053/klac10k2015.htm", "calculatedOtherExpenses": 0, "calculatedOperatingExpenses": 937480000, "calculatedNetInterest": -82995000, "calculatedOtherIncome": -144214000, "calculatedIncomeNonControlling": 0, "calculatedEbitda": 741876000}, {"date": "2014-06-30", "symbol": "KLAC", "reportedCurrency": "USD", "cik": "0000319201", "fillingDate": "2014-08-08", "acceptedDate": "2014-08-08 16:20:32", "calendarYear": "2014", "period": "FY", "revenue": 2929408000, "costOfRevenue": 1232962000, "grossProfit": 1696446000, "grossProfitRatio": 0.5791088165, "researchAndDevelopmentExpenses": 539469000, "generalAndAdministrativeExpenses": 384907000, "sellingAndMarketingExpenses": 0, "sellingGeneralAndAdministrativeExpenses": 384907000, "otherExpenses": 1926000, "operatingExpenses": 924376000, "costAndExpenses": 2157338000, "interestIncome": -37609000, "interestExpense": 37609000, "depreciationAndAmortization": 83072000, "ebitda": 855142000, "ebitdaratio": 0.2919163189, "operatingIncome": 772070000, "operatingIncomeRatio": 0.2635583708, "totalOtherIncomeExpensesNet": 2648000, "incomeBeforeTax": 734461000, "incomeBeforeTaxRatio": 0.2507199407, "incomeTaxExpense": 151706000, "netIncome": 582755000, "netIncomeRatio": 0.1989326854, "eps": 3.51, "epsdiluted": 3.47, "weightedAverageShsOut": 166016000, "weightedAverageShsOutDil": 168118000, "link": "https://www.sec.gov/Archives/edgar/data/319201/000031920114000038/0000319201-14-000038-index.htm", "finalLink": "https://www.sec.gov/Archives/edgar/data/319201/000031920114000038/klac10k2014.htm", "calculatedOtherExpenses": 0, "calculatedOperatingExpenses": 924376000, "calculatedNetInterest": -75218000, "calculatedOtherIncome": 37609000, "calculatedIncomeNonControlling": 0, "calculatedEbitda": 855142000}, {"date": "2013-06-30", "symbol": "KLAC", "reportedCurrency": "USD", "cik": "0000319201", "fillingDate": "2013-08-08", "acceptedDate": "2013-08-08 16:10:34", "calendarYear": "2013", "period": "FY", "revenue": 2842781000, "costOfRevenue": 1237452000, "grossProfit": 1605329000, "grossProfitRatio": 0.5647037179, "researchAndDevelopmentExpenses": 487832000, "generalAndAdministrativeExpenses": 387812000, "sellingAndMarketingExpenses": 0, "sellingGeneralAndAdministrativeExpenses": 387812000, "otherExpenses": -1149000, "operatingExpenses": 875644000, "costAndExpenses": 2113096000, "interestIncome": -39064000, "interestExpense": 39064000, "depreciationAndAmortization": 87534000, "ebitda": 817219000, "ebitdaratio": 0.2874716695, "operatingIncome": 729685000, "operatingIncomeRatio": 0.2566799905, "totalOtherIncomeExpensesNet": 136000, "incomeBeforeTax": 690621000, "incomeBeforeTaxRatio": 0.2429385169, "incomeTaxExpense": 147472000, "netIncome": 543149000, "netIncomeRatio": 0.1910625546, "eps": 3.27, "epsdiluted": 3.21, "weightedAverageShsOut": 166089000, "weightedAverageShsOutDil": 169260000, "link": "https://www.sec.gov/Archives/edgar/data/319201/000031920113000033/0000319201-13-000033-index.htm", "finalLink": "https://www.sec.gov/Archives/edgar/data/319201/000031920113000033/klac10k2013.htm", "calculatedOtherExpenses": 0, "calculatedOperatingExpenses": 875644000, "calculatedNetInterest": -78128000, "calculatedOtherIncome": 39064000, "calculatedIncomeNonControlling": 0, "calculatedEbitda": 817219000}, {"date": "2012-06-30", "symbol": "KLAC", "reportedCurrency": "USD", "cik": "0000319201", "fillingDate": "2012-08-06", "acceptedDate": "2012-08-06 17:18:59", "calendarYear": "2012", "period": "FY", "revenue": 3171944000, "costOfRevenue": 1330016000, "grossProfit": 1841928000, "grossProfitRatio": 0.5806937323, "researchAndDevelopmentExpenses": 452937000, "generalAndAdministrativeExpenses": 372666000, "sellingAndMarketingExpenses": 0, "sellingGeneralAndAdministrativeExpenses": 372666000, "otherExpenses": -1128000, "operatingExpenses": 825603000, "costAndExpenses": 2155619000, "interestIncome": -42231000, "interestExpense": 42231000, "depreciationAndAmortization": 92133000, "ebitda": 1016325000, "ebitdaratio": 0.3204107639, "operatingIncome": 1016325000, "operatingIncomeRatio": 0.3204107639, "totalOtherIncomeExpensesNet": -3355000, "incomeBeforeTax": 974094000, "incomeBeforeTaxRatio": 0.3070968466, "incomeTaxExpense": 218079000, "netIncome": 756015000, "netIncomeRatio": 0.2383443718, "eps": 4.53, "epsdiluted": 4.44, "weightedAverageShsOut": 166795000, "weightedAverageShsOutDil": 170147000, "link": "https://www.sec.gov/Archives/edgar/data/319201/000031920112000008/0000319201-12-000008-index.htm", "finalLink": "https://www.sec.gov/Archives/edgar/data/319201/000031920112000008/klac10k2012.htm", "calculatedOtherExpenses": 0, "calculatedOperatingExpenses": 825603000, "calculatedNetInterest": -84462000, "calculatedOtherIncome": 42231000, "calculatedIncomeNonControlling": 0, "calculatedEbitda": 1108458000}, {"date": "2011-06-30", "symbol": "KLAC", "reportedCurrency": "USD", "cik": "0000319201", "fillingDate": "2011-08-05", "acceptedDate": "2011-08-05 17:09:55", "calendarYear": "2011", "period": "FY", "revenue": 3175167000, "costOfRevenue": 1259243000, "grossProfit": 1915924000, "grossProfitRatio": 0.6034088916, "researchAndDevelopmentExpenses": 386163000, "generalAndAdministrativeExpenses": 369431000, "sellingAndMarketingExpenses": 0, "sellingGeneralAndAdministrativeExpenses": 369431000, "otherExpenses": 0, "operatingExpenses": 755594000, "costAndExpenses": 2014837000, "interestIncome": 15513000, "interestExpense": 54328000, "depreciationAndAmortization": 86044000, "ebitda": 1160330000, "ebitdaratio": 0.3654390462, "operatingIncome": 1160330000, "operatingIncomeRatio": 0.3654390462, "totalOtherIncomeExpensesNet": -2108000, "incomeBeforeTax": 1110066000, "incomeBeforeTaxRatio": 0.3496086977, "incomeTaxExpense": 315578000, "netIncome": 794488000, "netIncomeRatio": 0.2502192798, "eps": 4.75, "epsdiluted": 4.66, "weightedAverageShsOut": 167261000, "weightedAverageShsOutDil": 170352000, "link": "https://www.sec.gov/Archives/edgar/data/319201/000144530511002394/0001445305-11-002394-index.htm", "finalLink": "https://www.sec.gov/Archives/edgar/data/319201/000144530511002394/klac10k2011.htm", "calculatedOtherExpenses": 0, "calculatedOperatingExpenses": 755594000, "calculatedNetInterest": -38815000, "calculatedOtherIncome": -11449000, "calculatedIncomeNonControlling": 0, "calculatedEbitda": 1246374000}, {"date": "2010-06-30", "symbol": "KLAC", "reportedCurrency": "USD", "cik": "0000319201", "fillingDate": "2010-08-06", "acceptedDate": "2010-08-05 19:25:05", "calendarYear": "2010", "period": "FY", "revenue": 1820760000, "costOfRevenue": 815662000, "grossProfit": 1005098000, "grossProfitRatio": 0.552021134, "researchAndDevelopmentExpenses": 329560000, "generalAndAdministrativeExpenses": 361372000, "sellingAndMarketingExpenses": 0, "sellingGeneralAndAdministrativeExpenses": 361372000, "otherExpenses": 0, "operatingExpenses": 690932000, "costAndExpenses": 1506594000, "interestIncome": 17512000, "interestExpense": 54517000, "depreciationAndAmortization": 87348000, "ebitda": 314166000, "ebitdaratio": 0.1725466289, "operatingIncome": 314166000, "operatingIncomeRatio": 0.1725466289, "totalOtherIncomeExpensesNet": 14020000, "incomeBeforeTax": 291181000, "incomeBeforeTaxRatio": 0.1599227795, "incomeTaxExpense": 78881000, "netIncome": 212300000, "netIncomeRatio": 0.1165996617, "eps": 1.24, "epsdiluted": 1.23, "weightedAverageShsOut": 170652000, "weightedAverageShsOutDil": 173034000, "link": "https://www.sec.gov/Archives/edgar/data/319201/000119312510179757/0001193125-10-179757-index.htm", "finalLink": "https://www.sec.gov/Archives/edgar/data/319201/000119312510179757/d10k.htm", "calculatedOtherExpenses": 0, "calculatedOperatingExpenses": 690932000, "calculatedNetInterest": -37005000, "calculatedOtherIncome": 14020000, "calculatedIncomeNonControlling": 0, "calculatedEbitda": 401514000}, {"date": "2009-06-30", "symbol": "KLAC", "reportedCurrency": "USD", "cik": "0000319201", "fillingDate": "2009-08-07", "acceptedDate": "2009-08-06 18:47:45", "calendarYear": "2009", "period": "FY", "revenue": 1520216000, "costOfRevenue": 864824000, "grossProfit": 655392000, "grossProfitRatio": 0.4311176833, "researchAndDevelopmentExpenses": 371463000, "generalAndAdministrativeExpenses": 415126000, "sellingAndMarketingExpenses": 0, "sellingGeneralAndAdministrativeExpenses": 415126000, "otherExpenses": 446744000, "operatingExpenses": 786589000, "costAndExpenses": 1651413000, "interestIncome": 24590000, "interestExpense": 55339000, "depreciationAndAmortization": 135848000, "ebitda": 315547000, "ebitdaratio": 0.2075672141, "operatingIncome": -577941000, "operatingIncomeRatio": -0.3801703179, "totalOtherIncomeExpensesNet": -446744000, "incomeBeforeTax": -602531000, "incomeBeforeTaxRatio": -0.3963456509, "incomeTaxExpense": -79163000, "netIncome": -523368000, "netIncomeRatio": -0.3442721297, "eps": -3.07, "epsdiluted": -3.07, "weightedAverageShsOut": 170253000, "weightedAverageShsOutDil": 170253000, "link": "https://www.sec.gov/Archives/edgar/data/319201/000119312509167528/0001193125-09-167528-index.htm", "finalLink": "https://www.sec.gov/Archives/edgar/data/319201/000119312509167528/d10k.htm", "calculatedOtherExpenses": 446744000, "calculatedOperatingExpenses": 1233333000, "calculatedNetInterest": -30749000, "calculatedOtherIncome": 6159000, "calculatedIncomeNonControlling": 0, "calculatedEbitda": -442093000}, {"date": "2008-06-30", "symbol": "KLAC", "reportedCurrency": "USD", "cik": "0000319201", "fillingDate": "2008-08-07", "acceptedDate": "2008-08-07 06:16:46", "calendarYear": "2008", "period": "FY", "revenue": 2521716000, "costOfRevenue": 1145416000, "grossProfit": 1376300000, "grossProfitRatio": 0.545779144, "researchAndDevelopmentExpenses": 409973000, "generalAndAdministrativeExpenses": 466951000, "sellingAndMarketingExpenses": 0, "sellingGeneralAndAdministrativeExpenses": 466951000, "otherExpenses": 0, "operatingExpenses": 876924000, "costAndExpenses": 2022340000, "interestIncome": 0, "interestExpense": 10767000, "depreciationAndAmortization": 126376000, "ebitda": 601136000, "ebitdaratio": 0.2383837038, "operatingIncome": 499376000, "operatingIncomeRatio": 0.1980302302, "totalOtherIncomeExpensesNet": 24616000, "incomeBeforeTax": 560234000, "incomeBeforeTaxRatio": 0.2221637964, "incomeTaxExpense": 201151000, "netIncome": 359083000, "netIncomeRatio": 0.1423962889, "eps": 1.99, "epsdiluted": 1.95, "weightedAverageShsOut": 180594000, "weightedAverageShsOutDil": 184259000, "link": "https://www.sec.gov/Archives/edgar/data/319201/000119312508169062/0001193125-08-169062-index.htm", "finalLink": "https://www.sec.gov/Archives/edgar/data/319201/000119312508169062/d10k.htm", "calculatedOtherExpenses": 0, "calculatedOperatingExpenses": 876924000, "calculatedNetInterest": -10767000, "calculatedOtherIncome": 71625000, "calculatedIncomeNonControlling": 0, "calculatedEbitda": 625752000}, {"date": "2007-06-30", "symbol": "KLAC", "reportedCurrency": "USD", "cik": "0000319201", "fillingDate": "2007-08-20", "acceptedDate": "2007-08-17 18:30:31", "calendarYear": "2007", "period": "FY", "revenue": 2731229000, "costOfRevenue": 1190323000, "grossProfit": 1540906000, "grossProfitRatio": 0.5641804477, "researchAndDevelopmentExpenses": 437513000, "generalAndAdministrativeExpenses": 513525000, "sellingAndMarketingExpenses": 0, "sellingGeneralAndAdministrativeExpenses": 513525000, "otherExpenses": 0, "operatingExpenses": 951038000, "costAndExpenses": 2141361000, "interestIncome": 0, "interestExpense": 0, "depreciationAndAmortization": 109290000, "ebitda": 685211000, "ebitdaratio": 0.2508800983, "operatingIncome": 589868000, "operatingIncomeRatio": 0.2159716377, "totalOtherIncomeExpensesNet": 13947000, "incomeBeforeTax": 677235000, "incomeBeforeTaxRatio": 0.2479598012, "incomeTaxExpense": 150509000, "netIncome": 528098000, "netIncomeRatio": 0.1933554455, "eps": 2.68, "epsdiluted": 2.61, "weightedAverageShsOut": 197126000, "weightedAverageShsOutDil": 202204000, "link": "https://www.sec.gov/Archives/edgar/data/319201/000119312507185381/0001193125-07-185381-index.htm", "finalLink": "https://www.sec.gov/Archives/edgar/data/319201/000119312507185381/d10k.htm", "calculatedOtherExpenses": 0, "calculatedOperatingExpenses": 951038000, "calculatedNetInterest": 0, "calculatedOtherIncome": 87367000, "calculatedIncomeNonControlling": -1372000, "calculatedEbitda": 699158000}, {"date": "2006-06-30", "symbol": "KLAC", "reportedCurrency": "USD", "cik": "0000319201", "fillingDate": "2007-01-29", "acceptedDate": "2007-01-29 08:02:41", "calendarYear": "2006", "period": "FY", "revenue": 2070627000, "costOfRevenue": 942091000, "grossProfit": 1128536000, "grossProfitRatio": 0.5450213872, "researchAndDevelopmentExpenses": 393823000, "generalAndAdministrativeExpenses": 424922000, "sellingAndMarketingExpenses": 0, "sellingGeneralAndAdministrativeExpenses": 424922000, "otherExpenses": 0, "operatingExpenses": 818745000, "costAndExpenses": 1760836000, "interestIncome": 0, "interestExpense": 0, "depreciationAndAmortization": 69436000, "ebitda": 375402000, "ebitdaratio": 0.1812987081, "operatingIncome": 309791000, "operatingIncomeRatio": 0.1496121706, "totalOtherIncomeExpensesNet": 3825000, "incomeBeforeTax": 377858000, "incomeBeforeTaxRatio": 0.1824848222, "incomeTaxExpense": 1507000, "netIncome": 380452000, "netIncomeRatio": 0.1837375829, "eps": 1.92, "epsdiluted": 1.86, "weightedAverageShsOut": 198625000, "weightedAverageShsOutDil": 204097000, "link": "https://www.sec.gov/Archives/edgar/data/319201/000119312507014655/0001193125-07-014655-index.htm", "finalLink": "https://www.sec.gov/Archives/edgar/data/319201/000119312507014655/d10k.htm", "calculatedOtherExpenses": 0, "calculatedOperatingExpenses": 818745000, "calculatedNetInterest": 0, "calculatedOtherIncome": 68067000, "calculatedIncomeNonControlling": -4101000, "calculatedEbitda": 379227000}, {"date": "2005-06-30", "symbol": "KLAC", "reportedCurrency": "USD", "cik": "0000319201", "fillingDate": "2005-09-02", "acceptedDate": "2005-09-02 12:48:09", "calendarYear": "2005", "period": "FY", "revenue": 2085153000, "costOfRevenue": 862353000, "grossProfit": 1222800000, "grossProfitRatio": 0.586431787, "researchAndDevelopmentExpenses": 340277000, "generalAndAdministrativeExpenses": 299961000, "sellingAndMarketingExpenses": 0, "sellingGeneralAndAdministrativeExpenses": 299961000, "otherExpenses": 0, "operatingExpenses": 640238000, "costAndExpenses": 1502591000, "interestIncome": 0, "interestExpense": 0, "depreciationAndAmortization": 70853000, "ebitda": 652693000, "ebitdaratio": 0.3130192365, "operatingIncome": 582562000, "operatingIncomeRatio": 0.2793857333, "totalOtherIncomeExpensesNet": 722000, "incomeBeforeTax": 620317000, "incomeBeforeTaxRatio": 0.2974923183, "incomeTaxExpense": 157000000, "netIncome": 466695000, "netIncomeRatio": 0.2238181083, "eps": 2.27, "epsdiluted": 2.21, "weightedAverageShsOut": 196346000, "weightedAverageShsOutDil": 201126000, "link": "https://www.sec.gov/Archives/edgar/data/319201/000120677405001516/0001206774-05-001516-index.htm", "finalLink": "https://www.sec.gov/Archives/edgar/data/319201/000120677405001516/kt71640.htm", "calculatedOtherExpenses": 0, "calculatedOperatingExpenses": 640238000, "calculatedNetInterest": 0, "calculatedOtherIncome": 37755000, "calculatedIncomeNonControlling": -3378000, "calculatedEbitda": 653415000}, {"date": "2004-06-30", "symbol": "KLAC", "reportedCurrency": "USD", "cik": "0000319201", "fillingDate": "2004-08-30", "acceptedDate": "2004-08-30 17:27:34", "calendarYear": "2004", "period": "FY", "revenue": 1496718000, "costOfRevenue": 670013000, "grossProfit": 826705000, "grossProfitRatio": 0.552345198, "researchAndDevelopmentExpenses": 280641000, "generalAndAdministrativeExpenses": 248706000, "sellingAndMarketingExpenses": 0, "sellingGeneralAndAdministrativeExpenses": 248706000, "otherExpenses": 0, "operatingExpenses": 529347000, "costAndExpenses": 1199360000, "interestIncome": 0, "interestExpense": 0, "depreciationAndAmortization": 82926000, "ebitda": 372766000, "ebitdaratio": 0.2490556003, "operatingIncome": 297358000, "operatingIncomeRatio": 0.198673364, "totalOtherIncomeExpensesNet": 7518000, "incomeBeforeTax": 324716000, "incomeBeforeTaxRatio": 0.2169520244, "incomeTaxExpense": 81015000, "netIncome": 243701000, "netIncomeRatio": 0.1628235914, "eps": 1.09, "epsdiluted": 1.05, "weightedAverageShsOut": 194932110, "weightedAverageShsOutDil": 202358095, "link": "https://www.sec.gov/Archives/edgar/data/319201/000120677404001081/0001206774-04-001081-index.htm", "finalLink": "https://www.sec.gov/Archives/edgar/data/319201/000120677404001081/kl71293.htm", "calculatedOtherExpenses": 0, "calculatedOperatingExpenses": 529347000, "calculatedNetInterest": 0, "calculatedOtherIncome": 27358000, "calculatedIncomeNonControlling": 0, "calculatedEbitda": 380284000}, {"date": "2003-06-30", "symbol": "KLAC", "reportedCurrency": "USD", "cik": "0000319201", "fillingDate": "2003-09-16", "acceptedDate": "2003-09-15 20:20:05", "calendarYear": "2003", "period": "FY", "revenue": 1323049000, "costOfRevenue": 671505000, "grossProfit": 651544000, "grossProfitRatio": 0.4924564396, "researchAndDevelopmentExpenses": 268291000, "generalAndAdministrativeExpenses": 253933000, "sellingAndMarketingExpenses": 0, "sellingGeneralAndAdministrativeExpenses": 253933000, "otherExpenses": 19961000, "operatingExpenses": 542185000, "costAndExpenses": 1213690000, "interestIncome": 0, "interestExpense": 0, "depreciationAndAmortization": 71448000, "ebitda": 171405000, "ebitdaratio": 0.1295530249, "operatingIncome": 138722000, "operatingIncomeRatio": 0.1048502361, "totalOtherIncomeExpensesNet": 9402000, "incomeBeforeTax": 180518000, "incomeBeforeTaxRatio": 0.1364409028, "incomeTaxExpense": 43327000, "netIncome": 137191000, "netIncomeRatio": 0.1036930605, "eps": 0.5, "epsdiluted": 0.48, "weightedAverageShsOut": 189511000, "weightedAverageShsOutDil": 194121000, "link": "https://www.sec.gov/Archives/edgar/data/319201/000031920103000112/0000319201-03-000112-index.htm", "finalLink": "https://www.sec.gov/Archives/edgar/data/319201/000031920103000112/fy2003kla10k.htm", "calculatedOtherExpenses": -9402000, "calculatedOperatingExpenses": 512822000, "calculatedNetInterest": 0, "calculatedOtherIncome": 41796000, "calculatedIncomeNonControlling": 0, "calculatedEbitda": 210170000}, {"date": "2002-06-30", "symbol": "KLAC", "reportedCurrency": "USD", "cik": "0000319201", "fillingDate": "2002-09-20", "acceptedDate": "2002-09-20 13:45:11", "calendarYear": "2002", "period": "FY", "revenue": 1637282000, "costOfRevenue": 814393000, "grossProfit": 822889000, "grossProfitRatio": 0.5025945439, "researchAndDevelopmentExpenses": 287408000, "generalAndAdministrativeExpenses": 290588000, "sellingAndMarketingExpenses": 0, "sellingGeneralAndAdministrativeExpenses": 290588000, "otherExpenses": 0, "operatingExpenses": 577996000, "costAndExpenses": 1392389000, "interestIncome": 0, "interestExpense": 0, "depreciationAndAmortization": 69590000, "ebitda": 314483000, "ebitdaratio": 0.1920762581, "operatingIncome": 244893000, "operatingIncomeRatio": 0.1495728897, "totalOtherIncomeExpensesNet": 42563000, "incomeBeforeTax": 287456000, "incomeBeforeTaxRatio": 0.1755690223, "incomeTaxExpense": 71290000, "netIncome": 216166000, "netIncomeRatio": 0.1320273478, "eps": 1.15, "epsdiluted": 1.1, "weightedAverageShsOut": 187667000, "weightedAverageShsOutDil": 196594000, "link": "https://www.sec.gov/Archives/edgar/data/319201/000031920102000008/0000319201-02-000008-index.htm", "finalLink": "https://www.sec.gov/Archives/edgar/data/319201/000031920102000008/fy02_10k0920.txt", "calculatedOtherExpenses": 0, "calculatedOperatingExpenses": 577996000, "calculatedNetInterest": 0, "calculatedOtherIncome": 42563000, "calculatedIncomeNonControlling": 0, "calculatedEbitda": 314483000}, {"date": "2001-06-30", "symbol": "KLAC", "reportedCurrency": "USD", "cik": "0000319201", "fillingDate": "2001-09-21", "acceptedDate": "2001-09-21 00:00:00", "calendarYear": "2001", "period": "FY", "revenue": 2103757000, "costOfRevenue": 937152000, "grossProfit": 1166605000, "grossProfitRatio": 0.5545341026, "researchAndDevelopmentExpenses": 355772000, "generalAndAdministrativeExpenses": 354368000, "sellingAndMarketingExpenses": 0, "sellingGeneralAndAdministrativeExpenses": 354368000, "otherExpenses": 0, "operatingExpenses": 710140000, "costAndExpenses": 1647292000, "interestIncome": 0, "interestExpense": 0, "depreciationAndAmortization": 55649000, "ebitda": 510111000, "ebitdaratio": 0.2424761985, "operatingIncome": 458468000, "operatingIncomeRatio": 0.2179282113, "totalOtherIncomeExpensesNet": 2003000, "incomeBeforeTax": 512584000, "incomeBeforeTaxRatio": 0.2436517145, "incomeTaxExpense": 139526000, "netIncome": 66683000, "netIncomeRatio": 0.0316971019, "eps": 0.36, "epsdiluted": 0.34, "weightedAverageShsOut": 185230556, "weightedAverageShsOutDil": 196126471, "link": "https://www.sec.gov/Archives/edgar/data/319201/000109581101505048/0001095811-01-505048-index.htm", "finalLink": "https://www.sec.gov/Archives/edgar/data/319201/000109581101505048/f75863e10-k.txt", "calculatedOtherExpenses": -2003000, "calculatedOperatingExpenses": 708137000, "calculatedNetInterest": 0, "calculatedOtherIncome": 54116000, "calculatedIncomeNonControlling": 306375000, "calculatedEbitda": 514117000}, {"date": "2000-06-30", "symbol": "KLAC", "reportedCurrency": "USD", "cik": "0000319201", "fillingDate": "2000-09-28", "acceptedDate": "2000-09-28 00:00:00", "calendarYear": "2000", "period": "FY", "revenue": 1498812000, "costOfRevenue": 677805000, "grossProfit": 821007000, "grossProfitRatio": 0.5477718353, "researchAndDevelopmentExpenses": 246227000, "generalAndAdministrativeExpenses": 267877000, "sellingAndMarketingExpenses": 0, "sellingGeneralAndAdministrativeExpenses": 267877000, "otherExpenses": 0, "operatingExpenses": 514104000, "costAndExpenses": 1191909000, "interestIncome": 0, "interestExpense": 0, "depreciationAndAmortization": 63338000, "ebitda": 365603000, "ebitdaratio": 0.2439285247, "operatingIncome": 311541000, "operatingIncomeRatio": 0.207858624, "totalOtherIncomeExpensesNet": 4638000, "incomeBeforeTax": 353077000, "incomeBeforeTaxRatio": 0.2355712391, "incomeTaxExpense": 99279000, "netIncome": 253798000, "netIncomeRatio": 0.1693327782, "eps": 1.39, "epsdiluted": 1.32, "weightedAverageShsOut": 182177000, "weightedAverageShsOutDil": 192564000, "link": "https://www.sec.gov/Archives/edgar/data/319201/000109581100003641/0001095811-00-003641-index.htm", "finalLink": "https://www.sec.gov/Archives/edgar/data/319201/000109581100003641/f65839e10-k.txt", "calculatedOtherExpenses": -4638000, "calculatedOperatingExpenses": 509466000, "calculatedNetInterest": 0, "calculatedOtherIncome": 41536000, "calculatedIncomeNonControlling": 0, "calculatedEbitda": 374879000}, {"date": "1999-06-30", "symbol": "KLAC", "reportedCurrency": "USD", "cik": "0000319201", "fillingDate": "1999-09-28", "acceptedDate": "1999-09-28 00:00:00", "calendarYear": "1999", "period": "FY", "revenue": 843200000, "costOfRevenue": 447100000, "grossProfit": 396100000, "grossProfitRatio": 0.4697580645, "researchAndDevelopmentExpenses": 164700000, "generalAndAdministrativeExpenses": 199100000, "sellingAndMarketingExpenses": 0, "sellingGeneralAndAdministrativeExpenses": 199100000, "otherExpenses": -100000, "operatingExpenses": 363700000, "costAndExpenses": 810800000, "interestIncome": 0, "interestExpense": 0, "depreciationAndAmortization": 48200000, "ebitda": 123300000, "ebitdaratio": 0.1462286528, "operatingIncome": -10300000, "operatingIncomeRatio": -0.01221537, "totalOtherIncomeExpensesNet": -42700000, "incomeBeforeTax": 50300000, "incomeBeforeTaxRatio": 0.0596537002, "incomeTaxExpense": 11100000, "netIncome": 39200000, "netIncomeRatio": 0.0464895636, "eps": 0.11, "epsdiluted": 0.11, "weightedAverageShsOut": 350948000, "weightedAverageShsOutDil": 366688000, "link": "https://www.sec.gov/Archives/edgar/data/319201/000089161899004364/0000891618-99-004364-index.html", "finalLink": "https://www.sec.gov/Archives/edgar/data/319201/000089161899004364/", "calculatedOtherExpenses": 42600000, "calculatedOperatingExpenses": 406400000, "calculatedNetInterest": 0, "calculatedOtherIncome": 60600000, "calculatedIncomeNonControlling": 0, "calculatedEbitda": 37900000}, {"date": "1998-06-30", "symbol": "KLAC", "reportedCurrency": "USD", "cik": "0000319201", "fillingDate": "1998-09-28", "acceptedDate": "1998-09-28 00:00:00", "calendarYear": "1998", "period": "FY", "revenue": 1166300000, "costOfRevenue": 554900000, "grossProfit": 611400000, "grossProfitRatio": 0.5242218983, "researchAndDevelopmentExpenses": 181900000, "generalAndAdministrativeExpenses": 242400000, "sellingAndMarketingExpenses": 0, "sellingGeneralAndAdministrativeExpenses": 242400000, "otherExpenses": 0, "operatingExpenses": 424300000, "costAndExpenses": 979200000, "interestIncome": 0, "interestExpense": 0, "depreciationAndAmortization": 38900000, "ebitda": 248500000, "ebitdaratio": 0.2130669639, "operatingIncome": 164600000, "operatingIncomeRatio": 0.1411300695, "totalOtherIncomeExpensesNet": -22500000, "incomeBeforeTax": 206300000, "incomeBeforeTaxRatio": 0.1768841636, "incomeTaxExpense": 72200000, "netIncome": 134100000, "netIncomeRatio": 0.1149789934, "eps": 0.79, "epsdiluted": 0.76, "weightedAverageShsOut": 170194000, "weightedAverageShsOutDil": 177044000, "link": "https://www.sec.gov/Archives/edgar/data/319201/000089161898004336/0000891618-98-004336-index.html", "finalLink": "https://www.sec.gov/Archives/edgar/data/319201/", "calculatedOtherExpenses": 22500000, "calculatedOperatingExpenses": 446800000, "calculatedNetInterest": 0, "calculatedOtherIncome": 41700000, "calculatedIncomeNonControlling": 0, "calculatedEbitda": 203500000}, {"date": "1997-06-30", "symbol": "KLAC", "reportedCurrency": "USD", "cik": "0000319201", "fillingDate": "1997-09-29", "acceptedDate": "1997-09-29 00:00:00", "calendarYear": "1997", "period": "FY", "revenue": 1031800000, "costOfRevenue": 471900000, "grossProfit": 559900000, "grossProfitRatio": 0.5426439232, "researchAndDevelopmentExpenses": 134100000, "generalAndAdministrativeExpenses": 219400000, "sellingAndMarketingExpenses": 0, "sellingGeneralAndAdministrativeExpenses": 219400000, "otherExpenses": 0, "operatingExpenses": 353500000, "costAndExpenses": 825400000, "interestIncome": 0, "interestExpense": 0, "depreciationAndAmortization": 52300000, "ebitda": 319300000, "ebitdaratio": 0.3094591975, "operatingIncome": 145800000, "operatingIncomeRatio": 0.1413064547, "totalOtherIncomeExpensesNet": -60600000, "incomeBeforeTax": 174000000, "incomeBeforeTaxRatio": 0.1686373328, "incomeTaxExpense": 68600000, "netIncome": 105400000, "netIncomeRatio": 0.1021515798, "eps": 0.33, "epsdiluted": 0.31, "weightedAverageShsOut": 212056000, "weightedAverageShsOutDil": 212056000, "link": "https://www.sec.gov/Archives/edgar/data/319201/000089161897003921/0000891618-97-003921-index.html", "finalLink": "https://www.sec.gov/Archives/edgar/data/319201/", "calculatedOtherExpenses": 60600000, "calculatedOperatingExpenses": 414100000, "calculatedNetInterest": 0, "calculatedOtherIncome": 28200000, "calculatedIncomeNonControlling": 0, "calculatedEbitda": 198100000}, {"date": "1996-06-30", "symbol": "KLAC", "reportedCurrency": "USD", "cik": "0000319201", "fillingDate": "1996-09-27", "acceptedDate": "1996-09-27 00:00:00", "calendarYear": "1996", "period": "FY", "revenue": 694900000, "costOfRevenue": 300300000, "grossProfit": 394600000, "grossProfitRatio": 0.5678514894, "researchAndDevelopmentExpenses": 0, "generalAndAdministrativeExpenses": 200800000, "sellingAndMarketingExpenses": 0, "sellingGeneralAndAdministrativeExpenses": 200800000, "otherExpenses": 16300000, "operatingExpenses": 217100000, "costAndExpenses": 517400000, "interestIncome": 0, "interestExpense": 0, "depreciationAndAmortization": 16300000, "ebitda": 181000000, "ebitdaratio": 0.2604691322, "operatingIncome": 177500000, "operatingIncomeRatio": 0.2554324363, "totalOtherIncomeExpensesNet": 12800000, "incomeBeforeTax": 188900000, "incomeBeforeTaxRatio": 0.2718376745, "incomeTaxExpense": 68000000, "netIncome": 120900000, "netIncomeRatio": 0.1739818679, "eps": 0.61, "epsdiluted": 0.59, "weightedAverageShsOut": 102060000, "weightedAverageShsOutDil": 102060000, "link": "https://www.sec.gov/Archives/edgar/data/319201/000089161896002153/0000891618-96-002153-index.html", "finalLink": "https://www.sec.gov/Archives/edgar/data/319201/", "calculatedOtherExpenses": 16300000, "calculatedOperatingExpenses": 217100000, "calculatedNetInterest": 0, "calculatedOtherIncome": 11400000, "calculatedIncomeNonControlling": 0, "calculatedEbitda": 193800000}, {"date": "1995-06-30", "symbol": "KLAC", "reportedCurrency": "USD", "cik": "0000319201", "fillingDate": "1995-09-27", "acceptedDate": "1995-09-27 00:00:00", "calendarYear": "1995", "period": "FY", "revenue": 442400000, "costOfRevenue": 194000000, "grossProfit": 248400000, "grossProfitRatio": 0.561482821, "researchAndDevelopmentExpenses": 0, "generalAndAdministrativeExpenses": 130500000, "sellingAndMarketingExpenses": 0, "sellingGeneralAndAdministrativeExpenses": 130500000, "otherExpenses": 10600000, "operatingExpenses": 141100000, "costAndExpenses": 335100000, "interestIncome": 0, "interestExpense": 0, "depreciationAndAmortization": 10600000, "ebitda": 134000000, "ebitdaratio": 0.3028933092, "operatingIncome": 107300000, "operatingIncomeRatio": 0.2425406872, "totalOtherIncomeExpensesNet": -16100000, "incomeBeforeTax": 88800000, "incomeBeforeTaxRatio": 0.2007233273, "incomeTaxExpense": 30200000, "netIncome": 58600000, "netIncomeRatio": 0.1324593128, "eps": 0.6, "epsdiluted": 0.6, "weightedAverageShsOut": 97740000, "weightedAverageShsOutDil": 97740000, "link": "https://www.sec.gov/Archives/edgar/data/319201/000089161895000564/0000891618-95-000564-index.html", "finalLink": "https://www.sec.gov/Archives/edgar/data/319201/", "calculatedOtherExpenses": 10600000, "calculatedOperatingExpenses": 141100000, "calculatedNetInterest": 0, "calculatedOtherIncome": -18500000, "calculatedIncomeNonControlling": 0, "calculatedEbitda": 117900000}, {"date": "1994-06-30", "symbol": "KLAC", "reportedCurrency": "USD", "cik": "0000319201", "fillingDate": "1994-09-28", "acceptedDate": "1994-09-28 00:00:00", "calendarYear": "1994", "period": "FY", "revenue": 243700000, "costOfRevenue": 122300000, "grossProfit": 121400000, "grossProfitRatio": 0.4981534674, "researchAndDevelopmentExpenses": 0, "generalAndAdministrativeExpenses": 70600000, "sellingAndMarketingExpenses": 0, "sellingGeneralAndAdministrativeExpenses": 70600000, "otherExpenses": 10700000, "operatingExpenses": 81300000, "costAndExpenses": 203600000, "interestIncome": 0, "interestExpense": 0, "depreciationAndAmortization": 10700000, "ebitda": 48600000, "ebitdaratio": 0.1994255232, "operatingIncome": 40100000, "operatingIncomeRatio": 0.1645465737, "totalOtherIncomeExpensesNet": 2200000, "incomeBeforeTax": 40300000, "incomeBeforeTaxRatio": 0.1653672548, "incomeTaxExpense": 10100000, "netIncome": 30200000, "netIncomeRatio": 0.123922856, "eps": 0.34, "epsdiluted": 0.34, "weightedAverageShsOut": 88176000, "weightedAverageShsOutDil": 88176000, "link": "https://www.sec.gov/Archives/edgar/data/319201/000089161894000204/0000891618-94-000204-index.html", "finalLink": "https://www.sec.gov/Archives/edgar/data/319201/", "calculatedOtherExpenses": 10700000, "calculatedOperatingExpenses": 81300000, "calculatedNetInterest": 0, "calculatedOtherIncome": 200000, "calculatedIncomeNonControlling": 0, "calculatedEbitda": 50800000}, {"date": "1993-06-30", "symbol": "KLAC", "reportedCurrency": "USD", "cik": "0000319201", "fillingDate": "1993-06-30", "acceptedDate": "1993-06-29 20:00:00", "calendarYear": "1993", "period": "FY", "revenue": 167200000, "costOfRevenue": 97900000, "grossProfit": 69300000, "grossProfitRatio": 0.4144736842, "researchAndDevelopmentExpenses": 0, "generalAndAdministrativeExpenses": 0, "sellingAndMarketingExpenses": 0, "sellingGeneralAndAdministrativeExpenses": 48300000, "otherExpenses": 9600000, "operatingExpenses": 57900000, "costAndExpenses": 155800000, "interestIncome": 0, "interestExpense": 0, "depreciationAndAmortization": 9600000, "ebitda": 19800000, "ebitdaratio": 0.1184210526, "operatingIncome": 11400000, "operatingIncomeRatio": 0.0681818182, "totalOtherIncomeExpensesNet": 1200000, "incomeBeforeTax": 9300000, "incomeBeforeTaxRatio": 0.0556220096, "incomeTaxExpense": 2300000, "netIncome": 7000000, "netIncomeRatio": 0.0418660287, "eps": 0.0225, "epsdiluted": 0.0225, "weightedAverageShsOut": 74784000, "weightedAverageShsOutDil": 74784000, "link": "", "finalLink": "", "calculatedOtherExpenses": 9600000, "calculatedOperatingExpenses": 57900000, "calculatedNetInterest": 0, "calculatedOtherIncome": -2100000, "calculatedIncomeNonControlling": 0, "calculatedEbitda": 21000000}, {"date": "1992-06-30", "symbol": "KLAC", "reportedCurrency": "USD", "cik": "0000319201", "fillingDate": "1992-06-30", "acceptedDate": "1992-06-29 20:00:00", "calendarYear": "1992", "period": "FY", "revenue": 156000000, "costOfRevenue": 89300000, "grossProfit": 66700000, "grossProfitRatio": 0.4275641026, "researchAndDevelopmentExpenses": 0, "generalAndAdministrativeExpenses": 0, "sellingAndMarketingExpenses": 0, "sellingGeneralAndAdministrativeExpenses": 69600000, "otherExpenses": 10700000, "operatingExpenses": 80300000, "costAndExpenses": 169600000, "interestIncome": 0, "interestExpense": 0, "depreciationAndAmortization": 10700000, "ebitda": -4100000, "ebitdaratio": -0.0262820513, "operatingIncome": -13600000, "operatingIncomeRatio": -0.0871794872, "totalOtherIncomeExpensesNet": 1200000, "incomeBeforeTax": -16300000, "incomeBeforeTaxRatio": -0.1044871795, "incomeTaxExpense": 300000, "netIncome": -13800000, "netIncomeRatio": -0.0884615385, "eps": -0.19, "epsdiluted": -0.19, "weightedAverageShsOut": 74564000, "weightedAverageShsOutDil": 74564000, "link": "", "finalLink": "", "calculatedOtherExpenses": 10700000, "calculatedOperatingExpenses": 80300000, "calculatedNetInterest": 0, "calculatedOtherIncome": -2700000, "calculatedIncomeNonControlling": -2800000, "calculatedEbitda": -2900000}, {"date": "1991-06-30", "symbol": "KLAC", "reportedCurrency": "USD", "cik": "0000319201", "fillingDate": "1991-06-30", "acceptedDate": "1991-06-29 20:00:00", "calendarYear": "1991", "period": "FY", "revenue": 148400000, "costOfRevenue": 73700000, "grossProfit": 74700000, "grossProfitRatio": 0.5033692722, "researchAndDevelopmentExpenses": 0, "generalAndAdministrativeExpenses": 0, "sellingAndMarketingExpenses": 0, "sellingGeneralAndAdministrativeExpenses": 60600000, "otherExpenses": 9100000, "operatingExpenses": 69700000, "costAndExpenses": 143400000, "interestIncome": 0, "interestExpense": 0, "depreciationAndAmortization": 9100000, "ebitda": 12300000, "ebitdaratio": 0.082884097, "operatingIncome": 5000000, "operatingIncomeRatio": 0.0336927224, "totalOtherIncomeExpensesNet": 1800000, "incomeBeforeTax": 3500000, "incomeBeforeTaxRatio": 0.0235849057, "incomeTaxExpense": 1100000, "netIncome": -10600000, "netIncomeRatio": -0.0714285714, "eps": -0.14, "epsdiluted": -0.14, "weightedAverageShsOut": 73192000, "weightedAverageShsOutDil": 73192000, "link": "", "finalLink": "", "calculatedOtherExpenses": 9100000, "calculatedOperatingExpenses": 69700000, "calculatedNetInterest": 0, "calculatedOtherIncome": -1500000, "calculatedIncomeNonControlling": 13000000, "calculatedEbitda": 14100000}, {"date": "1990-06-30", "symbol": "KLAC", "reportedCurrency": "USD", "cik": "0000319201", "fillingDate": "1990-06-30", "acceptedDate": "1990-06-29 20:00:00", "calendarYear": "1990", "period": "FY", "revenue": 167900000, "costOfRevenue": 82300000, "grossProfit": 85600000, "grossProfitRatio": 0.5098272781, "researchAndDevelopmentExpenses": 0, "generalAndAdministrativeExpenses": 0, "sellingAndMarketingExpenses": 0, "sellingGeneralAndAdministrativeExpenses": 64000000, "otherExpenses": 8700000, "operatingExpenses": 72700000, "costAndExpenses": 155000000, "interestIncome": 0, "interestExpense": 0, "depreciationAndAmortization": 8700000, "ebitda": 20000000, "ebitdaratio": 0.1191185229, "operatingIncome": 12900000, "operatingIncomeRatio": 0.0768314473, "totalOtherIncomeExpensesNet": 1600000, "incomeBeforeTax": 14000000, "incomeBeforeTaxRatio": 0.0833829661, "incomeTaxExpense": 4600000, "netIncome": 9400000, "netIncomeRatio": 0.0559857058, "eps": 0.0325, "epsdiluted": 0.0325, "weightedAverageShsOut": 71948000, "weightedAverageShsOutDil": 71948000, "link": "", "finalLink": "", "calculatedOtherExpenses": 8700000, "calculatedOperatingExpenses": 72700000, "calculatedNetInterest": 0, "calculatedOtherIncome": 1100000, "calculatedIncomeNonControlling": 0, "calculatedEbitda": 21600000}, {"date": "1989-06-30", "symbol": "KLAC", "reportedCurrency": "USD", "cik": "0000319201", "fillingDate": "1989-06-30", "acceptedDate": "1989-06-29 20:00:00", "calendarYear": "1989", "period": "FY", "revenue": 165500000, "costOfRevenue": 84800000, "grossProfit": 80700000, "grossProfitRatio": 0.4876132931, "researchAndDevelopmentExpenses": 0, "generalAndAdministrativeExpenses": 0, "sellingAndMarketingExpenses": 0, "sellingGeneralAndAdministrativeExpenses": 56200000, "otherExpenses": 6400000, "operatingExpenses": 62600000, "costAndExpenses": 147400000, "interestIncome": 0, "interestExpense": 0, "depreciationAndAmortization": 6400000, "ebitda": 23600000, "ebitdaratio": 0.1425981873, "operatingIncome": 18100000, "operatingIncomeRatio": 0.1093655589, "totalOtherIncomeExpensesNet": 900000, "incomeBeforeTax": 18000000, "incomeBeforeTaxRatio": 0.1087613293, "incomeTaxExpense": 6300000, "netIncome": 11700000, "netIncomeRatio": 0.070694864, "eps": 0.0425, "epsdiluted": 0.0425, "weightedAverageShsOut": 71424000, "weightedAverageShsOutDil": 71424000, "link": "", "finalLink": "", "calculatedOtherExpenses": 6400000, "calculatedOperatingExpenses": 62600000, "calculatedNetInterest": 0, "calculatedOtherIncome": -100000, "calculatedIncomeNonControlling": 0, "calculatedEbitda": 24500000}, {"date": "1988-06-30", "symbol": "KLAC", "reportedCurrency": "USD", "cik": "0000319201", "fillingDate": "1988-06-30", "acceptedDate": "1988-06-29 20:00:00", "calendarYear": "1988", "period": "FY", "revenue": 112900000, "costOfRevenue": 96000000, "grossProfit": 16900000, "grossProfitRatio": 0.1496899911, "researchAndDevelopmentExpenses": 0, "generalAndAdministrativeExpenses": 0, "sellingAndMarketingExpenses": 0, "sellingGeneralAndAdministrativeExpenses": 0, "otherExpenses": 4700000, "operatingExpenses": 4700000, "costAndExpenses": 100700000, "interestIncome": 0, "interestExpense": 0, "depreciationAndAmortization": 4700000, "ebitda": 15300000, "ebitdaratio": 0.1355181577, "operatingIncome": 12200000, "operatingIncomeRatio": 0.1080602303, "totalOtherIncomeExpensesNet": 1600000, "incomeBeforeTax": 13800000, "incomeBeforeTaxRatio": 0.1222320638, "incomeTaxExpense": 5000000, "netIncome": 8800000, "netIncomeRatio": 0.0779450841, "eps": 0.0325, "epsdiluted": 0.0325, "weightedAverageShsOut": 71132000, "weightedAverageShsOutDil": 71132000, "link": "", "finalLink": "", "calculatedOtherExpenses": 4700000, "calculatedOperatingExpenses": 4700000, "calculatedNetInterest": 0, "calculatedOtherIncome": 1600000, "calculatedIncomeNonControlling": 0, "calculatedEbitda": 16900000}, {"date": "1987-06-30", "symbol": "KLAC", "reportedCurrency": "USD", "cik": "0000319201", "fillingDate": "1987-06-30", "acceptedDate": "1987-06-29 20:00:00", "calendarYear": "1987", "period": "FY", "revenue": 88200000, "costOfRevenue": 47400000, "grossProfit": 40800000, "grossProfitRatio": 0.462585034, "researchAndDevelopmentExpenses": 0, "generalAndAdministrativeExpenses": 0, "sellingAndMarketingExpenses": 0, "sellingGeneralAndAdministrativeExpenses": 27100000, "otherExpenses": 3700000, "operatingExpenses": 30800000, "costAndExpenses": 78200000, "interestIncome": 0, "interestExpense": 0, "depreciationAndAmortization": 3700000, "ebitda": 11000000, "ebitdaratio": 0.1247165533, "operatingIncome": 10000000, "operatingIncomeRatio": 0.1133786848, "totalOtherIncomeExpensesNet": 2700000, "incomeBeforeTax": 12800000, "incomeBeforeTaxRatio": 0.1451247166, "incomeTaxExpense": 5300000, "netIncome": 7500000, "netIncomeRatio": 0.0850340136, "eps": 0.0275, "epsdiluted": 0.0275, "weightedAverageShsOut": 69704000, "weightedAverageShsOutDil": 69704000, "link": "", "finalLink": "", "calculatedOtherExpenses": 3700000, "calculatedOperatingExpenses": 30800000, "calculatedNetInterest": 0, "calculatedOtherIncome": 2800000, "calculatedIncomeNonControlling": 0, "calculatedEbitda": 13700000}, {"date": "1986-06-30", "symbol": "KLAC", "reportedCurrency": "USD", "cik": "0000319201", "fillingDate": "1986-06-30", "acceptedDate": "1986-06-29 20:00:00", "calendarYear": "1986", "period": "FY", "revenue": 82500000, "costOfRevenue": 41100000, "grossProfit": 41400000, "grossProfitRatio": 0.5018181818, "researchAndDevelopmentExpenses": 0, "generalAndAdministrativeExpenses": 0, "sellingAndMarketingExpenses": 0, "sellingGeneralAndAdministrativeExpenses": 24100000, "otherExpenses": 2900000, "operatingExpenses": 27000000, "costAndExpenses": 68100000, "interestIncome": 0, "interestExpense": 0, "depreciationAndAmortization": 2900000, "ebitda": 14800000, "ebitdaratio": 0.1793939394, "operatingIncome": 14400000, "operatingIncomeRatio": 0.1745454545, "totalOtherIncomeExpensesNet": 2500000, "incomeBeforeTax": 16900000, "incomeBeforeTaxRatio": 0.2048484848, "incomeTaxExpense": 7000000, "netIncome": 9900000, "netIncomeRatio": 0.12, "eps": 0.035, "epsdiluted": 0.035, "weightedAverageShsOut": 68176000, "weightedAverageShsOutDil": 68176000, "link": "", "finalLink": "", "calculatedOtherExpenses": 2900000, "calculatedOperatingExpenses": 27000000, "calculatedNetInterest": 0, "calculatedOtherIncome": 2500000, "calculatedIncomeNonControlling": 0, "calculatedEbitda": 17300000}]}