{"originalCurrency": "USD", "convertedCurrency": "USD", "report": [{"date": "2023-12-31", "symbol": "KMB", "reportedCurrency": "USD", "cik": "0000055785", "fillingDate": "2024-02-08", "acceptedDate": "2024-02-08 14:51:14", "calendarYear": "2023", "period": "FY", "revenue": 20431000000, "costOfRevenue": 13399000000, "grossProfit": 7032000000, "grossProfitRatio": 0.3441828594, "researchAndDevelopmentExpenses": 312000000, "generalAndAdministrativeExpenses": 0, "sellingAndMarketingExpenses": 0, "sellingGeneralAndAdministrativeExpenses": 3961000000, "otherExpenses": -96000000, "operatingExpenses": 4030000000, "costAndExpenses": 17429000000, "interestIncome": 66000000, "interestExpense": 293000000, "depreciationAndAmortization": 753000000, "ebitda": 3725000000, "ebitdaratio": 0.1823209828, "operatingIncome": 2344000000, "operatingIncomeRatio": 0.1147276198, "totalOtherIncomeExpensesNet": -754000000, "incomeBeforeTax": 2021000000, "incomeBeforeTaxRatio": 0.0989183104, "incomeTaxExpense": 453000000, "netIncome": 1764000000, "netIncomeRatio": 0.0863393862, "eps": 5.22, "epsdiluted": 5.21, "weightedAverageShsOut": 337800000, "weightedAverageShsOutDil": 338800000, "link": "https://www.sec.gov/Archives/edgar/data/55785/000005578524000018/0000055785-24-000018-index.htm", "finalLink": "https://www.sec.gov/Archives/edgar/data/55785/000005578524000018/kmb-20231231.htm", "calculatedOtherExpenses": 415000000, "calculatedOperatingExpenses": 4688000000, "calculatedNetInterest": -227000000, "calculatedOtherIncome": -96000000, "calculatedIncomeNonControlling": -196000000, "calculatedEbitda": 3097000000}, {"date": "2022-12-31", "symbol": "KMB", "reportedCurrency": "USD", "cik": "0000055785", "fillingDate": "2023-02-09", "acceptedDate": "2023-02-09 10:51:30", "calendarYear": "2022", "period": "FY", "revenue": 20175000000, "costOfRevenue": 13956000000, "grossProfit": 6219000000, "grossProfitRatio": 0.3082527881, "researchAndDevelopmentExpenses": 292000000, "generalAndAdministrativeExpenses": 0, "sellingAndMarketingExpenses": 0, "sellingGeneralAndAdministrativeExpenses": 3581000000, "otherExpenses": -43000000, "operatingExpenses": 3538000000, "costAndExpenses": 17494000000, "interestIncome": 14000000, "interestExpense": 282000000, "depreciationAndAmortization": 695000000, "ebitda": 3376000000, "ebitdaratio": 0.1673358116, "operatingIncome": 2681000000, "operatingIncomeRatio": 0.1328872367, "totalOtherIncomeExpensesNet": -341000000, "incomeBeforeTax": 2340000000, "incomeBeforeTaxRatio": 0.1159851301, "incomeTaxExpense": 495000000, "netIncome": 1934000000, "netIncomeRatio": 0.0958612144, "eps": 5.73, "epsdiluted": 5.72, "weightedAverageShsOut": 337400000, "weightedAverageShsOutDil": 338300000, "link": "https://www.sec.gov/Archives/edgar/data/55785/000005578523000012/0000055785-23-000012-index.htm", "finalLink": "https://www.sec.gov/Archives/edgar/data/55785/000005578523000012/kmb-20221231.htm", "calculatedOtherExpenses": -335000000, "calculatedOperatingExpenses": 3538000000, "calculatedNetInterest": -268000000, "calculatedOtherIncome": -73000000, "calculatedIncomeNonControlling": -89000000, "calculatedEbitda": 3376000000}, {"date": "2021-12-31", "symbol": "KMB", "reportedCurrency": "USD", "cik": "0000055785", "fillingDate": "2022-02-10", "acceptedDate": "2022-02-10 16:44:32", "calendarYear": "2021", "period": "FY", "revenue": 19440000000, "costOfRevenue": 13452000000, "grossProfit": 5988000000, "grossProfitRatio": 0.3080246914, "researchAndDevelopmentExpenses": 269000000, "generalAndAdministrativeExpenses": 0, "sellingAndMarketingExpenses": 0, "sellingGeneralAndAdministrativeExpenses": 3399000000, "otherExpenses": 28000000, "operatingExpenses": 3427000000, "costAndExpenses": 16879000000, "interestIncome": 6000000, "interestExpense": 256000000, "depreciationAndAmortization": 686000000, "ebitda": 3247000000, "ebitdaratio": 0.167026749, "operatingIncome": 2561000000, "operatingIncomeRatio": 0.1317386831, "totalOtherIncomeExpensesNet": -336000000, "incomeBeforeTax": 2225000000, "incomeBeforeTaxRatio": 0.1144547325, "incomeTaxExpense": 479000000, "netIncome": 1814000000, "netIncomeRatio": 0.0933127572, "eps": 5.38, "epsdiluted": 5.35, "weightedAverageShsOut": 337300000, "weightedAverageShsOutDil": 338800000, "link": "https://www.sec.gov/Archives/edgar/data/55785/000005578522000010/0000055785-22-000010-index.htm", "finalLink": "https://www.sec.gov/Archives/edgar/data/55785/000005578522000010/kmb-20211231.htm", "calculatedOtherExpenses": -241000000, "calculatedOperatingExpenses": 3427000000, "calculatedNetInterest": -250000000, "calculatedOtherIncome": -86000000, "calculatedIncomeNonControlling": -68000000, "calculatedEbitda": 3247000000}, {"date": "2020-12-31", "symbol": "KMB", "reportedCurrency": "USD", "cik": "0000055785", "fillingDate": "2021-02-11", "acceptedDate": "2021-02-11 13:31:23", "calendarYear": "2020", "period": "FY", "revenue": 19140000000, "costOfRevenue": 12318000000, "grossProfit": 6822000000, "grossProfitRatio": 0.3564263323, "researchAndDevelopmentExpenses": 276000000, "generalAndAdministrativeExpenses": 0, "sellingAndMarketingExpenses": 0, "sellingGeneralAndAdministrativeExpenses": 3632000000, "otherExpenses": -54000000, "operatingExpenses": 3578000000, "costAndExpenses": 15896000000, "interestIncome": 8000000, "interestExpense": 252000000, "depreciationAndAmortization": 734000000, "ebitda": 3978000000, "ebitdaratio": 0.2078369906, "operatingIncome": 3244000000, "operatingIncomeRatio": 0.1694879833, "totalOtherIncomeExpensesNet": -314000000, "incomeBeforeTax": 2930000000, "incomeBeforeTaxRatio": 0.1530825496, "incomeTaxExpense": 676000000, "netIncome": 2352000000, "netIncomeRatio": 0.1228840125, "eps": 6.9, "epsdiluted": 6.87, "weightedAverageShsOut": 340700000, "weightedAverageShsOutDil": 342500000, "link": "https://www.sec.gov/Archives/edgar/data/55785/000005578521000016/0000055785-21-000016-index.htm", "finalLink": "https://www.sec.gov/Archives/edgar/data/55785/000005578521000016/kmb-20201231.htm", "calculatedOtherExpenses": -330000000, "calculatedOperatingExpenses": 3578000000, "calculatedNetInterest": -244000000, "calculatedOtherIncome": -70000000, "calculatedIncomeNonControlling": -98000000, "calculatedEbitda": 3978000000}, {"date": "2019-12-31", "symbol": "KMB", "reportedCurrency": "USD", "cik": "0000055785", "fillingDate": "2020-02-13", "acceptedDate": "2020-02-13 16:28:27", "calendarYear": "2019", "period": "FY", "revenue": 18450000000, "costOfRevenue": 12415000000, "grossProfit": 6035000000, "grossProfitRatio": 0.327100271, "researchAndDevelopmentExpenses": 284000000, "generalAndAdministrativeExpenses": 0, "sellingAndMarketingExpenses": 0, "sellingGeneralAndAdministrativeExpenses": 3254000000, "otherExpenses": -210000000, "operatingExpenses": 3044000000, "costAndExpenses": 15459000000, "interestIncome": 11000000, "interestExpense": 261000000, "depreciationAndAmortization": 837000000, "ebitda": 3828000000, "ebitdaratio": 0.2074796748, "operatingIncome": 2991000000, "operatingIncomeRatio": 0.1621138211, "totalOtherIncomeExpensesNet": -341000000, "incomeBeforeTax": 2650000000, "incomeBeforeTaxRatio": 0.1436314363, "incomeTaxExpense": 576000000, "netIncome": 2157000000, "netIncomeRatio": 0.1169105691, "eps": 6.28, "epsdiluted": 6.24, "weightedAverageShsOut": 343600000, "weightedAverageShsOutDil": 345600000, "link": "https://www.sec.gov/Archives/edgar/data/55785/000005578520000016/0000055785-20-000016-index.htm", "finalLink": "https://www.sec.gov/Archives/edgar/data/55785/000005578520000016/kmb2019form10k.htm", "calculatedOtherExpenses": -494000000, "calculatedOperatingExpenses": 3044000000, "calculatedNetInterest": -250000000, "calculatedOtherIncome": -91000000, "calculatedIncomeNonControlling": -83000000, "calculatedEbitda": 3828000000}, {"date": "2018-12-31", "symbol": "KMB", "reportedCurrency": "USD", "cik": "0000055785", "fillingDate": "2019-02-07", "acceptedDate": "2019-02-07 10:35:54", "calendarYear": "2018", "period": "FY", "revenue": 18486000000, "costOfRevenue": 12889000000, "grossProfit": 5597000000, "grossProfitRatio": 0.3027696635, "researchAndDevelopmentExpenses": 317000000, "generalAndAdministrativeExpenses": 3367000000, "sellingAndMarketingExpenses": 0, "sellingGeneralAndAdministrativeExpenses": 3367000000, "otherExpenses": -163000000, "operatingExpenses": 3368000000, "costAndExpenses": 16257000000, "interestIncome": 10000000, "interestExpense": 263000000, "depreciationAndAmortization": 882000000, "ebitda": 2958000000, "ebitdaratio": 0.1600129828, "operatingIncome": 2229000000, "operatingIncomeRatio": 0.1205777345, "totalOtherIncomeExpensesNet": -163000000, "incomeBeforeTax": 1813000000, "incomeBeforeTaxRatio": 0.0980742183, "incomeTaxExpense": 471000000, "netIncome": 1410000000, "netIncomeRatio": 0.076273937, "eps": 4.05, "epsdiluted": 4.03, "weightedAverageShsOut": 348000000, "weightedAverageShsOutDil": 349600000, "link": "https://www.sec.gov/Archives/edgar/data/55785/000005578519000013/0000055785-19-000013-index.htm", "finalLink": "https://www.sec.gov/Archives/edgar/data/55785/000005578519000013/kmb_2018xformx10k.htm", "calculatedOtherExpenses": -316000000, "calculatedOperatingExpenses": 3368000000, "calculatedNetInterest": -253000000, "calculatedOtherIncome": -163000000, "calculatedIncomeNonControlling": -68000000, "calculatedEbitda": 3111000000}, {"date": "2017-12-31", "symbol": "KMB", "reportedCurrency": "USD", "cik": "0000055785", "fillingDate": "2018-02-08", "acceptedDate": "2018-02-08 10:52:12", "calendarYear": "2017", "period": "FY", "revenue": 18259000000, "costOfRevenue": 11706000000, "grossProfit": 6553000000, "grossProfitRatio": 0.3588915056, "researchAndDevelopmentExpenses": 309000000, "generalAndAdministrativeExpenses": 3227000000, "sellingAndMarketingExpenses": 0, "sellingGeneralAndAdministrativeExpenses": 3227000000, "otherExpenses": 27000000, "operatingExpenses": 3254000000, "costAndExpenses": 14960000000, "interestIncome": 10000000, "interestExpense": 318000000, "depreciationAndAmortization": 724000000, "ebitda": 4033000000, "ebitdaratio": 0.2208773755, "operatingIncome": 3299000000, "operatingIncomeRatio": 0.1806780218, "totalOtherIncomeExpensesNet": -308000000, "incomeBeforeTax": 2991000000, "incomeBeforeTaxRatio": 0.1638096281, "incomeTaxExpense": 776000000, "netIncome": 2278000000, "netIncomeRatio": 0.1247603921, "eps": 6.44, "epsdiluted": 6.4, "weightedAverageShsOut": 353600000, "weightedAverageShsOutDil": 355900000, "link": "https://www.sec.gov/Archives/edgar/data/55785/000005578518000014/0000055785-18-000014-index.htm", "finalLink": "https://www.sec.gov/Archives/edgar/data/55785/000005578518000014/kmb_2017xformx10k.htm", "calculatedOtherExpenses": -282000000, "calculatedOperatingExpenses": 3254000000, "calculatedNetInterest": -308000000, "calculatedOtherIncome": 0, "calculatedIncomeNonControlling": -63000000, "calculatedEbitda": 4023000000}, {"date": "2016-12-31", "symbol": "KMB", "reportedCurrency": "USD", "cik": "0000055785", "fillingDate": "2017-02-08", "acceptedDate": "2017-02-08 12:05:32", "calendarYear": "2016", "period": "FY", "revenue": 18202000000, "costOfRevenue": 11551000000, "grossProfit": 6651000000, "grossProfitRatio": 0.3653994067, "researchAndDevelopmentExpenses": 328000000, "generalAndAdministrativeExpenses": 0, "sellingAndMarketingExpenses": 0, "sellingGeneralAndAdministrativeExpenses": 3326000000, "otherExpenses": 8000000, "operatingExpenses": 3334000000, "costAndExpenses": 14885000000, "interestIncome": 11000000, "interestExpense": 319000000, "depreciationAndAmortization": 705000000, "ebitda": 4033000000, "ebitdaratio": 0.2215690583, "operatingIncome": 3317000000, "operatingIncomeRatio": 0.1822327217, "totalOtherIncomeExpensesNet": -308000000, "incomeBeforeTax": 3009000000, "incomeBeforeTaxRatio": 0.1653115042, "incomeTaxExpense": 922000000, "netIncome": 2166000000, "netIncomeRatio": 0.1189979123, "eps": 6.03, "epsdiluted": 5.99, "weightedAverageShsOut": 359400000, "weightedAverageShsOutDil": 361700000, "link": "https://www.sec.gov/Archives/edgar/data/55785/000005578517000017/0000055785-17-000017-index.htm", "finalLink": "https://www.sec.gov/Archives/edgar/data/55785/000005578517000017/kmb_2016xformx10k.htm", "calculatedOtherExpenses": -320000000, "calculatedOperatingExpenses": 3334000000, "calculatedNetInterest": -308000000, "calculatedOtherIncome": 0, "calculatedIncomeNonControlling": -79000000, "calculatedEbitda": 4022000000}, {"date": "2015-12-31", "symbol": "KMB", "reportedCurrency": "USD", "cik": "0000055785", "fillingDate": "2016-02-11", "acceptedDate": "2016-02-11 11:19:13", "calendarYear": "2015", "period": "FY", "revenue": 18591000000, "costOfRevenue": 11967000000, "grossProfit": 6624000000, "grossProfitRatio": 0.3563014362, "researchAndDevelopmentExpenses": 324000000, "generalAndAdministrativeExpenses": 3443000000, "sellingAndMarketingExpenses": 0, "sellingGeneralAndAdministrativeExpenses": 3443000000, "otherExpenses": 1568000000, "operatingExpenses": 5011000000, "costAndExpenses": 16978000000, "interestIncome": 17000000, "interestExpense": 295000000, "depreciationAndAmortization": 746000000, "ebitda": 2376000000, "ebitdaratio": 0.127803776, "operatingIncome": 1613000000, "operatingIncomeRatio": 0.0867624119, "totalOtherIncomeExpensesNet": -278000000, "incomeBeforeTax": 1335000000, "incomeBeforeTaxRatio": 0.0718089398, "incomeTaxExpense": 418000000, "netIncome": 1013000000, "netIncomeRatio": 0.0544887311, "eps": 2.78, "epsdiluted": 2.77, "weightedAverageShsOut": 363800000, "weightedAverageShsOutDil": 366300000, "link": "https://www.sec.gov/Archives/edgar/data/55785/000005578516000138/0000055785-16-000138-index.htm", "finalLink": "https://www.sec.gov/Archives/edgar/data/55785/000005578516000138/kmb_2015x10k.htm", "calculatedOtherExpenses": 1244000000, "calculatedOperatingExpenses": 5011000000, "calculatedNetInterest": -278000000, "calculatedOtherIncome": 0, "calculatedIncomeNonControlling": -96000000, "calculatedEbitda": 2359000000}, {"date": "2014-12-31", "symbol": "KMB", "reportedCurrency": "USD", "cik": "0000055785", "fillingDate": "2015-02-18", "acceptedDate": "2015-02-18 09:11:32", "calendarYear": "2014", "period": "FY", "revenue": 19724000000, "costOfRevenue": 13041000000, "grossProfit": 6683000000, "grossProfitRatio": 0.338825796, "researchAndDevelopmentExpenses": 368000000, "generalAndAdministrativeExpenses": 3709000000, "sellingAndMarketingExpenses": 0, "sellingGeneralAndAdministrativeExpenses": 3709000000, "otherExpenses": 453000000, "operatingExpenses": 4162000000, "costAndExpenses": 17203000000, "interestIncome": 18000000, "interestExpense": 284000000, "depreciationAndAmortization": 862000000, "ebitda": 3401000000, "ebitdaratio": 0.1724295275, "operatingIncome": 2521000000, "operatingIncomeRatio": 0.1278138309, "totalOtherIncomeExpensesNet": -266000000, "incomeBeforeTax": 2255000000, "incomeBeforeTaxRatio": 0.1143277226, "incomeTaxExpense": 856000000, "netIncome": 1526000000, "netIncomeRatio": 0.0773676739, "eps": 4.07, "epsdiluted": 4.04, "weightedAverageShsOut": 374500000, "weightedAverageShsOutDil": 377400000, "link": "https://www.sec.gov/Archives/edgar/data/55785/000005578515000014/0000055785-15-000014-index.htm", "finalLink": "https://www.sec.gov/Archives/edgar/data/55785/000005578515000014/kmb_201410k.htm", "calculatedOtherExpenses": 85000000, "calculatedOperatingExpenses": 4162000000, "calculatedNetInterest": -266000000, "calculatedOtherIncome": 0, "calculatedIncomeNonControlling": -127000000, "calculatedEbitda": 3383000000}, {"date": "2013-12-31", "symbol": "KMB", "reportedCurrency": "USD", "cik": "0000055785", "fillingDate": "2014-02-14", "acceptedDate": "2014-02-14 10:34:41", "calendarYear": "2013", "period": "FY", "revenue": 21152000000, "costOfRevenue": 13912000000, "grossProfit": 7240000000, "grossProfitRatio": 0.3422844175, "researchAndDevelopmentExpenses": 333000000, "generalAndAdministrativeExpenses": 0, "sellingAndMarketingExpenses": 0, "sellingGeneralAndAdministrativeExpenses": 4028000000, "otherExpenses": 4000000, "operatingExpenses": 4032000000, "costAndExpenses": 17944000000, "interestIncome": 20000000, "interestExpense": 283000000, "depreciationAndAmortization": 863000000, "ebitda": 4091000000, "ebitdaratio": 0.1934096067, "operatingIncome": 3208000000, "operatingIncomeRatio": 0.1516641452, "totalOtherIncomeExpensesNet": -263000000, "incomeBeforeTax": 2945000000, "incomeBeforeTaxRatio": 0.1392303328, "incomeTaxExpense": 929000000, "netIncome": 2142000000, "netIncomeRatio": 0.1012670197, "eps": 5.58, "epsdiluted": 5.53, "weightedAverageShsOut": 384000000, "weightedAverageShsOutDil": 387300000, "link": "https://www.sec.gov/Archives/edgar/data/55785/000005578514000015/0000055785-14-000015-index.htm", "finalLink": "https://www.sec.gov/Archives/edgar/data/55785/000005578514000015/kmb_10k2013.htm", "calculatedOtherExpenses": -329000000, "calculatedOperatingExpenses": 4032000000, "calculatedNetInterest": -263000000, "calculatedOtherIncome": 0, "calculatedIncomeNonControlling": -126000000, "calculatedEbitda": 4071000000}, {"date": "2012-12-31", "symbol": "KMB", "reportedCurrency": "USD", "cik": "0000055785", "fillingDate": "2013-02-22", "acceptedDate": "2013-02-22 11:35:40", "calendarYear": "2012", "period": "FY", "revenue": 21063000000, "costOfRevenue": 14314000000, "grossProfit": 6749000000, "grossProfitRatio": 0.3204196933, "researchAndDevelopmentExpenses": 335000000, "generalAndAdministrativeExpenses": 4069000000, "sellingAndMarketingExpenses": 0, "sellingGeneralAndAdministrativeExpenses": 4069000000, "otherExpenses": -6000000, "operatingExpenses": 4063000000, "costAndExpenses": 18377000000, "interestIncome": 18000000, "interestExpense": 284000000, "depreciationAndAmortization": 857000000, "ebitda": 3561000000, "ebitdaratio": 0.1690642359, "operatingIncome": 2686000000, "operatingIncomeRatio": 0.1275221953, "totalOtherIncomeExpensesNet": -266000000, "incomeBeforeTax": 2420000000, "incomeBeforeTaxRatio": 0.114893415, "incomeTaxExpense": 768000000, "netIncome": 1750000000, "netIncomeRatio": 0.0830840811, "eps": 4.45, "epsdiluted": 4.42, "weightedAverageShsOut": 393000000, "weightedAverageShsOutDil": 396100000, "link": "https://www.sec.gov/Archives/edgar/data/55785/000005578513000011/0000055785-13-000011-index.htm", "finalLink": "https://www.sec.gov/Archives/edgar/data/55785/000005578513000011/kmb_2012x10k.htm", "calculatedOtherExpenses": -341000000, "calculatedOperatingExpenses": 4063000000, "calculatedNetInterest": -266000000, "calculatedOtherIncome": 0, "calculatedIncomeNonControlling": -98000000, "calculatedEbitda": 3543000000}, {"date": "2011-12-31", "symbol": "KMB", "reportedCurrency": "USD", "cik": "0000055785", "fillingDate": "2012-02-29", "acceptedDate": "2012-02-29 11:39:21", "calendarYear": "2011", "period": "FY", "revenue": 20846000000, "costOfRevenue": 14694000000, "grossProfit": 6152000000, "grossProfitRatio": 0.2951165691, "researchAndDevelopmentExpenses": 0, "generalAndAdministrativeExpenses": 0, "sellingAndMarketingExpenses": 3761000000, "sellingGeneralAndAdministrativeExpenses": 3761000000, "otherExpenses": -51000000, "operatingExpenses": 3710000000, "costAndExpenses": 18404000000, "interestIncome": 18000000, "interestExpense": 277000000, "depreciationAndAmortization": 1091000000, "ebitda": 2460000000, "ebitdaratio": 0.118008251, "operatingIncome": 2442000000, "operatingIncomeRatio": 0.117144776, "totalOtherIncomeExpensesNet": -259000000, "incomeBeforeTax": 2183000000, "incomeBeforeTaxRatio": 0.10472033, "incomeTaxExpense": 660000000, "netIncome": 1591000000, "netIncomeRatio": 0.0763215965, "eps": 4.02, "epsdiluted": 3.99, "weightedAverageShsOut": 395700000, "weightedAverageShsOutDil": 398600000, "link": "https://www.sec.gov/Archives/edgar/data/55785/000005578512000021/0000055785-12-000021-index.htm", "finalLink": "https://www.sec.gov/Archives/edgar/data/55785/000005578512000021/kmb_2011x10k.htm", "calculatedOtherExpenses": -51000000, "calculatedOperatingExpenses": 3710000000, "calculatedNetInterest": -259000000, "calculatedOtherIncome": 0, "calculatedIncomeNonControlling": -68000000, "calculatedEbitda": 3533000000}, {"date": "2010-12-31", "symbol": "KMB", "reportedCurrency": "USD", "cik": "0000055785", "fillingDate": "2011-02-23", "acceptedDate": "2011-02-23 13:08:22", "calendarYear": "2010", "period": "FY", "revenue": 19746000000, "costOfRevenue": 13196000000, "grossProfit": 6550000000, "grossProfitRatio": 0.3317127519, "researchAndDevelopmentExpenses": 0, "generalAndAdministrativeExpenses": 0, "sellingAndMarketingExpenses": 3673000000, "sellingGeneralAndAdministrativeExpenses": 3673000000, "otherExpenses": 104000000, "operatingExpenses": 3777000000, "costAndExpenses": 16973000000, "interestIncome": 20000000, "interestExpense": 243000000, "depreciationAndAmortization": 813000000, "ebitda": 2793000000, "ebitdaratio": 0.1414463689, "operatingIncome": 2773000000, "operatingIncomeRatio": 0.1404335055, "totalOtherIncomeExpensesNet": -223000000, "incomeBeforeTax": 2550000000, "incomeBeforeTaxRatio": 0.129140079, "incomeTaxExpense": 788000000, "netIncome": 1843000000, "netIncomeRatio": 0.0933353591, "eps": 4.47, "epsdiluted": 4.45, "weightedAverageShsOut": 412400000, "weightedAverageShsOutDil": 414400000, "link": "https://www.sec.gov/Archives/edgar/data/55785/000119312511043300/0001193125-11-043300-index.htm", "finalLink": "https://www.sec.gov/Archives/edgar/data/55785/000119312511043300/d10k.htm", "calculatedOtherExpenses": 104000000, "calculatedOperatingExpenses": 3777000000, "calculatedNetInterest": -223000000, "calculatedOtherIncome": 0, "calculatedIncomeNonControlling": -81000000, "calculatedEbitda": 3586000000}, {"date": "2009-12-31", "symbol": "KMB", "reportedCurrency": "USD", "cik": "0000055785", "fillingDate": "2010-02-24", "acceptedDate": "2010-02-24 13:38:57", "calendarYear": "2009", "period": "FY", "revenue": 19115000000, "costOfRevenue": 12695000000, "grossProfit": 6420000000, "grossProfitRatio": 0.3358618886, "researchAndDevelopmentExpenses": 0, "generalAndAdministrativeExpenses": 0, "sellingAndMarketingExpenses": 3498000000, "sellingGeneralAndAdministrativeExpenses": 3498000000, "otherExpenses": 97000000, "operatingExpenses": 3595000000, "costAndExpenses": 16290000000, "interestIncome": 26000000, "interestExpense": 275000000, "depreciationAndAmortization": 783000000, "ebitda": 2851000000, "ebitdaratio": 0.1491498823, "operatingIncome": 2825000000, "operatingIncomeRatio": 0.147789694, "totalOtherIncomeExpensesNet": 164000000, "incomeBeforeTax": 2576000000, "incomeBeforeTaxRatio": 0.1347632749, "incomeTaxExpense": 746000000, "netIncome": 1884000000, "netIncomeRatio": 0.0985613393, "eps": 4.53, "epsdiluted": 4.52, "weightedAverageShsOut": 416100000, "weightedAverageShsOutDil": 416800000, "link": "https://www.sec.gov/Archives/edgar/data/55785/000119312510038621/0001193125-10-038621-index.htm", "finalLink": "https://www.sec.gov/Archives/edgar/data/55785/000119312510038621/d10k.htm", "calculatedOtherExpenses": 97000000, "calculatedOperatingExpenses": 3595000000, "calculatedNetInterest": -249000000, "calculatedOtherIncome": 0, "calculatedIncomeNonControlling": -54000000, "calculatedEbitda": 3608000000}, {"date": "2008-12-31", "symbol": "KMB", "reportedCurrency": "USD", "cik": "0000055785", "fillingDate": "2009-02-27", "acceptedDate": "2009-02-27 14:27:11", "calendarYear": "2008", "period": "FY", "revenue": 19415000000, "costOfRevenue": 13557000000, "grossProfit": 5858000000, "grossProfitRatio": 0.30172547, "researchAndDevelopmentExpenses": 0, "generalAndAdministrativeExpenses": 3291000000, "sellingAndMarketingExpenses": 0, "sellingGeneralAndAdministrativeExpenses": 3291000000, "otherExpenses": 20000000, "operatingExpenses": 3311000000, "costAndExpenses": 16868000000, "interestIncome": 46000000, "interestExpense": -304000000, "depreciationAndAmortization": 775000000, "ebitda": 3342000000, "ebitdaratio": 0.1721349472, "operatingIncome": 2547000000, "operatingIncomeRatio": 0.1311872264, "totalOtherIncomeExpensesNet": 146000000, "incomeBeforeTax": 2289000000, "incomeBeforeTaxRatio": 0.1178985321, "incomeTaxExpense": 618000000, "netIncome": 1690000000, "netIncomeRatio": 0.0870460984, "eps": 4.06, "epsdiluted": 4.04, "weightedAverageShsOut": 416700000, "weightedAverageShsOutDil": 418600000, "link": "https://www.sec.gov/Archives/edgar/data/55785/000119312509040737/0001193125-09-040737-index.htm", "finalLink": "https://www.sec.gov/Archives/edgar/data/55785/000119312509040737/d10k.htm", "calculatedOtherExpenses": 20000000, "calculatedOperatingExpenses": 3311000000, "calculatedNetInterest": 350000000, "calculatedOtherIncome": -608000000, "calculatedIncomeNonControlling": -19000000, "calculatedEbitda": 3322000000}, {"date": "2007-12-31", "symbol": "KMB", "reportedCurrency": "USD", "cik": "0000055785", "fillingDate": "2008-02-22", "acceptedDate": "2008-02-22 16:17:46", "calendarYear": "2007", "period": "FY", "revenue": 18266000000, "costOfRevenue": 12562100000, "grossProfit": 5703900000, "grossProfitRatio": 0.3122686959, "researchAndDevelopmentExpenses": 0, "generalAndAdministrativeExpenses": 0, "sellingAndMarketingExpenses": 0, "sellingGeneralAndAdministrativeExpenses": 3105900000, "otherExpenses": -18400000, "operatingExpenses": 3087500000, "costAndExpenses": 15649600000, "interestIncome": 32799999, "interestExpense": -264800000, "depreciationAndAmortization": 806500000, "ebitda": 3471400000, "ebitdaratio": 0.190047082, "operatingIncome": 2616400000, "operatingIncomeRatio": 0.1432388043, "totalOtherIncomeExpensesNet": 121500000, "incomeBeforeTax": 2317500000, "incomeBeforeTaxRatio": 0.1268750684, "incomeTaxExpense": 536500000, "netIncome": 1822900000, "netIncomeRatio": 0.0997974379, "eps": 4.13, "epsdiluted": 4.09, "weightedAverageShsOut": 441380145, "weightedAverageShsOutDil": 445696822, "link": "https://www.sec.gov/Archives/edgar/data/55785/000119312508036335/0001193125-08-036335-index.htm", "finalLink": "https://www.sec.gov/Archives/edgar/data/55785/000119312508036335/d10k.htm", "calculatedOtherExpenses": -18400000, "calculatedOperatingExpenses": 3087500000, "calculatedNetInterest": 297599999, "calculatedOtherIncome": -596499999, "calculatedIncomeNonControlling": -41900000, "calculatedEbitda": 3422900000}, {"date": "2006-12-31", "symbol": "KMB", "reportedCurrency": "USD", "cik": "0000055785", "fillingDate": "2007-02-22", "acceptedDate": "2007-02-22 15:08:39", "calendarYear": "2006", "period": "FY", "revenue": 16746900000, "costOfRevenue": 11664800000, "grossProfit": 5082100000, "grossProfitRatio": 0.3034651189, "researchAndDevelopmentExpenses": 0, "generalAndAdministrativeExpenses": 2948300000, "sellingAndMarketingExpenses": 0, "sellingGeneralAndAdministrativeExpenses": 2948300000, "otherExpenses": 32300000, "operatingExpenses": 2980600000, "costAndExpenses": 14645400000, "interestIncome": 27500000, "interestExpense": -190200000, "depreciationAndAmortization": 932800000, "ebitda": 3132100000, "ebitdaratio": 0.1870256585, "operatingIncome": 2101500000, "operatingIncomeRatio": 0.1254859108, "totalOtherIncomeExpensesNet": 120800000, "incomeBeforeTax": 1844900000, "incomeBeforeTaxRatio": 0.1101636721, "incomeTaxExpense": 469200000, "netIncome": 1499500000, "netIncomeRatio": 0.0895389594, "eps": 3.27, "epsdiluted": 3.25, "weightedAverageShsOut": 458562691, "weightedAverageShsOutDil": 461384615, "link": "https://www.sec.gov/Archives/edgar/data/55785/000119312507037015/0001193125-07-037015-index.htm", "finalLink": "https://www.sec.gov/Archives/edgar/data/55785/000119312507037015/d10k.htm", "calculatedOtherExpenses": 32300000, "calculatedOperatingExpenses": 2980600000, "calculatedNetInterest": 217700000, "calculatedOtherIncome": -474300000, "calculatedIncomeNonControlling": -123800000, "calculatedEbitda": 3034300000}, {"date": "2005-12-31", "symbol": "KMB", "reportedCurrency": "USD", "cik": "0000055785", "fillingDate": "2006-02-23", "acceptedDate": "2006-02-23 15:19:55", "calendarYear": "2005", "period": "FY", "revenue": 15902600000, "costOfRevenue": 10827400000, "grossProfit": 5075200000, "grossProfitRatio": 0.3191427817, "researchAndDevelopmentExpenses": 0, "generalAndAdministrativeExpenses": 2737400000, "sellingAndMarketingExpenses": 0, "sellingGeneralAndAdministrativeExpenses": 2737400000, "otherExpenses": 27200000, "operatingExpenses": 2764600000, "costAndExpenses": 13592000000, "interestIncome": 27500000, "interestExpense": -190200000, "depreciationAndAmortization": 844500000, "ebitda": 3361300000, "ebitdaratio": 0.2113679524, "operatingIncome": 2310600000, "operatingIncomeRatio": 0.1452969955, "totalOtherIncomeExpensesNet": -69600000, "incomeBeforeTax": 1968900000, "incomeBeforeTaxRatio": 0.123809943, "incomeTaxExpense": 438400000, "netIncome": 1568300000, "netIncomeRatio": 0.0986190937, "eps": 3.3, "epsdiluted": 3.28, "weightedAverageShsOut": 475242424, "weightedAverageShsOutDil": 478140244, "link": "https://www.sec.gov/Archives/edgar/data/55785/000119312506037643/0001193125-06-037643-index.htm", "finalLink": "https://www.sec.gov/Archives/edgar/data/55785/000119312506037643/d10k.htm", "calculatedOtherExpenses": 27200000, "calculatedOperatingExpenses": 2764600000, "calculatedNetInterest": 217700000, "calculatedOtherIncome": -559400000, "calculatedIncomeNonControlling": -37800000, "calculatedEbitda": 3155100000}, {"date": "2004-12-31", "symbol": "KMB", "reportedCurrency": "USD", "cik": "0000055785", "fillingDate": "2005-02-24", "acceptedDate": "2005-02-24 17:07:23", "calendarYear": "2004", "period": "FY", "revenue": 15083200000, "costOfRevenue": 10014700000, "grossProfit": 5068500000, "grossProfitRatio": 0.3360361197, "researchAndDevelopmentExpenses": 0, "generalAndAdministrativeExpenses": 2510900000, "sellingAndMarketingExpenses": 0, "sellingGeneralAndAdministrativeExpenses": 2510900000, "otherExpenses": 51200000, "operatingExpenses": 2562100000, "costAndExpenses": 12576800000, "interestIncome": 17900000, "interestExpense": -162500000, "depreciationAndAmortization": 800300000, "ebitda": 3516300000, "ebitdaratio": 0.2331269227, "operatingIncome": 2506400000, "operatingIncomeRatio": 0.1661716347, "totalOtherIncomeExpensesNet": -84800000, "incomeBeforeTax": 2203400000, "incomeBeforeTaxRatio": 0.1460830593, "incomeTaxExpense": 483900000, "netIncome": 1800200000, "netIncomeRatio": 0.1193513313, "eps": 3.64, "epsdiluted": 3.61, "weightedAverageShsOut": 494560440, "weightedAverageShsOutDil": 498670360, "link": "https://www.sec.gov/Archives/edgar/data/55785/000119312505036237/0001193125-05-036237-index.htm", "finalLink": "https://www.sec.gov/Archives/edgar/data/55785/000119312505036237/d10k.htm", "calculatedOtherExpenses": 51200000, "calculatedOperatingExpenses": 2562100000, "calculatedNetInterest": 180400000, "calculatedOtherIncome": -483400000, "calculatedIncomeNonControlling": -80700000, "calculatedEbitda": 3306700000}, {"date": "2003-12-31", "symbol": "KMB", "reportedCurrency": "USD", "cik": "0000055785", "fillingDate": "2004-02-26", "acceptedDate": "2004-02-26 11:37:02", "calendarYear": "2003", "period": "FY", "revenue": 14348000000, "costOfRevenue": 9448100000, "grossProfit": 4899900000, "grossProfitRatio": 0.3415040424, "researchAndDevelopmentExpenses": 0, "generalAndAdministrativeExpenses": 2375600000, "sellingAndMarketingExpenses": 0, "sellingGeneralAndAdministrativeExpenses": 2375600000, "otherExpenses": 111900000, "operatingExpenses": 2487500000, "costAndExpenses": 11935600000, "interestIncome": 18000000, "interestExpense": -167900000, "depreciationAndAmortization": 745800000, "ebitda": 3375600000, "ebitdaratio": 0.2352662392, "operatingIncome": 2412400000, "operatingIncomeRatio": 0.1681349317, "totalOtherIncomeExpensesNet": -110400000, "incomeBeforeTax": 2157000000, "incomeBeforeTaxRatio": 0.1503345414, "incomeTaxExpense": 514200000, "netIncome": 1694200000, "netIncomeRatio": 0.1180791748, "eps": 3.34, "epsdiluted": 3.33, "weightedAverageShsOut": 507245509, "weightedAverageShsOutDil": 508768769, "link": "https://www.sec.gov/Archives/edgar/data/55785/000119312504029924/0001193125-04-029924-index.htm", "finalLink": "https://www.sec.gov/Archives/edgar/data/55785/000119312504029924/d10k.htm", "calculatedOtherExpenses": 111900000, "calculatedOperatingExpenses": 2487500000, "calculatedNetInterest": 185900000, "calculatedOtherIncome": -441300000, "calculatedIncomeNonControlling": -51400000, "calculatedEbitda": 3158200000}, {"date": "2002-12-31", "symbol": "KMB", "reportedCurrency": "USD", "cik": "0000055785", "fillingDate": "2003-03-14", "acceptedDate": "2003-03-14 14:56:18", "calendarYear": "2002", "period": "FY", "revenue": 13566300000, "costOfRevenue": 8750700000, "grossProfit": 4815600000, "grossProfitRatio": 0.3549678247, "researchAndDevelopmentExpenses": 0, "generalAndAdministrativeExpenses": 2278500000, "sellingAndMarketingExpenses": 0, "sellingGeneralAndAdministrativeExpenses": 2278500000, "otherExpenses": 73300000, "operatingExpenses": 2351800000, "costAndExpenses": 11102500000, "interestIncome": 0, "interestExpense": 0, "depreciationAndAmortization": 706600000, "ebitda": 3243700000, "ebitdaratio": 0.2390998283, "operatingIncome": 2463800000, "operatingIncomeRatio": 0.181611788, "totalOtherIncomeExpensesNet": 40000000, "incomeBeforeTax": 2297400000, "incomeBeforeTaxRatio": 0.1693461003, "incomeTaxExpense": 666600000, "netIncome": 1674600000, "netIncomeRatio": 0.1234382256, "eps": 3.24, "epsdiluted": 3.22, "weightedAverageShsOut": 516851852, "weightedAverageShsOutDil": 520062112, "link": "https://www.sec.gov/Archives/edgar/data/55785/000005578503000001/0000055785-03-000001-index.htm", "finalLink": "https://www.sec.gov/Archives/edgar/data/55785/000005578503000001/form10k.txt", "calculatedOtherExpenses": 73300000, "calculatedOperatingExpenses": 2351800000, "calculatedNetInterest": 0, "calculatedOtherIncome": -166400000, "calculatedIncomeNonControlling": -43800000, "calculatedEbitda": 3170400000}, {"date": "2001-12-31", "symbol": "KMB", "reportedCurrency": "USD", "cik": "0000055785", "fillingDate": "2002-03-18", "acceptedDate": "2002-03-18 00:00:00", "calendarYear": "2001", "period": "FY", "revenue": 14524400000, "costOfRevenue": 8615500000, "grossProfit": 5908900000, "grossProfitRatio": 0.4068257553, "researchAndDevelopmentExpenses": 295300000, "generalAndAdministrativeExpenses": 767900000, "sellingAndMarketingExpenses": 2334400000, "sellingGeneralAndAdministrativeExpenses": 3102300000, "otherExpenses": 173100000, "operatingExpenses": 3570700000, "costAndExpenses": 12186200000, "interestIncome": 0, "interestExpense": 0, "depreciationAndAmortization": 739600000, "ebitda": 3161500000, "ebitdaratio": 0.2176681997, "operatingIncome": 2338200000, "operatingIncomeRatio": 0.1609842747, "totalOtherIncomeExpensesNet": 70700000, "incomeBeforeTax": 2164400000, "incomeBeforeTaxRatio": 0.1490182039, "incomeTaxExpense": 645700000, "netIncome": 1609900000, "netIncomeRatio": 0.1108410674, "eps": 3.04, "epsdiluted": 3.02, "weightedAverageShsOut": 529572368, "weightedAverageShsOutDil": 533079470, "link": "https://www.sec.gov/Archives/edgar/data/55785/000005578502000017/0000055785-02-000017-index.htm", "finalLink": "https://www.sec.gov/Archives/edgar/data/55785/000005578502000017/k10k2001.txt", "calculatedOtherExpenses": 173100000, "calculatedOperatingExpenses": 3570700000, "calculatedNetInterest": 0, "calculatedOtherIncome": -173800000, "calculatedIncomeNonControlling": -91200000, "calculatedEbitda": 3077800000}, {"date": "2000-12-31", "symbol": "KMB", "reportedCurrency": "USD", "cik": "0000055785", "fillingDate": "2001-03-23", "acceptedDate": "2001-03-23 00:00:00", "calendarYear": "2000", "period": "FY", "revenue": 13982000000, "costOfRevenue": 7636800000, "grossProfit": 6345200000, "grossProfitRatio": 0.4538120441, "researchAndDevelopmentExpenses": 277400000, "generalAndAdministrativeExpenses": 2864800000, "sellingAndMarketingExpenses": 0, "sellingGeneralAndAdministrativeExpenses": 2864800000, "otherExpenses": 673400000, "operatingExpenses": 3815600000, "costAndExpenses": 11452400000, "interestIncome": 0, "interestExpense": 0, "depreciationAndAmortization": 673400000, "ebitda": 2912400000, "ebitdaratio": 0.2082963811, "operatingIncome": 2529600000, "operatingIncomeRatio": 0.1809183236, "totalOtherIncomeExpensesNet": 290600000, "incomeBeforeTax": 2559100000, "incomeBeforeTaxRatio": 0.1830281791, "incomeTaxExpense": 758500000, "netIncome": 1800600000, "netIncomeRatio": 0.1287798598, "eps": 3.34, "epsdiluted": 3.31, "weightedAverageShsOut": 539101796, "weightedAverageShsOutDil": 543987915, "link": "https://www.sec.gov/Archives/edgar/data/55785/000005578501000003/0000055785-01-000003-index.htm", "finalLink": "https://www.sec.gov/Archives/edgar/data/55785/000005578501000003/0000055785-01-000003-0001.txt", "calculatedOtherExpenses": 673400000, "calculatedOperatingExpenses": 3815600000, "calculatedNetInterest": 0, "calculatedOtherIncome": 29500000, "calculatedIncomeNonControlling": 0, "calculatedEbitda": 3203000000}, {"date": "1999-12-31", "symbol": "KMB", "reportedCurrency": "USD", "cik": "0000055785", "fillingDate": "2000-03-24", "acceptedDate": "2000-03-24 00:00:00", "calendarYear": "1999", "period": "FY", "revenue": 13006800000, "costOfRevenue": 7095400000, "grossProfit": 5911400000, "grossProfitRatio": 0.4544853461, "researchAndDevelopmentExpenses": 249800000, "generalAndAdministrativeExpenses": 2805200000, "sellingAndMarketingExpenses": 0, "sellingGeneralAndAdministrativeExpenses": 2805200000, "otherExpenses": 628000000, "operatingExpenses": 3683000000, "costAndExpenses": 10778400000, "interestIncome": 0, "interestExpense": 0, "depreciationAndAmortization": 628000000, "ebitda": 2459800000, "ebitdaratio": 0.1891164622, "operatingIncome": 2228400000, "operatingIncomeRatio": 0.1713257681, "totalOtherIncomeExpensesNet": 396600000, "incomeBeforeTax": 2398300000, "incomeBeforeTaxRatio": 0.1843881662, "incomeTaxExpense": 730200000, "netIncome": 1668100000, "netIncomeRatio": 0.1282483009, "eps": 3.11, "epsdiluted": 3.09, "weightedAverageShsOut": 536366559, "weightedAverageShsOutDil": 539838188, "link": "https://www.sec.gov/Archives/edgar/data/55785/000005578500000003/0000055785-00-000003-index.html", "finalLink": "https://www.sec.gov/Archives/edgar/data/55785/000005578500000003/", "calculatedOtherExpenses": 628000000, "calculatedOperatingExpenses": 3683000000, "calculatedNetInterest": 0, "calculatedOtherIncome": 169900000, "calculatedIncomeNonControlling": 0, "calculatedEbitda": 2856400000}, {"date": "1998-12-31", "symbol": "KMB", "reportedCurrency": "USD", "cik": "0000055785", "fillingDate": "1999-03-26", "acceptedDate": "1999-03-26 00:00:00", "calendarYear": "1998", "period": "FY", "revenue": 12297800000, "costOfRevenue": 7088600000, "grossProfit": 5209200000, "grossProfitRatio": 0.4235879588, "researchAndDevelopmentExpenses": 224800000, "generalAndAdministrativeExpenses": 2664300000, "sellingAndMarketingExpenses": 0, "sellingGeneralAndAdministrativeExpenses": 2664300000, "otherExpenses": 542500000, "operatingExpenses": 3431600000, "costAndExpenses": 10520200000, "interestIncome": 0, "interestExpense": 0, "depreciationAndAmortization": 542500000, "ebitda": 2135800000, "ebitdaratio": 0.1736733399, "operatingIncome": 1777600000, "operatingIncomeRatio": 0.144546179, "totalOtherIncomeExpensesNet": 184300000, "incomeBeforeTax": 1738900000, "incomeBeforeTaxRatio": 0.1413992747, "incomeTaxExpense": 561900000, "netIncome": 1165800000, "netIncomeRatio": 0.0947974434, "eps": 2, "epsdiluted": 1.99, "weightedAverageShsOut": 582900000, "weightedAverageShsOutDil": 585829146, "link": "https://www.sec.gov/Archives/edgar/data/55785/000005578599000011/0000055785-99-000011-index.html", "finalLink": "https://www.sec.gov/Archives/edgar/data/55785/", "calculatedOtherExpenses": 542500000, "calculatedOperatingExpenses": 3431600000, "calculatedNetInterest": 0, "calculatedOtherIncome": -38700000, "calculatedIncomeNonControlling": 11200000, "calculatedEbitda": 2320100000}, {"date": "1997-12-31", "symbol": "KMB", "reportedCurrency": "USD", "cik": "0000055785", "fillingDate": "1998-03-26", "acceptedDate": "1998-03-26 00:00:00", "calendarYear": "1997", "period": "FY", "revenue": 12546600000, "costOfRevenue": 7481700000, "grossProfit": 5064900000, "grossProfitRatio": 0.4036870547, "researchAndDevelopmentExpenses": 211800000, "generalAndAdministrativeExpenses": 2577900000, "sellingAndMarketingExpenses": 0, "sellingGeneralAndAdministrativeExpenses": 2577900000, "otherExpenses": 490900000, "operatingExpenses": 3280600000, "costAndExpenses": 10762300000, "interestIncome": 0, "interestExpense": 0, "depreciationAndAmortization": 490900000, "ebitda": 2549900000, "ebitdaratio": 0.2032343424, "operatingIncome": 1784300000, "operatingIncomeRatio": 0.1422138269, "totalOtherIncomeExpensesNet": -274700000, "incomeBeforeTax": 1317100000, "incomeBeforeTaxRatio": 0.1049766471, "incomeTaxExpense": 433100000, "netIncome": 901500000, "netIncomeRatio": 0.0718521352, "eps": 1.62, "epsdiluted": 1.61, "weightedAverageShsOut": 556481481, "weightedAverageShsOutDil": 559937888, "link": "https://www.sec.gov/Archives/edgar/data/55785/000005578598000059/0000055785-98-000059-index.html", "finalLink": "https://www.sec.gov/Archives/edgar/data/55785/", "calculatedOtherExpenses": 490900000, "calculatedOperatingExpenses": 3280600000, "calculatedNetInterest": 0, "calculatedOtherIncome": -467200000, "calculatedIncomeNonControlling": -17500000, "calculatedEbitda": 2275200000}, {"date": "1996-12-31", "symbol": "KMB", "reportedCurrency": "USD", "cik": "0000055785", "fillingDate": "1997-03-21", "acceptedDate": "1997-03-21 00:00:00", "calendarYear": "1996", "period": "FY", "revenue": 13149100000, "costOfRevenue": 7680400000, "grossProfit": 5468700000, "grossProfitRatio": 0.415899187, "researchAndDevelopmentExpenses": 0, "generalAndAdministrativeExpenses": 2854000000, "sellingAndMarketingExpenses": 0, "sellingGeneralAndAdministrativeExpenses": 2854000000, "otherExpenses": 561000000, "operatingExpenses": 3415000000, "costAndExpenses": 11095400000, "interestIncome": 0, "interestExpense": 0, "depreciationAndAmortization": 561000000, "ebitda": 2327000000, "ebitdaratio": 0.1769702869, "operatingIncome": 2053700000, "operatingIncomeRatio": 0.1561855945, "totalOtherIncomeExpensesNet": 287700000, "incomeBeforeTax": 2104600000, "incomeBeforeTaxRatio": 0.1600565818, "incomeTaxExpense": 700800000, "netIncome": 1403800000, "netIncomeRatio": 0.1067601585, "eps": 2.49, "epsdiluted": 2.49, "weightedAverageShsOut": 563775100, "weightedAverageShsOutDil": 571189189, "link": "https://www.sec.gov/Archives/edgar/data/55785/000005578597000014/0000055785-97-000014-index.html", "finalLink": "https://www.sec.gov/Archives/edgar/data/55785/", "calculatedOtherExpenses": 561000000, "calculatedOperatingExpenses": 3415000000, "calculatedNetInterest": 0, "calculatedOtherIncome": 50900000, "calculatedIncomeNonControlling": 0, "calculatedEbitda": 2614700000}, {"date": "1995-12-31", "symbol": "KMB", "reportedCurrency": "USD", "cik": "0000055785", "fillingDate": "1996-03-26", "acceptedDate": "1996-03-26 00:00:00", "calendarYear": "1995", "period": "FY", "revenue": 13788600000, "costOfRevenue": 8246400000, "grossProfit": 5542200000, "grossProfitRatio": 0.4019407336, "researchAndDevelopmentExpenses": 0, "generalAndAdministrativeExpenses": 3307500000, "sellingAndMarketingExpenses": 0, "sellingGeneralAndAdministrativeExpenses": 3307500000, "otherExpenses": 581700000, "operatingExpenses": 3889200000, "costAndExpenses": 12135600000, "interestIncome": 0, "interestExpense": 0, "depreciationAndAmortization": 581700000, "ebitda": 3424500000, "ebitdaratio": 0.2483573387, "operatingIncome": 1653000000, "operatingIncomeRatio": 0.1198816414, "totalOtherIncomeExpensesNet": -1189800000, "incomeBeforeTax": 186700000, "incomeBeforeTaxRatio": 0.0135401709, "incomeTaxExpense": 153500000, "netIncome": 33200000, "netIncomeRatio": 0.0024077861, "eps": 0.06, "epsdiluted": 0.06, "weightedAverageShsOut": 553333333, "weightedAverageShsOutDil": 553333333, "link": "https://www.sec.gov/Archives/edgar/data/55785/000005578596000012/0000055785-96-000012-index.html", "finalLink": "https://www.sec.gov/Archives/edgar/data/55785/", "calculatedOtherExpenses": 581700000, "calculatedOperatingExpenses": 3889200000, "calculatedNetInterest": 0, "calculatedOtherIncome": -1466300000, "calculatedIncomeNonControlling": 0, "calculatedEbitda": 2234700000}, {"date": "1994-12-31", "symbol": "KMB", "reportedCurrency": "USD", "cik": "0000055785", "fillingDate": "1995-03-24", "acceptedDate": "1995-03-24 00:00:00", "calendarYear": "1994", "period": "FY", "revenue": 7364200000, "costOfRevenue": 4595500000, "grossProfit": 2768700000, "grossProfitRatio": 0.3759675185, "researchAndDevelopmentExpenses": 0, "generalAndAdministrativeExpenses": 1620000000, "sellingAndMarketingExpenses": 0, "sellingGeneralAndAdministrativeExpenses": 1620000000, "otherExpenses": 329600000, "operatingExpenses": 1949600000, "costAndExpenses": 6545100000, "interestIncome": 0, "interestExpense": 0, "depreciationAndAmortization": 329600000, "ebitda": 1010700000, "ebitdaratio": 0.1372450504, "operatingIncome": 819100000, "operatingIncomeRatio": 0.1112272888, "totalOtherIncomeExpensesNet": 138000000, "incomeBeforeTax": 811500000, "incomeBeforeTaxRatio": 0.110195269, "incomeTaxExpense": 276400000, "netIncome": 535100000, "netIncomeRatio": 0.0726623394, "eps": 1.62, "epsdiluted": 1.62, "weightedAverageShsOut": 331022823, "weightedAverageShsOutDil": 331022823, "link": "https://www.sec.gov/Archives/edgar/data/55785/000005578595000007/0000055785-95-000007-index.html", "finalLink": "https://www.sec.gov/Archives/edgar/data/55785/", "calculatedOtherExpenses": 329600000, "calculatedOperatingExpenses": 1949600000, "calculatedNetInterest": 0, "calculatedOtherIncome": -7600000, "calculatedIncomeNonControlling": 0, "calculatedEbitda": 1148700000}, {"date": "1993-12-31", "symbol": "KMB", "reportedCurrency": "USD", "cik": "0000055785", "fillingDate": "1994-03-24", "acceptedDate": "1994-03-24 00:00:00", "calendarYear": "1993", "period": "FY", "revenue": 6972900000, "costOfRevenue": 4285500000, "grossProfit": 2687400000, "grossProfitRatio": 0.3854063589, "researchAndDevelopmentExpenses": 0, "generalAndAdministrativeExpenses": 0, "sellingAndMarketingExpenses": 0, "sellingGeneralAndAdministrativeExpenses": 1598000000, "otherExpenses": 295900000, "operatingExpenses": 1893900000, "costAndExpenses": 6179400000, "interestIncome": 0, "interestExpense": 0, "depreciationAndAmortization": 295900000, "ebitda": 959300000, "ebitdaratio": 0.1375754708, "operatingIncome": 793500000, "operatingIncomeRatio": 0.1137977025, "totalOtherIncomeExpensesNet": 130100000, "incomeBeforeTax": 795300000, "incomeBeforeTaxRatio": 0.1140558448, "incomeTaxExpense": 284400000, "netIncome": 510900000, "netIncomeRatio": 0.0732693714, "eps": 0.42, "epsdiluted": 0.41, "weightedAverageShsOut": 321130435, "weightedAverageShsOutDil": 321130435, "link": "https://www.sec.gov/Archives/edgar/data/55785/000005578594000032/0000055785-94-000032-index.html", "finalLink": "https://www.sec.gov/Archives/edgar/data/55785/", "calculatedOtherExpenses": 295900000, "calculatedOperatingExpenses": 1893900000, "calculatedNetInterest": 0, "calculatedOtherIncome": 1800000, "calculatedIncomeNonControlling": 0, "calculatedEbitda": 1089400000}, {"date": "1992-12-31", "symbol": "KMB", "reportedCurrency": "USD", "cik": "0000055785", "fillingDate": "1992-12-31", "acceptedDate": "1992-12-30 19:00:00", "calendarYear": "1992", "period": "FY", "revenue": 7091100000, "costOfRevenue": 4245500000, "grossProfit": 2845600000, "grossProfitRatio": 0.4012917601, "researchAndDevelopmentExpenses": 0, "generalAndAdministrativeExpenses": 0, "sellingAndMarketingExpenses": 0, "sellingGeneralAndAdministrativeExpenses": 2013500000, "otherExpenses": 289000000, "operatingExpenses": 2302500000, "costAndExpenses": 6548000000, "interestIncome": 0, "interestExpense": 0, "depreciationAndAmortization": 289000000, "ebitda": 731000000, "ebitdaratio": 0.1030869682, "operatingIncome": 543100000, "operatingIncomeRatio": 0.0765889636, "totalOtherIncomeExpensesNet": 101100000, "incomeBeforeTax": 531300000, "incomeBeforeTaxRatio": 0.0749249059, "incomeTaxExpense": 186300000, "netIncome": 135000000, "netIncomeRatio": 0.019037949, "eps": 0.42, "epsdiluted": 0.42, "weightedAverageShsOut": 321428571, "weightedAverageShsOutDil": 321428571, "link": "", "finalLink": "", "calculatedOtherExpenses": 289000000, "calculatedOperatingExpenses": 2302500000, "calculatedNetInterest": 0, "calculatedOtherIncome": -11800000, "calculatedIncomeNonControlling": 210000000, "calculatedEbitda": 832100000}, {"date": "1991-12-31", "symbol": "KMB", "reportedCurrency": "USD", "cik": "0000055785", "fillingDate": "1991-12-31", "acceptedDate": "1991-12-30 19:00:00", "calendarYear": "1991", "period": "FY", "revenue": 6776900000, "costOfRevenue": 4066900000, "grossProfit": 2710000000, "grossProfitRatio": 0.3998878543, "researchAndDevelopmentExpenses": 0, "generalAndAdministrativeExpenses": 0, "sellingAndMarketingExpenses": 0, "sellingGeneralAndAdministrativeExpenses": 1702700000, "otherExpenses": 265500000, "operatingExpenses": 1968200000, "costAndExpenses": 6035100000, "interestIncome": 0, "interestExpense": 0, "depreciationAndAmortization": 265500000, "ebitda": 889900000, "ebitdaratio": 0.1313137275, "operatingIncome": 741800000, "operatingIncomeRatio": 0.1094600776, "totalOtherIncomeExpensesNet": 117400000, "incomeBeforeTax": 744400000, "incomeBeforeTaxRatio": 0.1098437339, "incomeTaxExpense": 236100000, "netIncome": 508300000, "netIncomeRatio": 0.0750047957, "eps": 1.59, "epsdiluted": 1.59, "weightedAverageShsOut": 319685535, "weightedAverageShsOutDil": 319685535, "link": "", "finalLink": "", "calculatedOtherExpenses": 265500000, "calculatedOperatingExpenses": 1968200000, "calculatedNetInterest": 0, "calculatedOtherIncome": 2600000, "calculatedIncomeNonControlling": 0, "calculatedEbitda": 1007300000}, {"date": "1990-12-31", "symbol": "KMB", "reportedCurrency": "USD", "cik": "0000055785", "fillingDate": "1990-12-31", "acceptedDate": "1990-12-30 19:00:00", "calendarYear": "1990", "period": "FY", "revenue": 6407300000, "costOfRevenue": 3982300000, "grossProfit": 2425000000, "grossProfitRatio": 0.3784745525, "researchAndDevelopmentExpenses": 0, "generalAndAdministrativeExpenses": 0, "sellingAndMarketingExpenses": 0, "sellingGeneralAndAdministrativeExpenses": 1431100000, "otherExpenses": 240300000, "operatingExpenses": 1671400000, "costAndExpenses": 5653700000, "interestIncome": 0, "interestExpense": 0, "depreciationAndAmortization": 240300000, "ebitda": 940400000, "ebitdaratio": 0.1467700904, "operatingIncome": 753600000, "operatingIncomeRatio": 0.1176158444, "totalOtherIncomeExpensesNet": 53500000, "incomeBeforeTax": 709300000, "incomeBeforeTaxRatio": 0.1107018557, "incomeTaxExpense": 277200000, "netIncome": 432100000, "netIncomeRatio": 0.0674387027, "eps": 1.35, "epsdiluted": 1.35, "weightedAverageShsOut": 320074074, "weightedAverageShsOutDil": 320074074, "link": "", "finalLink": "", "calculatedOtherExpenses": 240300000, "calculatedOperatingExpenses": 1671400000, "calculatedNetInterest": 0, "calculatedOtherIncome": -44300000, "calculatedIncomeNonControlling": 0, "calculatedEbitda": 993900000}, {"date": "1989-12-31", "symbol": "KMB", "reportedCurrency": "USD", "cik": "0000055785", "fillingDate": "1989-12-31", "acceptedDate": "1989-12-30 19:00:00", "calendarYear": "1989", "period": "FY", "revenue": 5733600000, "costOfRevenue": 3443200000, "grossProfit": 2290400000, "grossProfitRatio": 0.3994697921, "researchAndDevelopmentExpenses": 0, "generalAndAdministrativeExpenses": 0, "sellingAndMarketingExpenses": 0, "sellingGeneralAndAdministrativeExpenses": 1406100000, "otherExpenses": 210900000, "operatingExpenses": 1617000000, "costAndExpenses": 5060200000, "interestIncome": 0, "interestExpense": 0, "depreciationAndAmortization": 210900000, "ebitda": 809400000, "ebitdaratio": 0.1411678527, "operatingIncome": 673400000, "operatingIncomeRatio": 0.1174480257, "totalOtherIncomeExpensesNet": 74900000, "incomeBeforeTax": 666200000, "incomeBeforeTaxRatio": 0.1161922701, "incomeTaxExpense": 242400000, "netIncome": 423800000, "netIncomeRatio": 0.0739151667, "eps": 1.32, "epsdiluted": 1.32, "weightedAverageShsOut": 321060606, "weightedAverageShsOutDil": 321060606, "link": "", "finalLink": "", "calculatedOtherExpenses": 210900000, "calculatedOperatingExpenses": 1617000000, "calculatedNetInterest": 0, "calculatedOtherIncome": -7200000, "calculatedIncomeNonControlling": 0, "calculatedEbitda": 884300000}, {"date": "1988-12-31", "symbol": "KMB", "reportedCurrency": "USD", "cik": "0000055785", "fillingDate": "1988-12-31", "acceptedDate": "1988-12-30 19:00:00", "calendarYear": "1988", "period": "FY", "revenue": 5393500000, "costOfRevenue": 3216600000, "grossProfit": 2176900000, "grossProfitRatio": 0.4036154631, "researchAndDevelopmentExpenses": 0, "generalAndAdministrativeExpenses": 0, "sellingAndMarketingExpenses": 0, "sellingGeneralAndAdministrativeExpenses": 1348700000, "otherExpenses": 187600000, "operatingExpenses": 1536300000, "costAndExpenses": 4752900000, "interestIncome": 0, "interestExpense": -187600000, "depreciationAndAmortization": 187600000, "ebitda": 758300000, "ebitdaratio": 0.1405951608, "operatingIncome": 640600000, "operatingIncomeRatio": 0.1187725966, "totalOtherIncomeExpensesNet": 69900000, "incomeBeforeTax": 608400000, "incomeBeforeTaxRatio": 0.1128024474, "incomeTaxExpense": 229800000, "netIncome": 378600000, "netIncomeRatio": 0.0701956058, "eps": 1.18, "epsdiluted": 1.18, "weightedAverageShsOut": 320847458, "weightedAverageShsOutDil": 320847458, "link": "", "finalLink": "", "calculatedOtherExpenses": 187600000, "calculatedOperatingExpenses": 1536300000, "calculatedNetInterest": 187600000, "calculatedOtherIncome": -219800000, "calculatedIncomeNonControlling": 0, "calculatedEbitda": 828200000}, {"date": "1987-12-31", "symbol": "KMB", "reportedCurrency": "USD", "cik": "0000055785", "fillingDate": "1987-12-31", "acceptedDate": "1987-12-30 19:00:00", "calendarYear": "1987", "period": "FY", "revenue": 4884700000, "costOfRevenue": 2879900000, "grossProfit": 2004800000, "grossProfitRatio": 0.4104243863, "researchAndDevelopmentExpenses": 0, "generalAndAdministrativeExpenses": 0, "sellingAndMarketingExpenses": 0, "sellingGeneralAndAdministrativeExpenses": 1232700000, "otherExpenses": 186000000, "operatingExpenses": 1418700000, "costAndExpenses": 4298600000, "interestIncome": 0, "interestExpense": -186000000, "depreciationAndAmortization": 186000000, "ebitda": 723200000, "ebitdaratio": 0.1480541282, "operatingIncome": 586100000, "operatingIncomeRatio": 0.1199868979, "totalOtherIncomeExpensesNet": 48900000, "incomeBeforeTax": 555700000, "incomeBeforeTaxRatio": 0.1137633836, "incomeTaxExpense": 230500000, "netIncome": 325200000, "netIncomeRatio": 0.0665752247, "eps": 0.94, "epsdiluted": 0.94, "weightedAverageShsOut": 345957447, "weightedAverageShsOutDil": 345957447, "link": "", "finalLink": "", "calculatedOtherExpenses": 186000000, "calculatedOperatingExpenses": 1418700000, "calculatedNetInterest": 186000000, "calculatedOtherIncome": -216400000, "calculatedIncomeNonControlling": 0, "calculatedEbitda": 772100000}, {"date": "1986-12-31", "symbol": "KMB", "reportedCurrency": "USD", "cik": "0000055785", "fillingDate": "1986-12-31", "acceptedDate": "1986-12-30 19:00:00", "calendarYear": "1986", "period": "FY", "revenue": 4303100000, "costOfRevenue": 2709100000, "grossProfit": 1594000000, "grossProfitRatio": 0.3704306198, "researchAndDevelopmentExpenses": 0, "generalAndAdministrativeExpenses": 0, "sellingAndMarketingExpenses": 0, "sellingGeneralAndAdministrativeExpenses": 939700000, "otherExpenses": 169300000, "operatingExpenses": 1109000000, "costAndExpenses": 3818100000, "interestIncome": 0, "interestExpense": -169300000, "depreciationAndAmortization": 169300000, "ebitda": 606400000, "ebitdaratio": 0.1409216611, "operatingIncome": 485000000, "operatingIncomeRatio": 0.112709442, "totalOtherIncomeExpensesNet": 47900000, "incomeBeforeTax": 455900000, "incomeBeforeTaxRatio": 0.1059468755, "incomeTaxExpense": 186500000, "netIncome": 269400000, "netIncomeRatio": 0.0626060282, "eps": 0.74, "epsdiluted": 0.74, "weightedAverageShsOut": 364054054, "weightedAverageShsOutDil": 364054054, "link": "", "finalLink": "", "calculatedOtherExpenses": 169300000, "calculatedOperatingExpenses": 1109000000, "calculatedNetInterest": 169300000, "calculatedOtherIncome": -198400000, "calculatedIncomeNonControlling": 0, "calculatedEbitda": 654300000}, {"date": "1985-12-31", "symbol": "KMB", "reportedCurrency": "USD", "cik": "0000055785", "fillingDate": "1985-12-31", "acceptedDate": "1985-12-30 19:00:00", "calendarYear": "1985", "period": "FY", "revenue": 4072900000, "costOfRevenue": 2371200000, "grossProfit": 1701700000, "grossProfitRatio": 0.4178104054, "researchAndDevelopmentExpenses": 0, "generalAndAdministrativeExpenses": 0, "sellingAndMarketingExpenses": 0, "sellingGeneralAndAdministrativeExpenses": 1075100000, "otherExpenses": 140300000, "operatingExpenses": 1215400000, "costAndExpenses": 3586600000, "interestIncome": 0, "interestExpense": -140300000, "depreciationAndAmortization": 140300000, "ebitda": 583000000, "ebitdaratio": 0.1431412507, "operatingIncome": 486300000, "operatingIncomeRatio": 0.1193989541, "totalOtherIncomeExpensesNet": 43600000, "incomeBeforeTax": 456500000, "incomeBeforeTaxRatio": 0.1120823001, "incomeTaxExpense": 189400000, "netIncome": 267100000, "netIncomeRatio": 0.065579808, "eps": 0.73, "epsdiluted": 0.73, "weightedAverageShsOut": 365890411, "weightedAverageShsOutDil": 365890411, "link": "", "finalLink": "", "calculatedOtherExpenses": 140300000, "calculatedOperatingExpenses": 1215400000, "calculatedNetInterest": 140300000, "calculatedOtherIncome": -170100000, "calculatedIncomeNonControlling": 0, "calculatedEbitda": 626600000}]}