{"originalCurrency": "USD", "convertedCurrency": "USD", "report": [{"date": "2023-12-31", "symbol": "KMI", "reportedCurrency": "USD", "cik": "0001506307", "fillingDate": "2024-02-20", "acceptedDate": "2024-02-20 08:56:07", "calendarYear": "2023", "period": "FY", "revenue": 15334000000, "costOfRevenue": 7188000000, "grossProfit": 8146000000, "grossProfitRatio": 0.5312377723, "researchAndDevelopmentExpenses": 0, "generalAndAdministrativeExpenses": 668000000, "sellingAndMarketingExpenses": 0, "sellingGeneralAndAdministrativeExpenses": 668000000, "otherExpenses": -39000000, "operatingExpenses": 3896000000, "costAndExpenses": 11084000000, "interestIncome": 0, "interestExpense": 1797000000, "depreciationAndAmortization": 2250000000, "ebitda": 6485000000, "ebitdaratio": 0.4229163949, "operatingIncome": 4263000000, "operatingIncomeRatio": 0.2780096518, "totalOtherIncomeExpensesNet": 748000000, "incomeBeforeTax": 3201000000, "incomeBeforeTaxRatio": 0.2087517934, "incomeTaxExpense": 715000000, "netIncome": 2391000000, "netIncomeRatio": 0.1559280031, "eps": 1.06, "epsdiluted": 1.06, "weightedAverageShsOut": 2234000000, "weightedAverageShsOutDil": 2234000000, "link": "https://www.sec.gov/Archives/edgar/data/1506307/000150630724000011/0001506307-24-000011-index.htm", "finalLink": "https://www.sec.gov/Archives/edgar/data/1506307/000150630724000011/kmi-20231231.htm", "calculatedOtherExpenses": 3215000000, "calculatedOperatingExpenses": 3883000000, "calculatedNetInterest": -1797000000, "calculatedOtherIncome": 735000000, "calculatedIncomeNonControlling": 95000000, "calculatedEbitda": 6513000000}, {"date": "2022-12-31", "symbol": "KMI", "reportedCurrency": "USD", "cik": "0001506307", "fillingDate": "2023-02-08", "acceptedDate": "2023-02-08 16:33:03", "calendarYear": "2022", "period": "FY", "revenue": 19200000000, "costOfRevenue": 11441000000, "grossProfit": 7759000000, "grossProfitRatio": 0.4041145833, "researchAndDevelopmentExpenses": 0, "generalAndAdministrativeExpenses": 637000000, "sellingAndMarketingExpenses": 0, "sellingGeneralAndAdministrativeExpenses": 637000000, "otherExpenses": 3089000000, "operatingExpenses": 3726000000, "costAndExpenses": 15167000000, "interestIncome": 1513000000, "interestExpense": -1443000000, "depreciationAndAmortization": 2186000000, "ebitda": 4001000000, "ebitdaratio": 0.2083854167, "operatingIncome": 1815000000, "operatingIncomeRatio": 0.09453125, "totalOtherIncomeExpensesNet": 1520000000, "incomeBeforeTax": 3335000000, "incomeBeforeTaxRatio": 0.1736979167, "incomeTaxExpense": 710000000, "netIncome": 2548000000, "netIncomeRatio": 0.1327083333, "eps": 1.12, "epsdiluted": 1.12, "weightedAverageShsOut": 2258000000, "weightedAverageShsOutDil": 2258000000, "link": "https://www.sec.gov/Archives/edgar/data/1506307/000150630723000023/0001506307-23-000023-index.htm", "finalLink": "https://www.sec.gov/Archives/edgar/data/1506307/000150630723000023/kmi-20221231.htm", "calculatedOtherExpenses": 5307000000, "calculatedOperatingExpenses": 5944000000, "calculatedNetInterest": 2956000000, "calculatedOtherIncome": -1436000000, "calculatedIncomeNonControlling": 77000000, "calculatedEbitda": 4001000000}, {"date": "2021-12-31", "symbol": "KMI", "reportedCurrency": "USD", "cik": "0001506307", "fillingDate": "2022-02-07", "acceptedDate": "2022-02-07 17:03:15", "calendarYear": "2021", "period": "FY", "revenue": 16610000000, "costOfRevenue": 8628000000, "grossProfit": 7982000000, "grossProfitRatio": 0.4805538832, "researchAndDevelopmentExpenses": 0, "generalAndAdministrativeExpenses": 655000000, "sellingAndMarketingExpenses": 0, "sellingGeneralAndAdministrativeExpenses": 655000000, "otherExpenses": 2787000000, "operatingExpenses": 3442000000, "costAndExpenses": 12070000000, "interestIncome": 1492000000, "interestExpense": 1496000000, "depreciationAndAmortization": 2135000000, "ebitda": 6164000000, "ebitdaratio": 0.3711017459, "operatingIncome": 4029000000, "operatingIncomeRatio": 0.24256472, "totalOtherIncomeExpensesNet": -1810000000, "incomeBeforeTax": 2219000000, "incomeBeforeTaxRatio": 0.1335942203, "incomeTaxExpense": 369000000, "netIncome": 1784000000, "netIncomeRatio": 0.1074051776, "eps": 0.78, "epsdiluted": 0.78, "weightedAverageShsOut": 2266000000, "weightedAverageShsOutDil": 2266000000, "link": "https://www.sec.gov/Archives/edgar/data/1506307/000150630722000018/0001506307-22-000018-index.htm", "finalLink": "https://www.sec.gov/Archives/edgar/data/1506307/000150630722000018/kmi-20211231.htm", "calculatedOtherExpenses": 3298000000, "calculatedOperatingExpenses": 3953000000, "calculatedNetInterest": -4000000, "calculatedOtherIncome": -1806000000, "calculatedIncomeNonControlling": 66000000, "calculatedEbitda": 6164000000}, {"date": "2020-12-31", "symbol": "KMI", "reportedCurrency": "USD", "cik": "0001506307", "fillingDate": "2021-02-05", "acceptedDate": "2021-02-05 17:06:31", "calendarYear": "2020", "period": "FY", "revenue": 11700000000, "costOfRevenue": 4709000000, "grossProfit": 6991000000, "grossProfitRatio": 0.5975213675, "researchAndDevelopmentExpenses": 0, "generalAndAdministrativeExpenses": 648000000, "sellingAndMarketingExpenses": 0, "sellingGeneralAndAdministrativeExpenses": 648000000, "otherExpenses": 2851000000, "operatingExpenses": 3499000000, "costAndExpenses": 8208000000, "interestIncome": 1595000000, "interestExpense": 1587000000, "depreciationAndAmortization": 2164000000, "ebitda": 5424000000, "ebitdaratio": 0.4635897436, "operatingIncome": 3260000000, "operatingIncomeRatio": 0.2786324786, "totalOtherIncomeExpensesNet": -2599000000, "incomeBeforeTax": 661000000, "incomeBeforeTaxRatio": 0.0564957265, "incomeTaxExpense": 481000000, "netIncome": 180000000, "netIncomeRatio": 0.0153846154, "eps": 0.0795, "epsdiluted": 0.0795, "weightedAverageShsOut": 2263000000, "weightedAverageShsOutDil": 2263000000, "link": "https://www.sec.gov/Archives/edgar/data/1506307/000150630721000022/0001506307-21-000022-index.htm", "finalLink": "https://www.sec.gov/Archives/edgar/data/1506307/000150630721000022/kmi-20201231.htm", "calculatedOtherExpenses": 3083000000, "calculatedOperatingExpenses": 3731000000, "calculatedNetInterest": 8000000, "calculatedOtherIncome": -2607000000, "calculatedIncomeNonControlling": 0, "calculatedEbitda": 5424000000}, {"date": "2019-12-31", "symbol": "KMI", "reportedCurrency": "USD", "cik": "0001506307", "fillingDate": "2020-02-12", "acceptedDate": "2020-02-11 19:42:37", "calendarYear": "2019", "period": "FY", "revenue": 13209000000, "costOfRevenue": 5674000000, "grossProfit": 7535000000, "grossProfitRatio": 0.570444394, "researchAndDevelopmentExpenses": 0, "generalAndAdministrativeExpenses": 590000000, "sellingAndMarketingExpenses": 0, "sellingGeneralAndAdministrativeExpenses": 590000000, "otherExpenses": 3014000000, "operatingExpenses": 3604000000, "costAndExpenses": 9278000000, "interestIncome": 1801000000, "interestExpense": 1801000000, "depreciationAndAmortization": 2411000000, "ebitda": 4024000000, "ebitdaratio": 0.3046407752, "operatingIncome": 1613000000, "operatingIncomeRatio": 0.1221137103, "totalOtherIncomeExpensesNet": 1552000000, "incomeBeforeTax": 3165000000, "incomeBeforeTaxRatio": 0.2396093573, "incomeTaxExpense": 926000000, "netIncome": 2190000000, "netIncomeRatio": 0.1657960481, "eps": 0.96, "epsdiluted": 0.96, "weightedAverageShsOut": 2264000000, "weightedAverageShsOutDil": 2264000000, "link": "https://www.sec.gov/Archives/edgar/data/1506307/000150630720000022/0001506307-20-000022-index.htm", "finalLink": "https://www.sec.gov/Archives/edgar/data/1506307/000150630720000022/kmi-2019x10k.htm", "calculatedOtherExpenses": 5332000000, "calculatedOperatingExpenses": 5922000000, "calculatedNetInterest": 0, "calculatedOtherIncome": 1552000000, "calculatedIncomeNonControlling": 49000000, "calculatedEbitda": 4024000000}, {"date": "2018-12-31", "symbol": "KMI", "reportedCurrency": "USD", "cik": "0001506307", "fillingDate": "2019-02-08", "acceptedDate": "2019-02-08 17:34:43", "calendarYear": "2018", "period": "FY", "revenue": 14144000000, "costOfRevenue": 6718000000, "grossProfit": 7426000000, "grossProfitRatio": 0.5250282805, "researchAndDevelopmentExpenses": 0, "generalAndAdministrativeExpenses": 601000000, "sellingAndMarketingExpenses": 0, "sellingGeneralAndAdministrativeExpenses": 601000000, "otherExpenses": 107000000, "operatingExpenses": 3465000000, "costAndExpenses": 10183000000, "interestIncome": 0, "interestExpense": 1917000000, "depreciationAndAmortization": 2297000000, "ebitda": 4398000000, "ebitdaratio": 0.3109445701, "operatingIncome": 3794000000, "operatingIncomeRatio": 0.2682409502, "totalOtherIncomeExpensesNet": 462000000, "incomeBeforeTax": 2506000000, "incomeBeforeTaxRatio": 0.1771776018, "incomeTaxExpense": 587000000, "netIncome": 1609000000, "netIncomeRatio": 0.1137584842, "eps": 0.73, "epsdiluted": 0.73, "weightedAverageShsOut": 2216000000, "weightedAverageShsOutDil": 2216000000, "link": "https://www.sec.gov/Archives/edgar/data/1506307/000150630719000033/0001506307-19-000033-index.htm", "finalLink": "https://www.sec.gov/Archives/edgar/data/1506307/000150630719000033/kmi-2018x10k.htm", "calculatedOtherExpenses": 3031000000, "calculatedOperatingExpenses": 3632000000, "calculatedNetInterest": -1917000000, "calculatedOtherIncome": 629000000, "calculatedIncomeNonControlling": 310000000, "calculatedEbitda": 6091000000}, {"date": "2017-12-31", "symbol": "KMI", "reportedCurrency": "USD", "cik": "0001506307", "fillingDate": "2018-02-09", "acceptedDate": "2018-02-09 17:10:00", "calendarYear": "2017", "period": "FY", "revenue": 13705000000, "costOfRevenue": 6606000000, "grossProfit": 7099000000, "grossProfitRatio": 0.5179861364, "researchAndDevelopmentExpenses": 0, "generalAndAdministrativeExpenses": 673000000, "sellingAndMarketingExpenses": 0, "sellingGeneralAndAdministrativeExpenses": 673000000, "otherExpenses": 82000000, "operatingExpenses": 3542000000, "costAndExpenses": 10148000000, "interestIncome": 0, "interestExpense": 1832000000, "depreciationAndAmortization": 2261000000, "ebitda": 3720000000, "ebitdaratio": 0.2714337833, "operatingIncome": 3544000000, "operatingIncomeRatio": 0.2585917548, "totalOtherIncomeExpensesNet": 436000000, "incomeBeforeTax": 2161000000, "incomeBeforeTaxRatio": 0.1576796789, "incomeTaxExpense": 1938000000, "netIncome": 183000000, "netIncomeRatio": 0.013352791, "eps": 0.0821, "epsdiluted": 0.0821, "weightedAverageShsOut": 2230000000, "weightedAverageShsOutDil": 2230000000, "link": "https://www.sec.gov/Archives/edgar/data/1506307/000150630718000010/0001506307-18-000010-index.htm", "finalLink": "https://www.sec.gov/Archives/edgar/data/1506307/000150630718000010/kmi-2017x10k.htm", "calculatedOtherExpenses": 2882000000, "calculatedOperatingExpenses": 3555000000, "calculatedNetInterest": -1832000000, "calculatedOtherIncome": 449000000, "calculatedIncomeNonControlling": 40000000, "calculatedEbitda": 5805000000}, {"date": "2016-12-31", "symbol": "KMI", "reportedCurrency": "USD", "cik": "0001506307", "fillingDate": "2017-02-10", "acceptedDate": "2017-02-10 16:47:08", "calendarYear": "2016", "period": "FY", "revenue": 13058000000, "costOfRevenue": 5707000000, "grossProfit": 7351000000, "grossProfitRatio": 0.5629499158, "researchAndDevelopmentExpenses": 0, "generalAndAdministrativeExpenses": 669000000, "sellingAndMarketingExpenses": 0, "sellingGeneralAndAdministrativeExpenses": 669000000, "otherExpenses": 44000000, "operatingExpenses": 3392000000, "costAndExpenses": 9099000000, "interestIncome": 0, "interestExpense": 1806000000, "depreciationAndAmortization": 2209000000, "ebitda": 4956000000, "ebitdaratio": 0.3795374483, "operatingIncome": 3572000000, "operatingIncomeRatio": 0.2735487824, "totalOtherIncomeExpensesNet": -515000000, "incomeBeforeTax": 1638000000, "incomeBeforeTaxRatio": 0.1254403431, "incomeTaxExpense": 917000000, "netIncome": 708000000, "netIncomeRatio": 0.0542196355, "eps": 0.32, "epsdiluted": 0.32, "weightedAverageShsOut": 2230000000, "weightedAverageShsOutDil": 2230000000, "link": "https://www.sec.gov/Archives/edgar/data/1506307/000150630717000008/0001506307-17-000008-index.htm", "finalLink": "https://www.sec.gov/Archives/edgar/data/1506307/000150630717000008/kmi-2016x10k.htm", "calculatedOtherExpenses": 3110000000, "calculatedOperatingExpenses": 3779000000, "calculatedNetInterest": -1806000000, "calculatedOtherIncome": -128000000, "calculatedIncomeNonControlling": 13000000, "calculatedEbitda": 5781000000}, {"date": "2015-12-31", "symbol": "KMI", "reportedCurrency": "USD", "cik": "0001506307", "fillingDate": "2016-02-16", "acceptedDate": "2016-02-16 07:26:20", "calendarYear": "2015", "period": "FY", "revenue": 14403000000, "costOfRevenue": 6424000000, "grossProfit": 7979000000, "grossProfitRatio": 0.5539818093, "researchAndDevelopmentExpenses": 0, "generalAndAdministrativeExpenses": 690000000, "sellingAndMarketingExpenses": 0, "sellingGeneralAndAdministrativeExpenses": 690000000, "otherExpenses": -8000000, "operatingExpenses": 3463000000, "costAndExpenses": 9887000000, "interestIncome": 0, "interestExpense": 2051000000, "depreciationAndAmortization": 2309000000, "ebitda": 4948000000, "ebitdaratio": 0.3435395404, "operatingIncome": 2622000000, "operatingIncomeRatio": 0.1820454072, "totalOtherIncomeExpensesNet": -1518000000, "incomeBeforeTax": 947000000, "incomeBeforeTaxRatio": 0.0657501909, "incomeTaxExpense": 612000000, "netIncome": 337000000, "netIncomeRatio": 0.0233979032, "eps": 0.15, "epsdiluted": 0.15, "weightedAverageShsOut": 2187000000, "weightedAverageShsOutDil": 2193000000, "link": "https://www.sec.gov/Archives/edgar/data/1506307/000150630716000072/0001506307-16-000072-index.htm", "finalLink": "https://www.sec.gov/Archives/edgar/data/1506307/000150630716000072/kmi-2015x10k.htm", "calculatedOtherExpenses": 4667000000, "calculatedOperatingExpenses": 5357000000, "calculatedNetInterest": -2051000000, "calculatedOtherIncome": 376000000, "calculatedIncomeNonControlling": -2000000, "calculatedEbitda": 4931000000}, {"date": "2014-12-31", "symbol": "KMI", "reportedCurrency": "USD", "cik": "0001506307", "fillingDate": "2015-02-23", "acceptedDate": "2015-02-23 06:07:55", "calendarYear": "2014", "period": "FY", "revenue": 16226000000, "costOfRevenue": 2040000000, "grossProfit": 14186000000, "grossProfitRatio": 0.8742758536, "researchAndDevelopmentExpenses": 0, "generalAndAdministrativeExpenses": 610000000, "sellingAndMarketingExpenses": 0, "sellingGeneralAndAdministrativeExpenses": 610000000, "otherExpenses": 80000000, "operatingExpenses": 9466000000, "costAndExpenses": 11506000000, "interestIncome": 0, "interestExpense": 1798000000, "depreciationAndAmortization": 2040000000, "ebitda": 4992000000, "ebitdaratio": 0.3076543819, "operatingIncome": 4448000000, "operatingIncomeRatio": 0.2741279428, "totalOtherIncomeExpensesNet": 169000000, "incomeBeforeTax": 3091000000, "incomeBeforeTaxRatio": 0.1904967336, "incomeTaxExpense": 648000000, "netIncome": 1026000000, "netIncomeRatio": 0.0632318501, "eps": 0.9, "epsdiluted": 0.9, "weightedAverageShsOut": 1137000000, "weightedAverageShsOutDil": 1137000000, "link": "https://www.sec.gov/Archives/edgar/data/1506307/000150630715000014/0001506307-15-000014-index.htm", "finalLink": "https://www.sec.gov/Archives/edgar/data/1506307/000150630715000014/kmi-2014x10k.htm", "calculatedOtherExpenses": 9128000000, "calculatedOperatingExpenses": 9738000000, "calculatedNetInterest": -1798000000, "calculatedOtherIncome": 441000000, "calculatedIncomeNonControlling": 1417000000, "calculatedEbitda": 6488000000}, {"date": "2013-12-31", "symbol": "KMI", "reportedCurrency": "USD", "cik": "0001506307", "fillingDate": "2014-02-24", "acceptedDate": "2014-02-21 17:55:15", "calendarYear": "2013", "period": "FY", "revenue": 14070000000, "costOfRevenue": 1806000000, "grossProfit": 12264000000, "grossProfitRatio": 0.871641791, "researchAndDevelopmentExpenses": 0, "generalAndAdministrativeExpenses": 613000000, "sellingAndMarketingExpenses": 0, "sellingGeneralAndAdministrativeExpenses": 613000000, "otherExpenses": 611000000, "operatingExpenses": 8274000000, "costAndExpenses": 10080000000, "interestIncome": 0, "interestExpense": 1675000000, "depreciationAndAmortization": 1806000000, "ebitda": 3766000000, "ebitdaratio": 0.2676616915, "operatingIncome": 3990000000, "operatingIncomeRatio": 0.2835820896, "totalOtherIncomeExpensesNet": 1123000000, "incomeBeforeTax": 3438000000, "incomeBeforeTaxRatio": 0.2443496802, "incomeTaxExpense": 742000000, "netIncome": 1193000000, "netIncomeRatio": 0.084790334, "eps": 1.15, "epsdiluted": 1.15, "weightedAverageShsOut": 1036000000, "weightedAverageShsOutDil": 1036000000, "link": "https://www.sec.gov/Archives/edgar/data/1506307/000150630714000010/0001506307-14-000010-index.htm", "finalLink": "https://www.sec.gov/Archives/edgar/data/1506307/000150630714000010/kmi-2013x10k.htm", "calculatedOtherExpenses": 7661000000, "calculatedOperatingExpenses": 8274000000, "calculatedNetInterest": -1675000000, "calculatedOtherIncome": 1123000000, "calculatedIncomeNonControlling": 1503000000, "calculatedEbitda": 5796000000}, {"date": "2012-12-31", "symbol": "KMI", "reportedCurrency": "USD", "cik": "0001506307", "fillingDate": "2013-03-01", "acceptedDate": "2013-03-01 08:16:34", "calendarYear": "2012", "period": "FY", "revenue": 9973000000, "costOfRevenue": 1419000000, "grossProfit": 8554000000, "grossProfitRatio": 0.8577158327, "researchAndDevelopmentExpenses": 0, "generalAndAdministrativeExpenses": 929000000, "sellingAndMarketingExpenses": 0, "sellingGeneralAndAdministrativeExpenses": 929000000, "otherExpenses": 9000000, "operatingExpenses": 5974000000, "costAndExpenses": 7393000000, "interestIncome": 28000000, "interestExpense": 1399000000, "depreciationAndAmortization": 1426000000, "ebitda": 2942000000, "ebitdaratio": 0.2949964905, "operatingIncome": 2593000000, "operatingIncomeRatio": 0.2600020054, "totalOtherIncomeExpensesNet": 362000000, "incomeBeforeTax": 1543000000, "incomeBeforeTaxRatio": 0.1547177379, "incomeTaxExpense": 210000000, "netIncome": 444000000, "netIncomeRatio": 0.0445202046, "eps": 0.49, "epsdiluted": 0.49, "weightedAverageShsOut": 907000000, "weightedAverageShsOutDil": 908000000, "link": "https://www.sec.gov/Archives/edgar/data/1506307/000150630713000015/0001506307-13-000015-index.htm", "finalLink": "https://www.sec.gov/Archives/edgar/data/1506307/000150630713000015/kmi-20121231x10k.htm", "calculatedOtherExpenses": 5032000000, "calculatedOperatingExpenses": 5961000000, "calculatedNetInterest": -1371000000, "calculatedOtherIncome": 321000000, "calculatedIncomeNonControlling": 889000000, "calculatedEbitda": 4019000000}, {"date": "2011-12-31", "symbol": "KMI", "reportedCurrency": "USD", "cik": "0001506307", "fillingDate": "2011-12-31", "acceptedDate": "2011-12-30 19:00:00", "calendarYear": "2011", "period": "FY", "revenue": 8264900000, "costOfRevenue": 4941300000, "grossProfit": 3323600000, "grossProfitRatio": 0.4021343271, "researchAndDevelopmentExpenses": 0, "generalAndAdministrativeExpenses": 515000000, "sellingAndMarketingExpenses": 0, "sellingGeneralAndAdministrativeExpenses": 515000000, "otherExpenses": 0, "operatingExpenses": 1791400000, "costAndExpenses": 6732700000, "interestIncome": 23000000, "interestExpense": 703300000, "depreciationAndAmortization": 1091900000, "ebitda": 2960200000, "ebitdaratio": 0.3581652531, "operatingIncome": 1538700000, "operatingIncomeRatio": 0.1861728515, "totalOtherIncomeExpensesNet": 163100000, "incomeBeforeTax": 1015000000, "incomeBeforeTaxRatio": 0.1228085034, "incomeTaxExpense": 362800000, "netIncome": 594400000, "netIncomeRatio": 0.0719185955, "eps": 0.84, "epsdiluted": 0.84, "weightedAverageShsOut": 707000000, "weightedAverageShsOutDil": 708000000, "link": null, "finalLink": null, "calculatedOtherExpenses": 1269900000, "calculatedOperatingExpenses": 1784900000, "calculatedNetInterest": -680300000, "calculatedOtherIncome": 156600000, "calculatedIncomeNonControlling": 57800000, "calculatedEbitda": 2630600000}, {"date": "2010-12-31", "symbol": "KMI", "reportedCurrency": "USD", "cik": "0001506307", "fillingDate": "2011-03-02", "acceptedDate": "2011-03-02 14:00:44", "calendarYear": "2010", "period": "FY", "revenue": 8190600000, "costOfRevenue": 5035200000, "grossProfit": 3155400000, "grossProfitRatio": 0.3852465021, "researchAndDevelopmentExpenses": 0, "generalAndAdministrativeExpenses": 631100000, "sellingAndMarketingExpenses": 0, "sellingGeneralAndAdministrativeExpenses": 631100000, "otherExpenses": 0, "operatingExpenses": 1874700000, "costAndExpenses": 6909900000, "interestIncome": 23400000, "interestExpense": 668300000, "depreciationAndAmortization": 1078800000, "ebitda": 2196700000, "ebitdaratio": 0.26819769, "operatingIncome": 1280700000, "operatingIncomeRatio": 0.1563621713, "totalOtherIncomeExpensesNet": -167900000, "incomeBeforeTax": 467900000, "incomeBeforeTaxRatio": 0.057126462, "incomeTaxExpense": 167600000, "netIncome": -41300000, "netIncomeRatio": -0.0050423656, "eps": -0.21, "epsdiluted": -0.21, "weightedAverageShsOut": 195466600, "weightedAverageShsOutDil": 195466600, "link": "https://www.sec.gov/Archives/edgar/data/1506307/000150630711000009/0001506307-11-000009-index.htm", "finalLink": "https://www.sec.gov/Archives/edgar/data/1506307/000150630711000009/kmi10k2010.htm", "calculatedOtherExpenses": 1243600000, "calculatedOperatingExpenses": 1874700000, "calculatedNetInterest": -644900000, "calculatedOtherIncome": -167900000, "calculatedIncomeNonControlling": 341600000, "calculatedEbitda": 2359500000}, {"date": "2009-12-31", "symbol": "KMI", "reportedCurrency": "USD", "cik": "0001506307", "fillingDate": "2009-12-31", "acceptedDate": "2009-12-30 19:00:00", "calendarYear": "2009", "period": "FY", "revenue": 7185200000, "costOfRevenue": 3068500000, "grossProfit": 4116700000, "grossProfitRatio": 0.5729416022, "researchAndDevelopmentExpenses": 0, "generalAndAdministrativeExpenses": 0, "sellingAndMarketingExpenses": 0, "sellingGeneralAndAdministrativeExpenses": 373000000, "otherExpenses": 0, "operatingExpenses": 2709500000, "costAndExpenses": 5778000000, "interestIncome": 0, "interestExpense": 0, "depreciationAndAmortization": 1070200000, "ebitda": 2433700000, "ebitdaratio": 0.3387101264, "operatingIncome": 1407200000, "operatingIncomeRatio": 0.1958470189, "totalOtherIncomeExpensesNet": 265600000, "incomeBeforeTax": 1099400000, "incomeBeforeTaxRatio": 0.1530089629, "incomeTaxExpense": 326600000, "netIncome": 495000000, "netIncomeRatio": 0.0688916105, "eps": 2.53, "epsdiluted": 2.53, "weightedAverageShsOut": 195466600, "weightedAverageShsOutDil": 195466600, "link": null, "finalLink": null, "calculatedOtherExpenses": 2336500000, "calculatedOperatingExpenses": 2709500000, "calculatedNetInterest": 0, "calculatedOtherIncome": -307800000, "calculatedIncomeNonControlling": 277800000, "calculatedEbitda": 2477400000}, {"date": "2008-12-31", "symbol": "KMI", "reportedCurrency": "USD", "cik": "0001506307", "fillingDate": "2008-12-31", "acceptedDate": "2008-12-30 19:00:00", "calendarYear": "2008", "period": "FY", "revenue": 12094800000, "costOfRevenue": 9062000000, "grossProfit": 3032800000, "grossProfitRatio": 0.2507523895, "researchAndDevelopmentExpenses": 0, "generalAndAdministrativeExpenses": 0, "sellingAndMarketingExpenses": 0, "sellingGeneralAndAdministrativeExpenses": 352500000, "otherExpenses": 0, "operatingExpenses": 1471600000, "costAndExpenses": 10533600000, "interestIncome": 47500000, "interestExpense": 675800000, "depreciationAndAmortization": 5200300000, "ebitda": 2728200000, "ebitdaratio": 0.2255680127, "operatingIncome": -2472100000, "operatingIncomeRatio": -0.2043936237, "totalOtherIncomeExpensesNet": -3830900000, "incomeBeforeTax": -2898000000, "incomeBeforeTaxRatio": -0.2396071039, "incomeTaxExpense": 304300000, "netIncome": -3599300000, "netIncomeRatio": -0.2975907001, "eps": -18.41, "epsdiluted": -18.41, "weightedAverageShsOut": 195466600, "weightedAverageShsOutDil": 195466600, "link": null, "finalLink": null, "calculatedOtherExpenses": 5152400000, "calculatedOperatingExpenses": 5504900000, "calculatedNetInterest": -628300000, "calculatedOtherIncome": 202400000, "calculatedIncomeNonControlling": 397000000, "calculatedEbitda": 2728200000}]}