{"originalCurrency": "USD", "convertedCurrency": "USD", "report": [{"date": "2023-12-31", "symbol": "KMPR", "reportedCurrency": "USD", "cik": "0000860748", "fillingDate": "2024-02-07", "acceptedDate": "2024-02-07 16:16:13", "calendarYear": "2023", "period": "FY", "revenue": 4914700000, "costOfRevenue": -29500000, "grossProfit": 4944200000, "grossProfitRatio": 1.006002401, "researchAndDevelopmentExpenses": 0, "generalAndAdministrativeExpenses": 413000000, "sellingAndMarketingExpenses": 0, "sellingGeneralAndAdministrativeExpenses": 413000000, "otherExpenses": -5704300000, "operatingExpenses": -5291300000, "costAndExpenses": 5261800000, "interestIncome": 350400000, "interestExpense": 56100000, "depreciationAndAmortization": 58600000, "ebitda": -347100000, "ebitdaratio": -0.0706248601, "operatingIncome": -347100000, "operatingIncomeRatio": -0.0706248601, "totalOtherIncomeExpensesNet": 7200000, "incomeBeforeTax": -347100000, "incomeBeforeTaxRatio": -0.0706248601, "incomeTaxExpense": -74800000, "netIncome": -272100000, "netIncomeRatio": -0.0553645187, "eps": -4.25, "epsdiluted": -4.25, "weightedAverageShsOut": 64025600, "weightedAverageShsOutDil": 64025600, "link": "https://www.sec.gov/Archives/edgar/data/860748/000086074824000046/0000860748-24-000046-index.htm", "finalLink": "https://www.sec.gov/Archives/edgar/data/860748/000086074824000046/kmpr-20231231.htm", "calculatedOtherExpenses": 4878300000, "calculatedOperatingExpenses": 5291300000, "calculatedNetInterest": 294300000, "calculatedOtherIncome": -294300000, "calculatedIncomeNonControlling": -200000, "calculatedEbitda": -288500000}, {"date": "2022-12-31", "symbol": "KMPR", "reportedCurrency": "USD", "cik": "0000860748", "fillingDate": "2023-02-09", "acceptedDate": "2023-02-09 16:04:04", "calendarYear": "2022", "period": "FY", "revenue": 5576800000, "costOfRevenue": 0, "grossProfit": 5576800000, "grossProfitRatio": 1, "researchAndDevelopmentExpenses": 0, "generalAndAdministrativeExpenses": 358400000, "sellingAndMarketingExpenses": 0, "sellingGeneralAndAdministrativeExpenses": 358400000, "otherExpenses": 5966300000, "operatingExpenses": 5966300000, "costAndExpenses": 5966300000, "interestIncome": 306400000, "interestExpense": 257600000, "depreciationAndAmortization": 70900000, "ebitda": 115600000, "ebitdaratio": 0.0207287333, "operatingIncome": 44700000, "operatingIncomeRatio": 0.0080153493, "totalOtherIncomeExpensesNet": -434200000, "incomeBeforeTax": -389500000, "incomeBeforeTaxRatio": -0.0698429207, "incomeTaxExpense": -88300000, "netIncome": -301200000, "netIncomeRatio": -0.0540094678, "eps": -4.72, "epsdiluted": -4.72, "weightedAverageShsOut": 63825500, "weightedAverageShsOutDil": 63825500, "link": "https://www.sec.gov/Archives/edgar/data/860748/000086074823000056/0000860748-23-000056-index.htm", "finalLink": "https://www.sec.gov/Archives/edgar/data/860748/000086074823000056/kmpr-20221231.htm", "calculatedOtherExpenses": 5173700000, "calculatedOperatingExpenses": 5532100000, "calculatedNetInterest": 48800000, "calculatedOtherIncome": -483000000, "calculatedIncomeNonControlling": 0, "calculatedEbitda": 115600000}, {"date": "2021-12-31", "symbol": "KMPR", "reportedCurrency": "USD", "cik": "0000860748", "fillingDate": "2022-02-10", "acceptedDate": "2022-02-10 16:13:08", "calendarYear": "2021", "period": "FY", "revenue": 5793000000, "costOfRevenue": 0, "grossProfit": 5793000000, "grossProfitRatio": 1, "researchAndDevelopmentExpenses": 0, "generalAndAdministrativeExpenses": 339500000, "sellingAndMarketingExpenses": 0, "sellingGeneralAndAdministrativeExpenses": 339500000, "otherExpenses": -6382600000, "operatingExpenses": -6043100000, "costAndExpenses": 6038300000, "interestIncome": 293600000, "interestExpense": 219400000, "depreciationAndAmortization": 99800000, "ebitda": -150300000, "ebitdaratio": -0.0259451062, "operatingIncome": -250100000, "operatingIncomeRatio": -0.0431727948, "totalOtherIncomeExpensesNet": 4800000, "incomeBeforeTax": -245300000, "incomeBeforeTaxRatio": -0.0423442085, "incomeTaxExpense": -124800000, "netIncome": -120500000, "netIncomeRatio": -0.0208009667, "eps": -1.88, "epsdiluted": -1.88, "weightedAverageShsOut": 64264399, "weightedAverageShsOutDil": 64264399, "link": "https://www.sec.gov/Archives/edgar/data/860748/000086074822000036/0000860748-22-000036-index.htm", "finalLink": "https://www.sec.gov/Archives/edgar/data/860748/000086074822000036/kmpr-20211231.htm", "calculatedOtherExpenses": 5703600000, "calculatedOperatingExpenses": 6043100000, "calculatedNetInterest": 74200000, "calculatedOtherIncome": -69400000, "calculatedIncomeNonControlling": 0, "calculatedEbitda": -150300000}, {"date": "2020-12-31", "symbol": "KMPR", "reportedCurrency": "USD", "cik": "0000860748", "fillingDate": "2021-02-10", "acceptedDate": "2021-02-10 16:02:26", "calendarYear": "2020", "period": "FY", "revenue": 5200800000, "costOfRevenue": 0, "grossProfit": 5200800000, "grossProfitRatio": 1, "researchAndDevelopmentExpenses": 0, "generalAndAdministrativeExpenses": 371500000, "sellingAndMarketingExpenses": 0, "sellingGeneralAndAdministrativeExpenses": 371500000, "otherExpenses": -5156800000, "operatingExpenses": -4785300000, "costAndExpenses": 4690700000, "interestIncome": 305200000, "interestExpense": 36000000, "depreciationAndAmortization": 55000000, "ebitda": 470500000, "ebitdaratio": 0.0904668513, "operatingIncome": 415500000, "operatingIncomeRatio": 0.0798915551, "totalOtherIncomeExpensesNet": 94600000, "incomeBeforeTax": 510100000, "incomeBeforeTaxRatio": 0.0980810645, "incomeTaxExpense": 100200000, "netIncome": 409900000, "netIncomeRatio": 0.0788147977, "eps": 6.24, "epsdiluted": 6.14, "weightedAverageShsOut": 65636100, "weightedAverageShsOutDil": 66729800, "link": "https://www.sec.gov/Archives/edgar/data/860748/000086074821000039/0000860748-21-000039-index.htm", "finalLink": "https://www.sec.gov/Archives/edgar/data/860748/000086074821000039/kmpr-20201231.htm", "calculatedOtherExpenses": 4413800000, "calculatedOperatingExpenses": 4785300000, "calculatedNetInterest": 269200000, "calculatedOtherIncome": -174600000, "calculatedIncomeNonControlling": 0, "calculatedEbitda": 470500000}, {"date": "2019-12-31", "symbol": "KMPR", "reportedCurrency": "USD", "cik": "0000860748", "fillingDate": "2020-02-14", "acceptedDate": "2020-02-14 06:27:11", "calendarYear": "2019", "period": "FY", "revenue": 5039200000, "costOfRevenue": 0, "grossProfit": 5039200000, "grossProfitRatio": 1, "researchAndDevelopmentExpenses": 0, "generalAndAdministrativeExpenses": 278000000, "sellingAndMarketingExpenses": 0, "sellingGeneralAndAdministrativeExpenses": 278000000, "otherExpenses": -4691100000, "operatingExpenses": -4413100000, "costAndExpenses": 4377600000, "interestIncome": 322300000, "interestExpense": 42500000, "depreciationAndAmortization": 62500000, "ebitda": 688600000, "ebitdaratio": 0.1366486744, "operatingIncome": 626100000, "operatingIncomeRatio": 0.124245912, "totalOtherIncomeExpensesNet": 35500000, "incomeBeforeTax": 661600000, "incomeBeforeTaxRatio": 0.1312906811, "incomeTaxExpense": 130500000, "netIncome": 531100000, "netIncomeRatio": 0.1053937133, "eps": 8.04, "epsdiluted": 7.96, "weightedAverageShsOut": 65880900, "weightedAverageShsOutDil": 66548100, "link": "https://www.sec.gov/Archives/edgar/data/860748/000086074820000033/0000860748-20-000033-index.htm", "finalLink": "https://www.sec.gov/Archives/edgar/data/860748/000086074820000033/kmpr20191231201910k.htm", "calculatedOtherExpenses": 4135100000, "calculatedOperatingExpenses": 4413100000, "calculatedNetInterest": 279800000, "calculatedOtherIncome": -244300000, "calculatedIncomeNonControlling": 0, "calculatedEbitda": 688600000}, {"date": "2018-12-31", "symbol": "KMPR", "reportedCurrency": "USD", "cik": "0000860748", "fillingDate": "2019-02-20", "acceptedDate": "2019-02-20 06:52:55", "calendarYear": "2018", "period": "FY", "revenue": 3725100000, "costOfRevenue": 0, "grossProfit": 3725100000, "grossProfitRatio": 1, "researchAndDevelopmentExpenses": 0, "generalAndAdministrativeExpenses": 368900000, "sellingAndMarketingExpenses": 0, "sellingGeneralAndAdministrativeExpenses": 368900000, "otherExpenses": -3710600000, "operatingExpenses": -3480900000, "costAndExpenses": 3526000000, "interestIncome": 0, "interestExpense": 43400000, "depreciationAndAmortization": 171900000, "ebitda": 416100000, "ebitdaratio": 0.1117016993, "operatingIncome": 244200000, "operatingIncomeRatio": 0.0655552871, "totalOtherIncomeExpensesNet": 42200000, "incomeBeforeTax": 199100000, "incomeBeforeTaxRatio": 0.0534482296, "incomeTaxExpense": 10700000, "netIncome": 190100000, "netIncomeRatio": 0.0510321871, "eps": 3.27, "epsdiluted": 3.24, "weightedAverageShsOut": 58149400, "weightedAverageShsOutDil": 58751900, "link": "https://www.sec.gov/Archives/edgar/data/860748/000086074819000052/0000860748-19-000052-index.htm", "finalLink": "https://www.sec.gov/Archives/edgar/data/860748/000086074819000052/kmpr20181231201810k.htm", "calculatedOtherExpenses": 3112000000, "calculatedOperatingExpenses": 3480900000, "calculatedNetInterest": -43400000, "calculatedOtherIncome": -1700000, "calculatedIncomeNonControlling": -1700000, "calculatedEbitda": 416100000}, {"date": "2017-12-31", "symbol": "KMPR", "reportedCurrency": "USD", "cik": "0000860748", "fillingDate": "2018-02-13", "acceptedDate": "2018-02-13 17:17:14", "calendarYear": "2017", "period": "FY", "revenue": 2722300000, "costOfRevenue": 0, "grossProfit": 2722300000, "grossProfitRatio": 1, "researchAndDevelopmentExpenses": 0, "generalAndAdministrativeExpenses": 194100000, "sellingAndMarketingExpenses": 0, "sellingGeneralAndAdministrativeExpenses": 194100000, "otherExpenses": -2796500000, "operatingExpenses": -2602400000, "costAndExpenses": 2561200000, "interestIncome": 0, "interestExpense": 34900000, "depreciationAndAmortization": 18200000, "ebitda": 215200000, "ebitdaratio": 0.0790508026, "operatingIncome": 119900000, "operatingIncomeRatio": 0.0440436396, "totalOtherIncomeExpensesNet": 4000000, "incomeBeforeTax": 161100000, "incomeBeforeTaxRatio": 0.059177901, "incomeTaxExpense": 41200000, "netIncome": 120900000, "netIncomeRatio": 0.044410976, "eps": 2.34, "epsdiluted": 2.33, "weightedAverageShsOut": 51345600, "weightedAverageShsOutDil": 51577900, "link": "https://www.sec.gov/Archives/edgar/data/860748/000086074818000045/0000860748-18-000045-index.htm", "finalLink": "https://www.sec.gov/Archives/edgar/data/860748/000086074818000045/kmpr20171231201710k.htm", "calculatedOtherExpenses": 2408300000, "calculatedOperatingExpenses": 2602400000, "calculatedNetInterest": -34900000, "calculatedOtherIncome": 76100000, "calculatedIncomeNonControlling": -1000000, "calculatedEbitda": 138100000}, {"date": "2016-12-31", "symbol": "KMPR", "reportedCurrency": "USD", "cik": "0000860748", "fillingDate": "2017-02-13", "acceptedDate": "2017-02-13 17:12:08", "calendarYear": "2016", "period": "FY", "revenue": 2521900000, "costOfRevenue": 0, "grossProfit": 2521900000, "grossProfitRatio": 1, "researchAndDevelopmentExpenses": 0, "generalAndAdministrativeExpenses": 209000000, "sellingAndMarketingExpenses": 0, "sellingGeneralAndAdministrativeExpenses": 209000000, "otherExpenses": -2718200000, "operatingExpenses": -2509200000, "costAndExpenses": 2518400000, "interestIncome": 0, "interestExpense": 90300000, "depreciationAndAmortization": 19500000, "ebitda": 71500000, "ebitdaratio": 0.0283516396, "operatingIncome": 12700000, "operatingIncomeRatio": 0.0050358856, "totalOtherIncomeExpensesNet": 3200000, "incomeBeforeTax": 3500000, "incomeBeforeTaxRatio": 0.0013878425, "incomeTaxExpense": -9200000, "netIncome": 16800000, "netIncomeRatio": 0.006661644, "eps": 0.33, "epsdiluted": 0.33, "weightedAverageShsOut": 51156100, "weightedAverageShsOutDil": 51214700, "link": "https://www.sec.gov/Archives/edgar/data/860748/000086074817000017/0000860748-17-000017-index.htm", "finalLink": "https://www.sec.gov/Archives/edgar/data/860748/000086074817000017/kmpr-20161231201610k.htm", "calculatedOtherExpenses": 2300200000, "calculatedOperatingExpenses": 2509200000, "calculatedNetInterest": -90300000, "calculatedOtherIncome": 81100000, "calculatedIncomeNonControlling": -4100000, "calculatedEbitda": 32200000}, {"date": "2015-12-31", "symbol": "KMPR", "reportedCurrency": "USD", "cik": "0000860748", "fillingDate": "2016-02-12", "acceptedDate": "2016-02-12 16:20:02", "calendarYear": "2015", "period": "FY", "revenue": 2340800000, "costOfRevenue": 0, "grossProfit": 2340800000, "grossProfitRatio": 1, "researchAndDevelopmentExpenses": 0, "generalAndAdministrativeExpenses": 241100000, "sellingAndMarketingExpenses": 0, "sellingGeneralAndAdministrativeExpenses": 241100000, "otherExpenses": -2501700000, "operatingExpenses": -2260600000, "costAndExpenses": 2240500000, "interestIncome": 0, "interestExpense": 107600000, "depreciationAndAmortization": 28900000, "ebitda": 181200000, "ebitdaratio": 0.0774094327, "operatingIncome": 80200000, "operatingIncomeRatio": 0.0342617908, "totalOtherIncomeExpensesNet": 3700000, "incomeBeforeTax": 100300000, "incomeBeforeTaxRatio": 0.0428485988, "incomeTaxExpense": 20100000, "netIncome": 85700000, "netIncomeRatio": 0.0366114149, "eps": 1.65, "epsdiluted": 1.65, "weightedAverageShsOut": 51606900, "weightedAverageShsOutDil": 51683500, "link": "https://www.sec.gov/Archives/edgar/data/860748/000086074816000146/0000860748-16-000146-index.htm", "finalLink": "https://www.sec.gov/Archives/edgar/data/860748/000086074816000146/kmpr-20151231201510k.htm", "calculatedOtherExpenses": 2019500000, "calculatedOperatingExpenses": 2260600000, "calculatedNetInterest": -107600000, "calculatedOtherIncome": 127700000, "calculatedIncomeNonControlling": -5500000, "calculatedEbitda": 109100000}, {"date": "2014-12-31", "symbol": "KMPR", "reportedCurrency": "USD", "cik": "0000860748", "fillingDate": "2015-02-12", "acceptedDate": "2015-02-12 16:05:42", "calendarYear": "2014", "period": "FY", "revenue": 2196600000, "costOfRevenue": 0, "grossProfit": 2196600000, "grossProfitRatio": 1, "researchAndDevelopmentExpenses": 0, "generalAndAdministrativeExpenses": 258100000, "sellingAndMarketingExpenses": 0, "sellingGeneralAndAdministrativeExpenses": 258100000, "otherExpenses": -2342100000, "operatingExpenses": -2084000000, "costAndExpenses": 2036400000, "interestIncome": 0, "interestExpense": 91700000, "depreciationAndAmortization": 23200000, "ebitda": 232200000, "ebitdaratio": 0.1057088227, "operatingIncome": 112600000, "operatingIncomeRatio": 0.0512610398, "totalOtherIncomeExpensesNet": 1400000, "incomeBeforeTax": 160200000, "incomeBeforeTaxRatio": 0.0729308932, "incomeTaxExpense": 47600000, "netIncome": 114500000, "netIncomeRatio": 0.0521260129, "eps": 2.12, "epsdiluted": 2.12, "weightedAverageShsOut": 53762500, "weightedAverageShsOutDil": 53867900, "link": "https://www.sec.gov/Archives/edgar/data/860748/000086074815000039/0000860748-15-000039-index.htm", "finalLink": "https://www.sec.gov/Archives/edgar/data/860748/000086074815000039/kmpr-20141231201410k.htm", "calculatedOtherExpenses": 1825900000, "calculatedOperatingExpenses": 2084000000, "calculatedNetInterest": -91700000, "calculatedOtherIncome": 139300000, "calculatedIncomeNonControlling": -1900000, "calculatedEbitda": 135800000}, {"date": "2013-12-31", "symbol": "KMPR", "reportedCurrency": "USD", "cik": "0000860748", "fillingDate": "2014-02-14", "acceptedDate": "2014-02-14 16:02:53", "calendarYear": "2013", "period": "FY", "revenue": 2426500000, "costOfRevenue": 0, "grossProfit": 2426500000, "grossProfitRatio": 1, "researchAndDevelopmentExpenses": 0, "generalAndAdministrativeExpenses": 257100000, "sellingAndMarketingExpenses": 0, "sellingGeneralAndAdministrativeExpenses": 257100000, "otherExpenses": -2469100000, "operatingExpenses": -2212000000, "costAndExpenses": 2112100000, "interestIncome": 0, "interestExpense": 100500000, "depreciationAndAmortization": 25700000, "ebitda": 381400000, "ebitdaratio": 0.1571811251, "operatingIncome": 214500000, "operatingIncomeRatio": 0.0883989285, "totalOtherIncomeExpensesNet": 800000, "incomeBeforeTax": 314400000, "incomeBeforeTaxRatio": 0.1295693386, "incomeTaxExpense": 99900000, "netIncome": 217700000, "netIncomeRatio": 0.0897177004, "eps": 3.81, "epsdiluted": 3.8, "weightedAverageShsOut": 56856900, "weightedAverageShsOutDil": 56983600, "link": "https://www.sec.gov/Archives/edgar/data/860748/000086074814000026/0000860748-14-000026-index.htm", "finalLink": "https://www.sec.gov/Archives/edgar/data/860748/000086074814000026/kmpr1231201310k.htm", "calculatedOtherExpenses": 1954900000, "calculatedOperatingExpenses": 2212000000, "calculatedNetInterest": -100500000, "calculatedOtherIncome": 200400000, "calculatedIncomeNonControlling": -3200000, "calculatedEbitda": 240200000}, {"date": "2012-12-31", "symbol": "KMPR", "reportedCurrency": "USD", "cik": "0000860748", "fillingDate": "2013-02-15", "acceptedDate": "2013-02-15 16:15:24", "calendarYear": "2012", "period": "FY", "revenue": 2462300000, "costOfRevenue": 0, "grossProfit": 2462300000, "grossProfitRatio": 1, "researchAndDevelopmentExpenses": 0, "generalAndAdministrativeExpenses": 262900000, "sellingAndMarketingExpenses": 0, "sellingGeneralAndAdministrativeExpenses": 262900000, "otherExpenses": -2633400000, "operatingExpenses": -2370500000, "costAndExpenses": 2339900000, "interestIncome": 0, "interestExpense": 85500000, "depreciationAndAmortization": 23300000, "ebitda": 194900000, "ebitdaratio": 0.0791536368, "operatingIncome": 91800000, "operatingIncomeRatio": 0.0372822158, "totalOtherIncomeExpensesNet": 800000, "incomeBeforeTax": 122400000, "incomeBeforeTaxRatio": 0.0497096211, "incomeTaxExpense": 30600000, "netIncome": 103400000, "netIncomeRatio": 0.0419932583, "eps": 1.75, "epsdiluted": 1.74, "weightedAverageShsOut": 58857000, "weightedAverageShsOutDil": 59425287, "link": "https://www.sec.gov/Archives/edgar/data/860748/000086074813000017/0000860748-13-000017-index.htm", "finalLink": "https://www.sec.gov/Archives/edgar/data/860748/000086074813000017/kmpr1231201210k.htm", "calculatedOtherExpenses": 2107600000, "calculatedOperatingExpenses": 2370500000, "calculatedNetInterest": -85500000, "calculatedOtherIncome": 116100000, "calculatedIncomeNonControlling": -11600000, "calculatedEbitda": 115100000}, {"date": "2011-12-31", "symbol": "KMPR", "reportedCurrency": "USD", "cik": "0000860748", "fillingDate": "2012-02-17", "acceptedDate": "2012-02-17 16:03:43", "calendarYear": "2011", "period": "FY", "revenue": 2495000000, "costOfRevenue": 0, "grossProfit": 2495000000, "grossProfitRatio": 1, "researchAndDevelopmentExpenses": 0, "generalAndAdministrativeExpenses": 0, "sellingAndMarketingExpenses": 0, "sellingGeneralAndAdministrativeExpenses": 0, "otherExpenses": -2424100000, "operatingExpenses": -2424100000, "costAndExpenses": 2412400000, "interestIncome": 0, "interestExpense": 83900000, "depreciationAndAmortization": 10900000, "ebitda": 190200000, "ebitdaratio": 0.0762324649, "operatingIncome": 70900000, "operatingIncomeRatio": 0.0284168337, "totalOtherIncomeExpensesNet": 1000000, "incomeBeforeTax": 82600000, "incomeBeforeTaxRatio": 0.0331062124, "incomeTaxExpense": 11700000, "netIncome": 83700000, "netIncomeRatio": 0.0335470942, "eps": 1.38, "epsdiluted": 1.38, "weightedAverageShsOut": 60263000, "weightedAverageShsOutDil": 60263000, "link": "https://www.sec.gov/Archives/edgar/data/860748/000086074812000034/0000860748-12-000034-index.htm", "finalLink": "https://www.sec.gov/Archives/edgar/data/860748/000086074812000034/kmpr1231201110k.htm", "calculatedOtherExpenses": 2424100000, "calculatedOperatingExpenses": 2424100000, "calculatedNetInterest": -83900000, "calculatedOtherIncome": 95600000, "calculatedIncomeNonControlling": -12800000, "calculatedEbitda": 81800000}, {"date": "2010-12-31", "symbol": "KMPR", "reportedCurrency": "USD", "cik": "0000860748", "fillingDate": "2011-02-03", "acceptedDate": "2011-02-03 17:11:23", "calendarYear": "2010", "period": "FY", "revenue": 2743400000, "costOfRevenue": 4300000, "grossProfit": 2739100000, "grossProfitRatio": 0.9984326019, "researchAndDevelopmentExpenses": 0, "generalAndAdministrativeExpenses": 0, "sellingAndMarketingExpenses": 0, "sellingGeneralAndAdministrativeExpenses": 0, "otherExpenses": 38400000, "operatingExpenses": 38400000, "costAndExpenses": 2482100000, "interestIncome": 0, "interestExpense": 144600000, "depreciationAndAmortization": 332300000, "ebitda": 738900000, "ebitdaratio": 0.2693373187, "operatingIncome": -40500000, "operatingIncomeRatio": -0.0147627032, "totalOtherIncomeExpensesNet": 100300000, "incomeBeforeTax": 261300000, "incomeBeforeTaxRatio": 0.0952467741, "incomeTaxExpense": 77400000, "netIncome": 184600000, "netIncomeRatio": 0.0672887658, "eps": 2.98, "epsdiluted": 2.98, "weightedAverageShsOut": 61681200, "weightedAverageShsOutDil": 61766900, "link": "https://www.sec.gov/Archives/edgar/data/860748/000119312511023337/0001193125-11-023337-index.htm", "finalLink": "https://www.sec.gov/Archives/edgar/data/860748/000119312511023337/d10k.htm", "calculatedOtherExpenses": 2779600000, "calculatedOperatingExpenses": 2779600000, "calculatedNetInterest": -144600000, "calculatedOtherIncome": 446400000, "calculatedIncomeNonControlling": -700000, "calculatedEbitda": 291800000}, {"date": "2009-12-31", "symbol": "KMPR", "reportedCurrency": "USD", "cik": "0000860748", "fillingDate": "2010-02-01", "acceptedDate": "2010-02-01 17:16:21", "calendarYear": "2009", "period": "FY", "revenue": 2933400000, "costOfRevenue": 0, "grossProfit": 2933400000, "grossProfitRatio": 1, "researchAndDevelopmentExpenses": 0, "generalAndAdministrativeExpenses": 0, "sellingAndMarketingExpenses": 0, "sellingGeneralAndAdministrativeExpenses": 0, "otherExpenses": -2769600000, "operatingExpenses": -2769600000, "costAndExpenses": 2703800000, "interestIncome": 0, "interestExpense": 241600000, "depreciationAndAmortization": 344300000, "ebitda": 817000000, "ebitdaratio": 0.2785163974, "operatingIncome": 163800000, "operatingIncomeRatio": 0.05583964, "totalOtherIncomeExpensesNet": 181000000, "incomeBeforeTax": 229600000, "incomeBeforeTaxRatio": 0.0782709484, "incomeTaxExpense": 66400000, "netIncome": 164700000, "netIncomeRatio": 0.0561464512, "eps": 2.64, "epsdiluted": 2.64, "weightedAverageShsOut": 61766900, "weightedAverageShsOutDil": 62156100, "link": "https://www.sec.gov/Archives/edgar/data/860748/000119312510018253/0001193125-10-018253-index.htm", "finalLink": "https://www.sec.gov/Archives/edgar/data/860748/000119312510018253/d10k.htm", "calculatedOtherExpenses": 2769600000, "calculatedOperatingExpenses": 2769600000, "calculatedNetInterest": -241600000, "calculatedOtherIncome": 307400000, "calculatedIncomeNonControlling": -1500000, "calculatedEbitda": 508100000}, {"date": "2008-12-31", "symbol": "KMPR", "reportedCurrency": "USD", "cik": "0000860748", "fillingDate": "2009-02-04", "acceptedDate": "2009-02-04 17:16:35", "calendarYear": "2008", "period": "FY", "revenue": 2742200000, "costOfRevenue": 0, "grossProfit": 2742200000, "grossProfitRatio": 1, "researchAndDevelopmentExpenses": 0, "generalAndAdministrativeExpenses": 0, "sellingAndMarketingExpenses": 0, "sellingGeneralAndAdministrativeExpenses": 0, "otherExpenses": -2780200000, "operatingExpenses": -2780200000, "costAndExpenses": 2832200000, "interestIncome": 0, "interestExpense": 321300000, "depreciationAndAmortization": 353500000, "ebitda": 599000000, "ebitdaratio": 0.2184377507, "operatingIncome": -38000000, "operatingIncomeRatio": -0.0138574867, "totalOtherIncomeExpensesNet": 246400000, "incomeBeforeTax": -90000000, "incomeBeforeTaxRatio": -0.0328203632, "incomeTaxExpense": -46200000, "netIncome": -29600000, "netIncomeRatio": -0.0107942528, "eps": -0.47, "epsdiluted": -0.47, "weightedAverageShsOut": 62680500, "weightedAverageShsOutDil": 62680500, "link": "https://www.sec.gov/Archives/edgar/data/860748/000119312509018930/0001193125-09-018930-index.htm", "finalLink": "https://www.sec.gov/Archives/edgar/data/860748/000119312509018930/d10k.htm", "calculatedOtherExpenses": 2780200000, "calculatedOperatingExpenses": 2780200000, "calculatedNetInterest": -321300000, "calculatedOtherIncome": 269300000, "calculatedIncomeNonControlling": -14200000, "calculatedEbitda": 315500000}, {"date": "2007-12-31", "symbol": "KMPR", "reportedCurrency": "USD", "cik": "0000860748", "fillingDate": "2008-02-04", "acceptedDate": "2008-02-04 17:15:55", "calendarYear": "2007", "period": "FY", "revenue": 2919800000, "costOfRevenue": 0, "grossProfit": 2919800000, "grossProfitRatio": 1, "researchAndDevelopmentExpenses": 0, "generalAndAdministrativeExpenses": 0, "sellingAndMarketingExpenses": 0, "sellingGeneralAndAdministrativeExpenses": 0, "otherExpenses": -2730800000, "operatingExpenses": -2730800000, "costAndExpenses": 2676200000, "interestIncome": 0, "interestExpense": 66900000, "depreciationAndAmortization": 27100000, "ebitda": 367600000, "ebitdaratio": 0.1258990342, "operatingIncome": 189000000, "operatingIncomeRatio": 0.064730461, "totalOtherIncomeExpensesNet": -303200000, "incomeBeforeTax": 243600000, "incomeBeforeTaxRatio": 0.0834303719, "incomeTaxExpense": 55800000, "netIncome": 217800000, "netIncomeRatio": 0.0745941503, "eps": 3.13, "epsdiluted": 3.12, "weightedAverageShsOut": 65600000, "weightedAverageShsOutDil": 65833333, "link": "https://www.sec.gov/Archives/edgar/data/860748/000119312508019281/0001193125-08-019281-index.htm", "finalLink": "https://www.sec.gov/Archives/edgar/data/860748/000119312508019281/d10k.htm", "calculatedOtherExpenses": 2730800000, "calculatedOperatingExpenses": 2730800000, "calculatedNetInterest": -66900000, "calculatedOtherIncome": 121500000, "calculatedIncomeNonControlling": -30000000, "calculatedEbitda": 216100000}, {"date": "2006-12-31", "symbol": "KMPR", "reportedCurrency": "USD", "cik": "0000860748", "fillingDate": "2007-02-02", "acceptedDate": "2007-02-02 17:22:55", "calendarYear": "2006", "period": "FY", "revenue": 3075500000, "costOfRevenue": 400000, "grossProfit": 3075100000, "grossProfitRatio": 0.9998699398, "researchAndDevelopmentExpenses": 0, "generalAndAdministrativeExpenses": 0, "sellingAndMarketingExpenses": 0, "sellingGeneralAndAdministrativeExpenses": 0, "otherExpenses": 28900000, "operatingExpenses": 28900000, "costAndExpenses": 2684200000, "interestIncome": 0, "interestExpense": 62500000, "depreciationAndAmortization": 7200000, "ebitda": 470200000, "ebitdaratio": 0.1528857096, "operatingIncome": -12500000, "operatingIncomeRatio": -0.0040643798, "totalOtherIncomeExpensesNet": 265200000, "incomeBeforeTax": 391300000, "incomeBeforeTaxRatio": 0.1272313445, "incomeTaxExpense": 117400000, "netIncome": 283100000, "netIncomeRatio": 0.0920500732, "eps": 4.17, "epsdiluted": 4.15, "weightedAverageShsOut": 67889688, "weightedAverageShsOutDil": 68216867, "link": "https://www.sec.gov/Archives/edgar/data/860748/000119312507019391/0001193125-07-019391-index.htm", "finalLink": "https://www.sec.gov/Archives/edgar/data/860748/000119312507019391/d10k.htm", "calculatedOtherExpenses": 3087600000, "calculatedOperatingExpenses": 3087600000, "calculatedNetInterest": -62500000, "calculatedOtherIncome": 466300000, "calculatedIncomeNonControlling": -9200000, "calculatedEbitda": -5300000}, {"date": "2005-12-31", "symbol": "KMPR", "reportedCurrency": "USD", "cik": "0000860748", "fillingDate": "2006-02-01", "acceptedDate": "2006-01-31 18:23:44", "calendarYear": "2005", "period": "FY", "revenue": 3048100000, "costOfRevenue": 0, "grossProfit": 3048100000, "grossProfitRatio": 1, "researchAndDevelopmentExpenses": 0, "generalAndAdministrativeExpenses": 0, "sellingAndMarketingExpenses": 0, "sellingGeneralAndAdministrativeExpenses": 0, "otherExpenses": 28400000, "operatingExpenses": 28400000, "costAndExpenses": 2715200000, "interestIncome": 0, "interestExpense": 64000000, "depreciationAndAmortization": 11600000, "ebitda": 413800000, "ebitdaratio": 0.1357567009, "operatingIncome": 402200000, "operatingIncomeRatio": 0.1319510515, "totalOtherIncomeExpensesNet": 230800000, "incomeBeforeTax": 332900000, "incomeBeforeTaxRatio": 0.1092155769, "incomeTaxExpense": 82700000, "netIncome": 255500000, "netIncomeRatio": 0.0838227092, "eps": 3.7, "epsdiluted": 3.67, "weightedAverageShsOut": 69054054, "weightedAverageShsOutDil": 69618529, "link": "https://www.sec.gov/Archives/edgar/data/860748/000119312506016367/0001193125-06-016367-index.htm", "finalLink": "https://www.sec.gov/Archives/edgar/data/860748/000119312506016367/d10k.htm", "calculatedOtherExpenses": 2645900000, "calculatedOperatingExpenses": 2645900000, "calculatedNetInterest": -64000000, "calculatedOtherIncome": -5300000, "calculatedIncomeNonControlling": -5300000, "calculatedEbitda": 413800000}, {"date": "2004-12-31", "symbol": "KMPR", "reportedCurrency": "USD", "cik": "0000860748", "fillingDate": "2005-02-03", "acceptedDate": "2005-02-02 19:03:05", "calendarYear": "2004", "period": "FY", "revenue": 3040800000, "costOfRevenue": 0, "grossProfit": 3040800000, "grossProfitRatio": 1, "researchAndDevelopmentExpenses": 0, "generalAndAdministrativeExpenses": 0, "sellingAndMarketingExpenses": 0, "sellingGeneralAndAdministrativeExpenses": 0, "otherExpenses": -2644300000, "operatingExpenses": -2644300000, "costAndExpenses": 2705300000, "interestIncome": 0, "interestExpense": 57400000, "depreciationAndAmortization": 12600000, "ebitda": 409100000, "ebitdaratio": 0.134536964, "operatingIncome": 396500000, "operatingIncomeRatio": 0.1303933175, "totalOtherIncomeExpensesNet": 215900000, "incomeBeforeTax": 335500000, "incomeBeforeTaxRatio": 0.1103328072, "incomeTaxExpense": 98900000, "netIncome": 240200000, "netIncomeRatio": 0.0789923704, "eps": 3.51, "epsdiluted": 3.48, "weightedAverageShsOut": 68433048, "weightedAverageShsOutDil": 69022989, "link": "https://www.sec.gov/Archives/edgar/data/860748/000119312505017664/0001193125-05-017664-index.htm", "finalLink": "https://www.sec.gov/Archives/edgar/data/860748/000119312505017664/d10k.htm", "calculatedOtherExpenses": 2644300000, "calculatedOperatingExpenses": 2644300000, "calculatedNetInterest": -57400000, "calculatedOtherIncome": -3600000, "calculatedIncomeNonControlling": -3600000, "calculatedEbitda": 409100000}, {"date": "2003-12-31", "symbol": "KMPR", "reportedCurrency": "USD", "cik": "0000860748", "fillingDate": "2004-01-30", "acceptedDate": "2004-01-30 06:04:13", "calendarYear": "2003", "period": "FY", "revenue": 2943800000, "costOfRevenue": 2400000, "grossProfit": 2941400000, "grossProfitRatio": 0.9991847272, "researchAndDevelopmentExpenses": 0, "generalAndAdministrativeExpenses": 0, "sellingAndMarketingExpenses": 0, "sellingGeneralAndAdministrativeExpenses": 0, "otherExpenses": 24600000, "operatingExpenses": 24600000, "costAndExpenses": 2784900000, "interestIncome": 0, "interestExpense": 45300000, "depreciationAndAmortization": 11400000, "ebitda": 214400000, "ebitdaratio": 0.0728310347, "operatingIncome": -19300000, "operatingIncomeRatio": -0.0065561519, "totalOtherIncomeExpensesNet": 220800000, "incomeBeforeTax": 158900000, "incomeBeforeTaxRatio": 0.0539778518, "incomeTaxExpense": 34100000, "netIncome": 123600000, "netIncomeRatio": 0.041986548, "eps": 1.83, "epsdiluted": 1.82, "weightedAverageShsOut": 67540984, "weightedAverageShsOutDil": 67912088, "link": "https://www.sec.gov/Archives/edgar/data/860748/000119312504011558/0001193125-04-011558-index.htm", "finalLink": "https://www.sec.gov/Archives/edgar/data/860748/000119312504011558/d10k.htm", "calculatedOtherExpenses": 2960700000, "calculatedOperatingExpenses": 2960700000, "calculatedNetInterest": -45300000, "calculatedOtherIncome": 223500000, "calculatedIncomeNonControlling": 1200000, "calculatedEbitda": -7900000}, {"date": "2002-12-31", "symbol": "KMPR", "reportedCurrency": "USD", "cik": "0000860748", "fillingDate": "2003-01-30", "acceptedDate": "2003-01-30 08:27:06", "calendarYear": "2002", "period": "FY", "revenue": 2298200000, "costOfRevenue": 0, "grossProfit": 2298200000, "grossProfitRatio": 1, "researchAndDevelopmentExpenses": 0, "generalAndAdministrativeExpenses": 0, "sellingAndMarketingExpenses": 0, "sellingGeneralAndAdministrativeExpenses": 0, "otherExpenses": -2297800000, "operatingExpenses": -2297800000, "costAndExpenses": 2322800000, "interestIncome": 0, "interestExpense": 26900000, "depreciationAndAmortization": 8300000, "ebitda": 8700000, "ebitdaratio": 0.0037855713, "operatingIncome": 400000, "operatingIncomeRatio": 0.0001740493, "totalOtherIncomeExpensesNet": 211600000, "incomeBeforeTax": -24600000, "incomeBeforeTaxRatio": -0.0107040292, "incomeTaxExpense": -18300000, "netIncome": -8200000, "netIncomeRatio": -0.0035680097, "eps": -0.12, "epsdiluted": -0.12, "weightedAverageShsOut": 68333333, "weightedAverageShsOutDil": 68333333, "link": "https://www.sec.gov/Archives/edgar/data/860748/000102140803000802/0001021408-03-000802-index.htm", "finalLink": "https://www.sec.gov/Archives/edgar/data/860748/000102140803000802/d10k.txt", "calculatedOtherExpenses": 2297800000, "calculatedOperatingExpenses": 2297800000, "calculatedNetInterest": -26900000, "calculatedOtherIncome": 1900000, "calculatedIncomeNonControlling": 1900000, "calculatedEbitda": 8700000}, {"date": "2001-12-31", "symbol": "KMPR", "reportedCurrency": "USD", "cik": "0000860748", "fillingDate": "2002-02-01", "acceptedDate": "2002-02-01 00:00:00", "calendarYear": "2001", "period": "FY", "revenue": 2533800000, "costOfRevenue": 0, "grossProfit": 2533800000, "grossProfitRatio": 1, "researchAndDevelopmentExpenses": 0, "generalAndAdministrativeExpenses": 0, "sellingAndMarketingExpenses": 0, "sellingGeneralAndAdministrativeExpenses": 0, "otherExpenses": -1940400000, "operatingExpenses": -1940400000, "costAndExpenses": 1991300000, "interestIncome": 0, "interestExpense": 22200000, "depreciationAndAmortization": 1100000, "ebitda": 594500000, "ebitdaratio": 0.2346278317, "operatingIncome": 593400000, "operatingIncomeRatio": 0.2341937012, "totalOtherIncomeExpensesNet": 159100000, "incomeBeforeTax": 542500000, "incomeBeforeTaxRatio": 0.2141052964, "incomeTaxExpense": 190300000, "netIncome": 380900000, "netIncomeRatio": 0.1503275712, "eps": 5.64, "epsdiluted": 5.6, "weightedAverageShsOut": 67535461, "weightedAverageShsOutDil": 68017857, "link": "https://www.sec.gov/Archives/edgar/data/860748/000095013102000322/0000950131-02-000322-index.htm", "finalLink": "https://www.sec.gov/Archives/edgar/data/860748/000095013102000322/d10k405.txt", "calculatedOtherExpenses": 1940400000, "calculatedOperatingExpenses": 1940400000, "calculatedNetInterest": -22200000, "calculatedOtherIncome": -28700000, "calculatedIncomeNonControlling": -28700000, "calculatedEbitda": 594500000}, {"date": "2000-12-31", "symbol": "KMPR", "reportedCurrency": "USD", "cik": "0000860748", "fillingDate": "2001-02-01", "acceptedDate": "2001-02-01 00:00:00", "calendarYear": "2000", "period": "FY", "revenue": 1953200000, "costOfRevenue": 0, "grossProfit": 1953200000, "grossProfitRatio": 1, "researchAndDevelopmentExpenses": 0, "generalAndAdministrativeExpenses": 0, "sellingAndMarketingExpenses": 0, "sellingGeneralAndAdministrativeExpenses": 0, "otherExpenses": -1655900000, "operatingExpenses": -1655900000, "costAndExpenses": 1801000000, "interestIncome": 0, "interestExpense": 151900000, "depreciationAndAmortization": 12100000, "ebitda": 309400000, "ebitdaratio": 0.1584067172, "operatingIncome": 297300000, "operatingIncomeRatio": 0.1522117551, "totalOtherIncomeExpensesNet": 141700000, "incomeBeforeTax": 152200000, "incomeBeforeTaxRatio": 0.0779234077, "incomeTaxExpense": 54400000, "netIncome": 91000000, "netIncomeRatio": 0.0465902109, "eps": 1.32, "epsdiluted": 1.32, "weightedAverageShsOut": 68939394, "weightedAverageShsOutDil": 68939394, "link": "https://www.sec.gov/Archives/edgar/data/860748/000095013101000604/0000950131-01-000604-index.htm", "finalLink": "https://www.sec.gov/Archives/edgar/data/860748/000095013101000604/0000950131-01-000604-0001.txt", "calculatedOtherExpenses": 1655900000, "calculatedOperatingExpenses": 1655900000, "calculatedNetInterest": -151900000, "calculatedOtherIncome": 6800000, "calculatedIncomeNonControlling": 6800000, "calculatedEbitda": 309400000}, {"date": "1999-12-31", "symbol": "KMPR", "reportedCurrency": "USD", "cik": "0000860748", "fillingDate": "2000-02-03", "acceptedDate": "2000-02-03 00:00:00", "calendarYear": "1999", "period": "FY", "revenue": 1813600000, "costOfRevenue": 0, "grossProfit": 1813600000, "grossProfitRatio": 1, "researchAndDevelopmentExpenses": 0, "generalAndAdministrativeExpenses": 0, "sellingAndMarketingExpenses": 0, "sellingGeneralAndAdministrativeExpenses": 0, "otherExpenses": -1420800000, "operatingExpenses": -1420800000, "costAndExpenses": 1576600000, "interestIncome": 0, "interestExpense": 113900000, "depreciationAndAmortization": 163100000, "ebitda": 555900000, "ebitdaratio": 0.3065174239, "operatingIncome": 392800000, "operatingIncomeRatio": 0.2165857962, "totalOtherIncomeExpensesNet": 123600000, "incomeBeforeTax": 237000000, "incomeBeforeTaxRatio": 0.1306793119, "incomeTaxExpense": 77900000, "netIncome": 201000000, "netIncomeRatio": 0.1108292898, "eps": 2.76, "epsdiluted": 2.74, "weightedAverageShsOut": 72826087, "weightedAverageShsOutDil": 73357664, "link": "https://www.sec.gov/Archives/edgar/data/860748/000095013100000674/0000950131-00-000674-index.htm", "finalLink": "https://www.sec.gov/Archives/edgar/data/860748/000095013100000674/", "calculatedOtherExpenses": 1420800000, "calculatedOperatingExpenses": 1420800000, "calculatedNetInterest": -113900000, "calculatedOtherIncome": -41900000, "calculatedIncomeNonControlling": -41900000, "calculatedEbitda": 555900000}, {"date": "1998-12-31", "symbol": "KMPR", "reportedCurrency": "USD", "cik": "0000860748", "fillingDate": "1999-03-18", "acceptedDate": "1999-03-18 00:00:00", "calendarYear": "1998", "period": "FY", "revenue": 2085900000, "costOfRevenue": 0, "grossProfit": 2085900000, "grossProfitRatio": 1, "researchAndDevelopmentExpenses": 0, "generalAndAdministrativeExpenses": 0, "sellingAndMarketingExpenses": 0, "sellingGeneralAndAdministrativeExpenses": 0, "otherExpenses": -1227200000, "operatingExpenses": -1227200000, "costAndExpenses": 1398800000, "interestIncome": 0, "interestExpense": 109300000, "depreciationAndAmortization": 149300000, "ebitda": 1008000000, "ebitdaratio": 0.4832446426, "operatingIncome": 858700000, "operatingIncomeRatio": 0.411668824, "totalOtherIncomeExpensesNet": 113800000, "incomeBeforeTax": 687100000, "incomeBeforeTaxRatio": 0.3294021765, "incomeTaxExpense": 238600000, "netIncome": 510800000, "netIncomeRatio": 0.244882305, "eps": 6.55, "epsdiluted": 6.51, "weightedAverageShsOut": 77984733, "weightedAverageShsOutDil": 78463902, "link": "https://www.sec.gov/Archives/edgar/data/860748/000095013199001548/0000950131-99-001548-index.htm", "finalLink": "https://www.sec.gov/Archives/edgar/data/860748/000095013199001548/", "calculatedOtherExpenses": 1227200000, "calculatedOperatingExpenses": 1227200000, "calculatedNetInterest": -109300000, "calculatedOtherIncome": -62300000, "calculatedIncomeNonControlling": -62300000, "calculatedEbitda": 1008000000}, {"date": "1997-12-31", "symbol": "KMPR", "reportedCurrency": "USD", "cik": "0000860748", "fillingDate": "1998-03-06", "acceptedDate": "1998-03-06 00:00:00", "calendarYear": "1997", "period": "FY", "revenue": 1530100000, "costOfRevenue": 0, "grossProfit": 1530100000, "grossProfitRatio": 1, "researchAndDevelopmentExpenses": 0, "generalAndAdministrativeExpenses": 0, "sellingAndMarketingExpenses": 0, "sellingGeneralAndAdministrativeExpenses": 0, "otherExpenses": -1352000000, "operatingExpenses": -1352000000, "costAndExpenses": 1390300000, "interestIncome": 0, "interestExpense": 13100000, "depreciationAndAmortization": 167400000, "ebitda": 345500000, "ebitdaratio": 0.2258022351, "operatingIncome": 178100000, "operatingIncomeRatio": 0.1163976211, "totalOtherIncomeExpensesNet": 125000000, "incomeBeforeTax": 139800000, "incomeBeforeTaxRatio": 0.0913665773, "incomeTaxExpense": 47100000, "netIncome": 117900000, "netIncomeRatio": 0.0770537873, "eps": 1.58, "epsdiluted": 1.56, "weightedAverageShsOut": 74620253, "weightedAverageShsOutDil": 75576923, "link": "https://www.sec.gov/Archives/edgar/data/860748/000095013198001553/0000950131-98-001553-index.htm", "finalLink": "https://www.sec.gov/Archives/edgar/data/860748/0000950131-98-001553.txt", "calculatedOtherExpenses": 1352000000, "calculatedOperatingExpenses": 1352000000, "calculatedNetInterest": -13100000, "calculatedOtherIncome": -25200000, "calculatedIncomeNonControlling": -25200000, "calculatedEbitda": 345500000}, {"date": "1996-12-31", "symbol": "KMPR", "reportedCurrency": "USD", "cik": "0000860748", "fillingDate": "1997-02-27", "acceptedDate": "1997-02-27 00:00:00", "calendarYear": "1996", "period": "FY", "revenue": 1523100000, "costOfRevenue": 0, "grossProfit": 1523100000, "grossProfitRatio": 1, "researchAndDevelopmentExpenses": 0, "generalAndAdministrativeExpenses": 0, "sellingAndMarketingExpenses": 0, "sellingGeneralAndAdministrativeExpenses": 0, "otherExpenses": -1235300000, "operatingExpenses": -1235300000, "costAndExpenses": 1401000000, "interestIncome": 0, "interestExpense": 115100000, "depreciationAndAmortization": 170100000, "ebitda": 457900000, "ebitdaratio": 0.300636859, "operatingIncome": 287800000, "operatingIncomeRatio": 0.188956733, "totalOtherIncomeExpensesNet": 120400000, "incomeBeforeTax": 122100000, "incomeBeforeTaxRatio": 0.080165452, "incomeTaxExpense": 40200000, "netIncome": 132500000, "netIncomeRatio": 0.0869936314, "eps": 1.76, "epsdiluted": 1.74, "weightedAverageShsOut": 75284091, "weightedAverageShsOutDil": 76149425, "link": "https://www.sec.gov/Archives/edgar/data/860748/000095013197001385/0000950131-97-001385-index.htm", "finalLink": "https://www.sec.gov/Archives/edgar/data/860748/0000950131-97-001385.txt", "calculatedOtherExpenses": 1235300000, "calculatedOperatingExpenses": 1235300000, "calculatedNetInterest": -115100000, "calculatedOtherIncome": -50600000, "calculatedIncomeNonControlling": -50600000, "calculatedEbitda": 457900000}, {"date": "1995-12-31", "symbol": "KMPR", "reportedCurrency": "USD", "cik": "0000860748", "fillingDate": "1995-12-31", "acceptedDate": "1995-12-30 19:00:00", "calendarYear": "1995", "period": "FY", "revenue": 1492500000, "costOfRevenue": 0, "grossProfit": 1492500000, "grossProfitRatio": 1, "researchAndDevelopmentExpenses": 0, "generalAndAdministrativeExpenses": 0, "sellingAndMarketingExpenses": 0, "sellingGeneralAndAdministrativeExpenses": 0, "otherExpenses": -1175900000, "operatingExpenses": -1175900000, "costAndExpenses": 110700000, "interestIncome": 0, "interestExpense": 110700000, "depreciationAndAmortization": 0, "ebitda": 316600000, "ebitdaratio": 0.2121273032, "operatingIncome": 316600000, "operatingIncomeRatio": 0.2121273032, "totalOtherIncomeExpensesNet": 393400000, "incomeBeforeTax": 710000000, "incomeBeforeTaxRatio": 0.4757118928, "incomeTaxExpense": 55300000, "netIncome": 150600000, "netIncomeRatio": 0.1009045226, "eps": 1.87, "epsdiluted": 1.85, "weightedAverageShsOut": 80534759, "weightedAverageShsOutDil": 81405405, "link": "", "finalLink": "", "calculatedOtherExpenses": 1175900000, "calculatedOperatingExpenses": 1175900000, "calculatedNetInterest": -110700000, "calculatedOtherIncome": 504100000, "calculatedIncomeNonControlling": 504100000, "calculatedEbitda": 316600000}, {"date": "1994-12-31", "symbol": "KMPR", "reportedCurrency": "USD", "cik": "0000860748", "fillingDate": "1994-12-31", "acceptedDate": "1994-12-30 19:00:00", "calendarYear": "1994", "period": "FY", "revenue": 1399300000, "costOfRevenue": 0, "grossProfit": 1399300000, "grossProfitRatio": 1, "researchAndDevelopmentExpenses": 0, "generalAndAdministrativeExpenses": 0, "sellingAndMarketingExpenses": 0, "sellingGeneralAndAdministrativeExpenses": 0, "otherExpenses": -1123800000, "operatingExpenses": -1123800000, "costAndExpenses": 64200000, "interestIncome": 0, "interestExpense": 64200000, "depreciationAndAmortization": 0, "ebitda": 275500000, "ebitdaratio": 0.1968841564, "operatingIncome": 275500000, "operatingIncomeRatio": 0.1968841564, "totalOtherIncomeExpensesNet": 350500000, "incomeBeforeTax": 626000000, "incomeBeforeTaxRatio": 0.4473665404, "incomeTaxExpense": 62900000, "netIncome": 148400000, "netIncomeRatio": 0.1060530265, "eps": 1.48, "epsdiluted": 1.47, "weightedAverageShsOut": 100270270, "weightedAverageShsOutDil": 100952381, "link": "", "finalLink": "", "calculatedOtherExpenses": 1123800000, "calculatedOperatingExpenses": 1123800000, "calculatedNetInterest": -64200000, "calculatedOtherIncome": 414700000, "calculatedIncomeNonControlling": 414700000, "calculatedEbitda": 275500000}, {"date": "1993-12-31", "symbol": "KMPR", "reportedCurrency": "USD", "cik": "0000860748", "fillingDate": "1993-12-31", "acceptedDate": "1993-12-30 19:00:00", "calendarYear": "1993", "period": "FY", "revenue": 1347100000, "costOfRevenue": 0, "grossProfit": 1347100000, "grossProfitRatio": 1, "researchAndDevelopmentExpenses": 0, "generalAndAdministrativeExpenses": 0, "sellingAndMarketingExpenses": 0, "sellingGeneralAndAdministrativeExpenses": 0, "otherExpenses": -1131200000, "operatingExpenses": -1131200000, "costAndExpenses": 59100000, "interestIncome": 0, "interestExpense": 59100000, "depreciationAndAmortization": 0, "ebitda": 215900000, "ebitdaratio": 0.1602702101, "operatingIncome": 215900000, "operatingIncomeRatio": 0.1602702101, "totalOtherIncomeExpensesNet": 290900000, "incomeBeforeTax": 506800000, "incomeBeforeTaxRatio": 0.3762155742, "incomeTaxExpense": 61800000, "netIncome": 95000000, "netIncomeRatio": 0.0705218618, "eps": 0.92, "epsdiluted": 0.92, "weightedAverageShsOut": 103260870, "weightedAverageShsOutDil": 103260870, "link": "", "finalLink": "", "calculatedOtherExpenses": 1131200000, "calculatedOperatingExpenses": 1131200000, "calculatedNetInterest": -59100000, "calculatedOtherIncome": 350000000, "calculatedIncomeNonControlling": 350000000, "calculatedEbitda": 215900000}, {"date": "1992-12-31", "symbol": "KMPR", "reportedCurrency": "USD", "cik": "0000860748", "fillingDate": "1992-12-31", "acceptedDate": "1992-12-30 19:00:00", "calendarYear": "1992", "period": "FY", "revenue": 1405000000, "costOfRevenue": 0, "grossProfit": 1405000000, "grossProfitRatio": 1, "researchAndDevelopmentExpenses": 0, "generalAndAdministrativeExpenses": 0, "sellingAndMarketingExpenses": 0, "sellingGeneralAndAdministrativeExpenses": 0, "otherExpenses": -1159100000, "operatingExpenses": -1159100000, "costAndExpenses": 59900000, "interestIncome": 0, "interestExpense": 59900000, "depreciationAndAmortization": 0, "ebitda": 245900000, "ebitdaratio": 0.1750177936, "operatingIncome": 245900000, "operatingIncomeRatio": 0.1750177936, "totalOtherIncomeExpensesNet": 379400000, "incomeBeforeTax": 625300000, "incomeBeforeTaxRatio": 0.4450533808, "incomeTaxExpense": 62600000, "netIncome": 123400000, "netIncomeRatio": 0.0878291815, "eps": 1.19, "epsdiluted": 1.19, "weightedAverageShsOut": 103697479, "weightedAverageShsOutDil": 103697479, "link": "", "finalLink": "", "calculatedOtherExpenses": 1159100000, "calculatedOperatingExpenses": 1159100000, "calculatedNetInterest": -59900000, "calculatedOtherIncome": 439300000, "calculatedIncomeNonControlling": 439300000, "calculatedEbitda": 245900000}, {"date": "1991-12-31", "symbol": "KMPR", "reportedCurrency": "USD", "cik": "0000860748", "fillingDate": "1991-12-31", "acceptedDate": "1991-12-30 19:00:00", "calendarYear": "1991", "period": "FY", "revenue": 1275700000, "costOfRevenue": 0, "grossProfit": 1275700000, "grossProfitRatio": 1, "researchAndDevelopmentExpenses": 0, "generalAndAdministrativeExpenses": 0, "sellingAndMarketingExpenses": 0, "sellingGeneralAndAdministrativeExpenses": 0, "otherExpenses": -1019300000, "operatingExpenses": -1019300000, "costAndExpenses": 510800000, "interestIncome": 0, "interestExpense": 63000000, "depreciationAndAmortization": 0, "ebitda": 256400000, "ebitdaratio": 0.200987693, "operatingIncome": 256400000, "operatingIncomeRatio": 0.200987693, "totalOtherIncomeExpensesNet": 344500000, "incomeBeforeTax": 600900000, "incomeBeforeTaxRatio": 0.4710355099, "incomeTaxExpense": 56200000, "netIncome": 137200000, "netIncomeRatio": 0.1075487967, "eps": 1.29, "epsdiluted": 1.29, "weightedAverageShsOut": 106356589, "weightedAverageShsOutDil": 106356589, "link": "", "finalLink": "", "calculatedOtherExpenses": 1019300000, "calculatedOperatingExpenses": 1019300000, "calculatedNetInterest": -63000000, "calculatedOtherIncome": 407500000, "calculatedIncomeNonControlling": 407500000, "calculatedEbitda": 256400000}, {"date": "1990-12-31", "symbol": "KMPR", "reportedCurrency": "USD", "cik": "0000860748", "fillingDate": "1990-12-31", "acceptedDate": "1990-12-30 19:00:00", "calendarYear": "1990", "period": "FY", "revenue": 1269500000, "costOfRevenue": 0, "grossProfit": 1269500000, "grossProfitRatio": 1, "researchAndDevelopmentExpenses": 0, "generalAndAdministrativeExpenses": 0, "sellingAndMarketingExpenses": 0, "sellingGeneralAndAdministrativeExpenses": 0, "otherExpenses": -1027200000, "operatingExpenses": -1027200000, "costAndExpenses": 493900000, "interestIncome": 0, "interestExpense": 61500000, "depreciationAndAmortization": 8900000, "ebitda": 251200000, "ebitdaratio": 0.1978731784, "operatingIncome": 242300000, "operatingIncomeRatio": 0.1908625443, "totalOtherIncomeExpensesNet": 335100000, "incomeBeforeTax": 577400000, "incomeBeforeTaxRatio": 0.4548247341, "incomeTaxExpense": 48600000, "netIncome": 132200000, "netIncomeRatio": 0.1041354864, "eps": 1.2, "epsdiluted": 1.2, "weightedAverageShsOut": 110166667, "weightedAverageShsOutDil": 110166667, "link": "", "finalLink": "", "calculatedOtherExpenses": 1027200000, "calculatedOperatingExpenses": 1027200000, "calculatedNetInterest": -61500000, "calculatedOtherIncome": 396600000, "calculatedIncomeNonControlling": 396600000, "calculatedEbitda": 251200000}, {"date": "1989-12-31", "symbol": "KMPR", "reportedCurrency": "USD", "cik": "0000860748", "fillingDate": "1989-12-31", "acceptedDate": "1989-12-30 19:00:00", "calendarYear": "1989", "period": "FY", "revenue": 1149200000, "costOfRevenue": 0, "grossProfit": 1149200000, "grossProfitRatio": 1, "researchAndDevelopmentExpenses": 0, "generalAndAdministrativeExpenses": 0, "sellingAndMarketingExpenses": 0, "sellingGeneralAndAdministrativeExpenses": 0, "otherExpenses": -1018900000, "operatingExpenses": -1018900000, "costAndExpenses": -1018900000, "interestIncome": 0, "interestExpense": 0, "depreciationAndAmortization": 0, "ebitda": 130300000, "ebitdaratio": 0.1133832231, "operatingIncome": 130300000, "operatingIncomeRatio": 0.1133832231, "totalOtherIncomeExpensesNet": 0, "incomeBeforeTax": 0, "incomeBeforeTaxRatio": 0, "incomeTaxExpense": 24000000, "netIncome": 106300000, "netIncomeRatio": 0.0924991298, "eps": 0.96, "epsdiluted": 0.96, "weightedAverageShsOut": 110729167, "weightedAverageShsOutDil": 110729167, "link": "", "finalLink": "", "calculatedOtherExpenses": 1018900000, "calculatedOperatingExpenses": 1018900000, "calculatedNetInterest": 0, "calculatedOtherIncome": -130300000, "calculatedIncomeNonControlling": -130300000, "calculatedEbitda": 130300000}, {"date": "1988-12-31", "symbol": "KMPR", "reportedCurrency": "USD", "cik": "0000860748", "fillingDate": "1988-12-31", "acceptedDate": "1988-12-30 19:00:00", "calendarYear": "1988", "period": "FY", "revenue": 1220400000, "costOfRevenue": 0, "grossProfit": 1220400000, "grossProfitRatio": 1, "researchAndDevelopmentExpenses": 0, "generalAndAdministrativeExpenses": 0, "sellingAndMarketingExpenses": 0, "sellingGeneralAndAdministrativeExpenses": 0, "otherExpenses": -945600000, "operatingExpenses": -945600000, "costAndExpenses": -945600000, "interestIncome": 0, "interestExpense": 0, "depreciationAndAmortization": 0, "ebitda": 274800000, "ebitdaratio": 0.2251720747, "operatingIncome": 274800000, "operatingIncomeRatio": 0.2251720747, "totalOtherIncomeExpensesNet": 0, "incomeBeforeTax": 0, "incomeBeforeTaxRatio": 0, "incomeTaxExpense": 73500000, "netIncome": 201300000, "netIncomeRatio": 0.1649459194, "eps": 1.82, "epsdiluted": 1.82, "weightedAverageShsOut": 110604396, "weightedAverageShsOutDil": 110604396, "link": "", "finalLink": "", "calculatedOtherExpenses": 945600000, "calculatedOperatingExpenses": 945600000, "calculatedNetInterest": 0, "calculatedOtherIncome": -274800000, "calculatedIncomeNonControlling": -274800000, "calculatedEbitda": 274800000}]}