{"originalCurrency": "USD", "convertedCurrency": "USD", "report": [{"date": "2023-06-30", "symbol": "KMT", "reportedCurrency": "USD", "cik": "0000055242", "fillingDate": "2023-08-09", "acceptedDate": "2023-08-09 16:59:28", "calendarYear": "2023", "period": "FY", "revenue": 2078184000, "costOfRevenue": 1431745000, "grossProfit": 646439000, "grossProfitRatio": 0.3110595597, "researchAndDevelopmentExpenses": 43100000, "generalAndAdministrativeExpenses": 0, "sellingAndMarketingExpenses": 0, "sellingGeneralAndAdministrativeExpenses": 394192000, "otherExpenses": -4300000, "operatingExpenses": 449916000, "costAndExpenses": 1881661000, "interestIncome": 28496000, "interestExpense": 28496000, "depreciationAndAmortization": 12624000, "ebitda": 204847000, "ebitdaratio": 0.098570194, "operatingIncome": 192417000, "operatingIncomeRatio": 0.0925890104, "totalOtherIncomeExpensesNet": -8406000, "incomeBeforeTax": 159621000, "incomeBeforeTaxRatio": 0.0768079246, "incomeTaxExpense": 36255000, "netIncome": 118459000, "netIncomeRatio": 0.0570012087, "eps": 1.47, "epsdiluted": 1.46, "weightedAverageShsOut": 80803000, "weightedAverageShsOutDil": 81402000, "link": "https://www.sec.gov/Archives/edgar/data/55242/000005524223000040/0000055242-23-000040-index.htm", "finalLink": "https://www.sec.gov/Archives/edgar/data/55242/000005524223000040/kmt-20230630.htm", "calculatedOtherExpenses": 16730000, "calculatedOperatingExpenses": 454022000, "calculatedNetInterest": 0, "calculatedOtherIncome": -32796000, "calculatedIncomeNonControlling": 4907000, "calculatedEbitda": 205041000}, {"date": "2022-06-30", "symbol": "KMT", "reportedCurrency": "USD", "cik": "0000055242", "fillingDate": "2022-08-10", "acceptedDate": "2022-08-10 13:38:47", "calendarYear": "2022", "period": "FY", "revenue": 2012456000, "costOfRevenue": 1364479000, "grossProfit": 647977000, "grossProfitRatio": 0.3219831887, "researchAndDevelopmentExpenses": 42100000, "generalAndAdministrativeExpenses": 0, "sellingAndMarketingExpenses": 0, "sellingGeneralAndAdministrativeExpenses": 376993000, "otherExpenses": 432081000, "operatingExpenses": 432081000, "costAndExpenses": 1796560000, "interestIncome": 25914000, "interestExpense": 25914000, "depreciationAndAmortization": 25251000, "ebitda": 243391000, "ebitdaratio": 0.1209422715, "operatingIncome": 218140000, "operatingIncomeRatio": 0.1083949165, "totalOtherIncomeExpensesNet": -11407000, "incomeBeforeTax": 206733000, "incomeBeforeTaxRatio": 0.102726718, "incomeTaxExpense": 56532000, "netIncome": 144623000, "netIncomeRatio": 0.0718639314, "eps": 1.74, "epsdiluted": 1.72, "weightedAverageShsOut": 83252000, "weightedAverageShsOutDil": 83944000, "link": "https://www.sec.gov/Archives/edgar/data/55242/000005524222000039/0000055242-22-000039-index.htm", "finalLink": "https://www.sec.gov/Archives/edgar/data/55242/000005524222000039/kmt-20220630.htm", "calculatedOtherExpenses": 10744000, "calculatedOperatingExpenses": 429837000, "calculatedNetInterest": 0, "calculatedOtherIncome": -11407000, "calculatedIncomeNonControlling": 5578000, "calculatedEbitda": 243391000}, {"date": "2021-06-30", "symbol": "KMT", "reportedCurrency": "USD", "cik": "0000055242", "fillingDate": "2021-08-10", "acceptedDate": "2021-08-10 16:27:32", "calendarYear": "2021", "period": "FY", "revenue": 1841441000, "costOfRevenue": 1288963000, "grossProfit": 552478000, "grossProfitRatio": 0.3000248175, "researchAndDevelopmentExpenses": 39500000, "generalAndAdministrativeExpenses": 0, "sellingAndMarketingExpenses": 0, "sellingGeneralAndAdministrativeExpenses": 367746000, "otherExpenses": 421249000, "operatingExpenses": 421249000, "costAndExpenses": 1710212000, "interestIncome": 46375000, "interestExpense": 46375000, "depreciationAndAmortization": 14003000, "ebitda": 154099000, "ebitdaratio": 0.0836839193, "operatingIncome": 140096000, "operatingIncomeRatio": 0.0760795486, "totalOtherIncomeExpensesNet": -75436000, "incomeBeforeTax": 64660000, "incomeBeforeTaxRatio": 0.0351138049, "incomeTaxExpense": 6243000, "netIncome": 54434000, "netIncomeRatio": 0.0295605452, "eps": 0.65, "epsdiluted": 0.65, "weightedAverageShsOut": 83602000, "weightedAverageShsOutDil": 84333000, "link": "https://www.sec.gov/Archives/edgar/data/55242/000005524221000042/0000055242-21-000042-index.htm", "finalLink": "https://www.sec.gov/Archives/edgar/data/55242/000005524221000042/kmt-20210630.htm", "calculatedOtherExpenses": 5136000, "calculatedOperatingExpenses": 412382000, "calculatedNetInterest": 0, "calculatedOtherIncome": -75436000, "calculatedIncomeNonControlling": 3983000, "calculatedEbitda": 154099000}, {"date": "2020-06-30", "symbol": "KMT", "reportedCurrency": "USD", "cik": "0000055242", "fillingDate": "2020-08-20", "acceptedDate": "2020-08-20 16:56:57", "calendarYear": "2020", "period": "FY", "revenue": 1885305000, "costOfRevenue": 1355834000, "grossProfit": 529471000, "grossProfitRatio": 0.280841031, "researchAndDevelopmentExpenses": 38700000, "generalAndAdministrativeExpenses": 0, "sellingAndMarketingExpenses": 0, "sellingGeneralAndAdministrativeExpenses": 349736000, "otherExpenses": 402247000, "operatingExpenses": 402247000, "costAndExpenses": 1758081000, "interestIncome": 35154000, "interestExpense": 35154000, "depreciationAndAmortization": 13811000, "ebitda": 155897000, "ebitdaratio": 0.0826905991, "operatingIncome": 142086000, "operatingIncomeRatio": 0.075364994, "totalOtherIncomeExpensesNet": -140126000, "incomeBeforeTax": 1960000, "incomeBeforeTaxRatio": 0.0010396196, "incomeTaxExpense": 7007000, "netIncome": -5047000, "netIncomeRatio": -0.0026770204, "eps": -0.0608, "epsdiluted": -0.0608, "weightedAverageShsOut": 83047000, "weightedAverageShsOutDil": 83047000, "link": "https://www.sec.gov/Archives/edgar/data/55242/000005524220000026/0000055242-20-000026-index.htm", "finalLink": "https://www.sec.gov/Archives/edgar/data/55242/000005524220000026/kmt630202010k.htm", "calculatedOtherExpenses": -1051000, "calculatedOperatingExpenses": 387385000, "calculatedNetInterest": 0, "calculatedOtherIncome": -140126000, "calculatedIncomeNonControlling": 0, "calculatedEbitda": 155897000}, {"date": "2019-06-30", "symbol": "KMT", "reportedCurrency": "USD", "cik": "0000055242", "fillingDate": "2019-08-13", "acceptedDate": "2019-08-13 14:58:41", "calendarYear": "2019", "period": "FY", "revenue": 2375234000, "costOfRevenue": 1543738000, "grossProfit": 831496000, "grossProfitRatio": 0.3500690879, "researchAndDevelopmentExpenses": 39000000, "generalAndAdministrativeExpenses": 0, "sellingAndMarketingExpenses": 0, "sellingGeneralAndAdministrativeExpenses": 434851000, "otherExpenses": 488562000, "operatingExpenses": 488562000, "costAndExpenses": 2032300000, "interestIncome": 32994000, "interestExpense": 32994000, "depreciationAndAmortization": 43874000, "ebitda": 372724000, "ebitdaratio": 0.1569209602, "operatingIncome": 328850000, "operatingIncomeRatio": 0.138449517, "totalOtherIncomeExpensesNet": -17615000, "incomeBeforeTax": 311235000, "incomeBeforeTaxRatio": 0.1310334056, "incomeTaxExpense": 63359000, "netIncome": 241925000, "netIncomeRatio": 0.1018531227, "eps": 2.94, "epsdiluted": 2.9, "weightedAverageShsOut": 82379000, "weightedAverageShsOutDil": 83291000, "link": "https://www.sec.gov/Archives/edgar/data/55242/000005524219000019/0000055242-19-000019-index.htm", "finalLink": "https://www.sec.gov/Archives/edgar/data/55242/000005524219000019/kmt630201910k.htm", "calculatedOtherExpenses": 28795000, "calculatedOperatingExpenses": 502646000, "calculatedNetInterest": 0, "calculatedOtherIncome": -17615000, "calculatedIncomeNonControlling": 5951000, "calculatedEbitda": 372724000}, {"date": "2018-06-30", "symbol": "KMT", "reportedCurrency": "USD", "cik": "0000055242", "fillingDate": "2018-08-10", "acceptedDate": "2018-08-10 14:14:26", "calendarYear": "2018", "period": "FY", "revenue": 2367853000, "costOfRevenue": 1535561000, "grossProfit": 832292000, "grossProfitRatio": 0.3514964823, "researchAndDevelopmentExpenses": 38900000, "generalAndAdministrativeExpenses": 0, "sellingAndMarketingExpenses": 0, "sellingGeneralAndAdministrativeExpenses": 463849000, "otherExpenses": -2443000, "operatingExpenses": 512820000, "costAndExpenses": 2048381000, "interestIncome": 0, "interestExpense": 30081000, "depreciationAndAmortization": 14668000, "ebitda": 331697000, "ebitdaratio": 0.1400834427, "operatingIncome": 307565000, "operatingIncomeRatio": 0.1298919316, "totalOtherIncomeExpensesNet": -14350000, "incomeBeforeTax": 275041000, "incomeBeforeTaxRatio": 0.1161562817, "incomeTaxExpense": 69981000, "netIncome": 200180000, "netIncomeRatio": 0.0845407211, "eps": 2.45, "epsdiluted": 2.42, "weightedAverageShsOut": 81544000, "weightedAverageShsOutDil": 82754000, "link": "https://www.sec.gov/Archives/edgar/data/55242/000005524218000025/0000055242-18-000025-index.htm", "finalLink": "https://www.sec.gov/Archives/edgar/data/55242/000005524218000025/kmt630201810k.htm", "calculatedOtherExpenses": 21978000, "calculatedOperatingExpenses": 524727000, "calculatedNetInterest": -30081000, "calculatedOtherIncome": -2443000, "calculatedIncomeNonControlling": 4880000, "calculatedEbitda": 322233000}, {"date": "2017-06-30", "symbol": "KMT", "reportedCurrency": "USD", "cik": "0000055242", "fillingDate": "2017-08-14", "acceptedDate": "2017-08-14 14:31:07", "calendarYear": "2017", "period": "FY", "revenue": 2058368000, "costOfRevenue": 1400661000, "grossProfit": 657707000, "grossProfitRatio": 0.3195283837, "researchAndDevelopmentExpenses": 38000000, "generalAndAdministrativeExpenses": 0, "sellingAndMarketingExpenses": 0, "sellingGeneralAndAdministrativeExpenses": 421667000, "otherExpenses": -2227000, "operatingExpenses": 479745000, "costAndExpenses": 1880406000, "interestIncome": 0, "interestExpense": 28842000, "depreciationAndAmortization": 16578000, "ebitda": 192313000, "ebitdaratio": 0.0934298434, "operatingIncome": 112944000, "operatingIncomeRatio": 0.0548706548, "totalOtherIncomeExpensesNet": -67245000, "incomeBeforeTax": 81875000, "incomeBeforeTaxRatio": 0.039776658, "incomeTaxExpense": 29895000, "netIncome": 49138000, "netIncomeRatio": 0.0238723105, "eps": 0.61, "epsdiluted": 0.61, "weightedAverageShsOut": 80351000, "weightedAverageShsOutDil": 81169000, "link": "https://www.sec.gov/Archives/edgar/data/55242/000005524217000024/0000055242-17-000024-index.htm", "finalLink": "https://www.sec.gov/Archives/edgar/data/55242/000005524217000024/kmt630201710k.htm", "calculatedOtherExpenses": 85096000, "calculatedOperatingExpenses": 544763000, "calculatedNetInterest": -28842000, "calculatedOtherIncome": -2227000, "calculatedIncomeNonControlling": 2842000, "calculatedEbitda": 129522000}, {"date": "2016-06-30", "symbol": "KMT", "reportedCurrency": "USD", "cik": "0000055242", "fillingDate": "2016-08-11", "acceptedDate": "2016-08-11 12:53:34", "calendarYear": "2016", "period": "FY", "revenue": 2098436000, "costOfRevenue": 1482369000, "grossProfit": 616067000, "grossProfitRatio": 0.2935838882, "researchAndDevelopmentExpenses": 39400000, "generalAndAdministrativeExpenses": 0, "sellingAndMarketingExpenses": 0, "sellingGeneralAndAdministrativeExpenses": 439375000, "otherExpenses": 4124000, "operatingExpenses": 515737000, "costAndExpenses": 1998106000, "interestIncome": 0, "interestExpense": 27752000, "depreciationAndAmortization": 20762000, "ebitda": 125216000, "ebitdaratio": 0.0596711074, "operatingIncome": -174943000, "operatingIncomeRatio": -0.08336828, "totalOtherIncomeExpensesNet": -271149000, "incomeBeforeTax": -198571000, "incomeBeforeTaxRatio": -0.0946280944, "incomeTaxExpense": 25313000, "netIncome": -225968000, "netIncomeRatio": -0.1076840085, "eps": -2.83, "epsdiluted": -2.83, "weightedAverageShsOut": 79835000, "weightedAverageShsOutDil": 79835000, "link": "https://www.sec.gov/Archives/edgar/data/55242/000005524216000060/0000055242-16-000060-index.htm", "finalLink": "https://www.sec.gov/Archives/edgar/data/55242/000005524216000060/kmt630201610k.htm", "calculatedOtherExpenses": 312235000, "calculatedOperatingExpenses": 791010000, "calculatedNetInterest": -27752000, "calculatedOtherIncome": 4124000, "calculatedIncomeNonControlling": 2084000, "calculatedEbitda": -154181000}, {"date": "2015-06-30", "symbol": "KMT", "reportedCurrency": "USD", "cik": "0000055242", "fillingDate": "2015-08-13", "acceptedDate": "2015-08-13 15:57:20", "calendarYear": "2015", "period": "FY", "revenue": 2647195000, "costOfRevenue": 1841202000, "grossProfit": 805993000, "grossProfitRatio": 0.3044705811, "researchAndDevelopmentExpenses": 45100000, "generalAndAdministrativeExpenses": 0, "sellingAndMarketingExpenses": 0, "sellingGeneralAndAdministrativeExpenses": 547095000, "otherExpenses": 1674000, "operatingExpenses": 581581000, "costAndExpenses": 2422783000, "interestIncome": 0, "interestExpense": 31466000, "depreciationAndAmortization": 26686000, "ebitda": 252772000, "ebitdaratio": 0.0954867322, "operatingIncome": -357823000, "operatingIncomeRatio": -0.135170624, "totalOtherIncomeExpensesNet": -580561000, "incomeBeforeTax": -387615000, "incomeBeforeTaxRatio": -0.1464248006, "incomeTaxExpense": -16654000, "netIncome": -373896000, "netIncomeRatio": -0.1412423339, "eps": -4.71, "epsdiluted": -4.71, "weightedAverageShsOut": 79342000, "weightedAverageShsOutDil": 79342000, "link": "https://www.sec.gov/Archives/edgar/data/55242/000005524215000024/0000055242-15-000024-index.htm", "finalLink": "https://www.sec.gov/Archives/edgar/data/55242/000005524215000024/kmt630201510k.htm", "calculatedOtherExpenses": 571621000, "calculatedOperatingExpenses": 1163816000, "calculatedNetInterest": -31466000, "calculatedOtherIncome": 1674000, "calculatedIncomeNonControlling": 2935000, "calculatedEbitda": -331137000}, {"date": "2014-06-30", "symbol": "KMT", "reportedCurrency": "USD", "cik": "0000055242", "fillingDate": "2014-08-13", "acceptedDate": "2014-08-13 15:11:17", "calendarYear": "2014", "period": "FY", "revenue": 2837190000, "costOfRevenue": 1940187000, "grossProfit": 897003000, "grossProfitRatio": 0.316158946, "researchAndDevelopmentExpenses": 44000000, "generalAndAdministrativeExpenses": 0, "sellingAndMarketingExpenses": 0, "sellingGeneralAndAdministrativeExpenses": 589668000, "otherExpenses": -2172000, "operatingExpenses": 615963000, "costAndExpenses": 2556150000, "interestIncome": 0, "interestExpense": 32451000, "depreciationAndAmortization": 26195000, "ebitda": 305063000, "ebitdaratio": 0.1075229364, "operatingIncome": 263432000, "operatingIncomeRatio": 0.0928496153, "totalOtherIncomeExpensesNet": -19780000, "incomeBeforeTax": 228809000, "incomeBeforeTaxRatio": 0.0806463437, "incomeTaxExpense": 66611000, "netIncome": 158366000, "netIncomeRatio": 0.0558179043, "eps": 2.01, "epsdiluted": 1.99, "weightedAverageShsOut": 78678000, "weightedAverageShsOutDil": 79667000, "link": "https://www.sec.gov/Archives/edgar/data/55242/000005524214000020/0000055242-14-000020-index.htm", "finalLink": "https://www.sec.gov/Archives/edgar/data/55242/000005524214000020/kmt630201410k.htm", "calculatedOtherExpenses": -97000, "calculatedOperatingExpenses": 633571000, "calculatedNetInterest": -32451000, "calculatedOtherIncome": -2172000, "calculatedIncomeNonControlling": 3832000, "calculatedEbitda": 289627000}, {"date": "2013-06-30", "symbol": "KMT", "reportedCurrency": "USD", "cik": "0000055242", "fillingDate": "2013-08-13", "acceptedDate": "2013-08-13 15:04:19", "calendarYear": "2013", "period": "FY", "revenue": 2589373000, "costOfRevenue": 1744369000, "grossProfit": 845004000, "grossProfitRatio": 0.3263353715, "researchAndDevelopmentExpenses": 39700000, "generalAndAdministrativeExpenses": 0, "sellingAndMarketingExpenses": 0, "sellingGeneralAndAdministrativeExpenses": 527850000, "otherExpenses": -2313000, "operatingExpenses": 548610000, "costAndExpenses": 2292979000, "interestIncome": 0, "interestExpense": 27472000, "depreciationAndAmortization": 20760000, "ebitda": 314841000, "ebitdaratio": 0.1215896667, "operatingIncome": 296394000, "operatingIncomeRatio": 0.1144655482, "totalOtherIncomeExpensesNet": -2313000, "incomeBeforeTax": 266609000, "incomeBeforeTaxRatio": 0.1029627636, "incomeTaxExpense": 59693000, "netIncome": 203265000, "netIncomeRatio": 0.0784996986, "eps": 2.56, "epsdiluted": 2.52, "weightedAverageShsOut": 79463000, "weightedAverageShsOutDil": 80612000, "link": "https://www.sec.gov/Archives/edgar/data/55242/000005524213000017/0000055242-13-000017-index.htm", "finalLink": "https://www.sec.gov/Archives/edgar/data/55242/000005524213000017/kmt630201310k.htm", "calculatedOtherExpenses": -18940000, "calculatedOperatingExpenses": 548610000, "calculatedNetInterest": -27472000, "calculatedOtherIncome": -2313000, "calculatedIncomeNonControlling": 3651000, "calculatedEbitda": 317154000}, {"date": "2012-06-30", "symbol": "KMT", "reportedCurrency": "USD", "cik": "0000055242", "fillingDate": "2012-08-13", "acceptedDate": "2012-08-13 13:40:16", "calendarYear": "2012", "period": "FY", "revenue": 2736246000, "costOfRevenue": 1741996000, "grossProfit": 994250000, "grossProfitRatio": 0.3633627971, "researchAndDevelopmentExpenses": 0, "generalAndAdministrativeExpenses": 561490000, "sellingAndMarketingExpenses": 0, "sellingGeneralAndAdministrativeExpenses": 561490000, "otherExpenses": 16351000, "operatingExpenses": 577841000, "costAndExpenses": 2319837000, "interestIncome": 0, "interestExpense": 27215000, "depreciationAndAmortization": 16351000, "ebitda": 432760000, "ebitdaratio": 0.1581582942, "operatingIncome": 416409000, "operatingIncomeRatio": 0.1521825888, "totalOtherIncomeExpensesNet": 775000, "incomeBeforeTax": 389969000, "incomeBeforeTaxRatio": 0.142519715, "incomeTaxExpense": 79136000, "netIncome": 307230000, "netIncomeRatio": 0.1122815712, "eps": 3.83, "epsdiluted": 3.77, "weightedAverageShsOut": 80216000, "weightedAverageShsOutDil": 81439000, "link": "https://www.sec.gov/Archives/edgar/data/55242/000119312512351892/0001193125-12-351892-index.htm", "finalLink": "https://www.sec.gov/Archives/edgar/data/55242/000119312512351892/d363548d10k.htm", "calculatedOtherExpenses": 16351000, "calculatedOperatingExpenses": 577841000, "calculatedNetInterest": -27215000, "calculatedOtherIncome": 775000, "calculatedIncomeNonControlling": 3603000, "calculatedEbitda": 432760000}, {"date": "2011-06-30", "symbol": "KMT", "reportedCurrency": "USD", "cik": "0000055242", "fillingDate": "2011-08-11", "acceptedDate": "2011-08-11 16:00:54", "calendarYear": "2011", "period": "FY", "revenue": 2403493000, "costOfRevenue": 1519102000, "grossProfit": 884391000, "grossProfitRatio": 0.3679607138, "researchAndDevelopmentExpenses": 0, "generalAndAdministrativeExpenses": 538530000, "sellingAndMarketingExpenses": 0, "sellingGeneralAndAdministrativeExpenses": 538530000, "otherExpenses": 11602000, "operatingExpenses": 550132000, "costAndExpenses": 2069234000, "interestIncome": 0, "interestExpense": 22760000, "depreciationAndAmortization": 11602000, "ebitda": 345861000, "ebitdaratio": 0.1438993165, "operatingIncome": 334259000, "operatingIncomeRatio": 0.1390721754, "totalOtherIncomeExpensesNet": -15366000, "incomeBeforeTax": 296133000, "incomeBeforeTaxRatio": 0.1232094289, "incomeTaxExpense": 63856000, "netIncome": 229727000, "netIncomeRatio": 0.0955804739, "eps": 2.8, "epsdiluted": 2.76, "weightedAverageShsOut": 82063000, "weightedAverageShsOutDil": 83173000, "link": "https://www.sec.gov/Archives/edgar/data/55242/000095012311076137/0000950123-11-076137-index.htm", "finalLink": "https://www.sec.gov/Archives/edgar/data/55242/000095012311076137/l43012e10vk.htm", "calculatedOtherExpenses": 11602000, "calculatedOperatingExpenses": 550132000, "calculatedNetInterest": -22760000, "calculatedOtherIncome": -15366000, "calculatedIncomeNonControlling": 2550000, "calculatedEbitda": 345861000}, {"date": "2010-06-30", "symbol": "KMT", "reportedCurrency": "USD", "cik": "0000055242", "fillingDate": "2010-08-12", "acceptedDate": "2010-08-12 14:59:01", "calendarYear": "2010", "period": "FY", "revenue": 1884067000, "costOfRevenue": 1256339000, "grossProfit": 627728000, "grossProfitRatio": 0.333177111, "researchAndDevelopmentExpenses": 0, "generalAndAdministrativeExpenses": 477487000, "sellingAndMarketingExpenses": 0, "sellingGeneralAndAdministrativeExpenses": 477487000, "otherExpenses": 13090000, "operatingExpenses": 490577000, "costAndExpenses": 1746916000, "interestIncome": 0, "interestExpense": 25203000, "depreciationAndAmortization": 13090000, "ebitda": 150241000, "ebitdaratio": 0.0797429178, "operatingIncome": 137151000, "operatingIncomeRatio": 0.0727951819, "totalOtherIncomeExpensesNet": -35346000, "incomeBeforeTax": 76602000, "incomeBeforeTaxRatio": 0.0406577898, "incomeTaxExpense": 26977000, "netIncome": 46419000, "netIncomeRatio": 0.0246376589, "eps": 0.57, "epsdiluted": 0.57, "weightedAverageShsOut": 80966000, "weightedAverageShsOutDil": 81690000, "link": "https://www.sec.gov/Archives/edgar/data/55242/000095012310076593/0000950123-10-076593-index.htm", "finalLink": "https://www.sec.gov/Archives/edgar/data/55242/000095012310076593/l40471e10vk.htm", "calculatedOtherExpenses": 13090000, "calculatedOperatingExpenses": 490577000, "calculatedNetInterest": -25203000, "calculatedOtherIncome": -35346000, "calculatedIncomeNonControlling": 3206000, "calculatedEbitda": 150241000}, {"date": "2009-06-30", "symbol": "KMT", "reportedCurrency": "USD", "cik": "0000055242", "fillingDate": "2009-08-14", "acceptedDate": "2009-08-14 13:46:51", "calendarYear": "2009", "period": "FY", "revenue": 1999859000, "costOfRevenue": 1423320000, "grossProfit": 576539000, "grossProfitRatio": 0.2882898244, "researchAndDevelopmentExpenses": 0, "generalAndAdministrativeExpenses": 489567000, "sellingAndMarketingExpenses": 0, "sellingGeneralAndAdministrativeExpenses": 489567000, "otherExpenses": 13134000, "operatingExpenses": 502701000, "costAndExpenses": 1926021000, "interestIncome": 0, "interestExpense": 27244000, "depreciationAndAmortization": 13134000, "ebitda": 86972000, "ebitdaratio": 0.043489066, "operatingIncome": 73838000, "operatingIncomeRatio": 0.036921603, "totalOtherIncomeExpensesNet": -159090000, "incomeBeforeTax": -112496000, "incomeBeforeTaxRatio": -0.0562519658, "incomeTaxExpense": -11205000, "netIncome": -119742000, "netIncomeRatio": -0.0598752212, "eps": -1.64, "epsdiluted": -1.64, "weightedAverageShsOut": 73122000, "weightedAverageShsOutDil": 73122000, "link": "https://www.sec.gov/Archives/edgar/data/55242/000095012309035279/0000950123-09-035279-index.htm", "finalLink": "https://www.sec.gov/Archives/edgar/data/55242/000095012309035279/l37319e10vk.htm", "calculatedOtherExpenses": 13134000, "calculatedOperatingExpenses": 502701000, "calculatedNetInterest": -27244000, "calculatedOtherIncome": -159090000, "calculatedIncomeNonControlling": 18451000, "calculatedEbitda": 86972000}, {"date": "2008-06-30", "symbol": "KMT", "reportedCurrency": "USD", "cik": "0000055242", "fillingDate": "2008-08-14", "acceptedDate": "2008-08-14 11:46:57", "calendarYear": "2008", "period": "FY", "revenue": 2705129000, "costOfRevenue": 1781889000, "grossProfit": 923240000, "grossProfitRatio": 0.3412924116, "researchAndDevelopmentExpenses": 0, "generalAndAdministrativeExpenses": 605004000, "sellingAndMarketingExpenses": 0, "sellingGeneralAndAdministrativeExpenses": 605004000, "otherExpenses": 14446000, "operatingExpenses": 619450000, "costAndExpenses": 2401339000, "interestIncome": 0, "interestExpense": 0, "depreciationAndAmortization": 94733000, "ebitda": 436355000, "ebitdaratio": 0.1613065403, "operatingIncome": 303790000, "operatingIncomeRatio": 0.1123014836, "totalOtherIncomeExpensesNet": -37832000, "incomeBeforeTax": 234812000, "incomeBeforeTaxRatio": 0.0868025148, "incomeTaxExpense": 64057000, "netIncome": 167775000, "netIncomeRatio": 0.0620210718, "eps": 2.18, "epsdiluted": 2.15, "weightedAverageShsOut": 76811000, "weightedAverageShsOutDil": 78201000, "link": "https://www.sec.gov/Archives/edgar/data/55242/000095015208006526/0000950152-08-006526-index.htm", "finalLink": "https://www.sec.gov/Archives/edgar/data/55242/000095015208006526/l32874ae10vk.htm", "calculatedOtherExpenses": 14446000, "calculatedOperatingExpenses": 619450000, "calculatedNetInterest": 0, "calculatedOtherIncome": -68978000, "calculatedIncomeNonControlling": 2980000, "calculatedEbitda": 398523000}, {"date": "2007-06-30", "symbol": "KMT", "reportedCurrency": "USD", "cik": "0000055242", "fillingDate": "2007-08-16", "acceptedDate": "2007-08-16 10:52:50", "calendarYear": "2007", "period": "FY", "revenue": 2385493000, "costOfRevenue": 1543931000, "grossProfit": 841562000, "grossProfitRatio": 0.3527832612, "researchAndDevelopmentExpenses": 0, "generalAndAdministrativeExpenses": 554634000, "sellingAndMarketingExpenses": 0, "sellingGeneralAndAdministrativeExpenses": 554634000, "otherExpenses": 15822000, "operatingExpenses": 570456000, "costAndExpenses": 2114387000, "interestIncome": 0, "interestExpense": 0, "depreciationAndAmortization": 78663000, "ebitda": 348208000, "ebitdaratio": 0.1459689884, "operatingIncome": 271106000, "operatingIncomeRatio": 0.1136477869, "totalOtherIncomeExpensesNet": 1561000, "incomeBeforeTax": 249496000, "incomeBeforeTaxRatio": 0.1045888628, "incomeTaxExpense": 70469000, "netIncome": 174243000, "netIncomeRatio": 0.0730427631, "eps": 2.27, "epsdiluted": 2.22, "weightedAverageShsOut": 76788000, "weightedAverageShsOutDil": 78546000, "link": "https://www.sec.gov/Archives/edgar/data/55242/000095015207006922/0000950152-07-006922-index.htm", "finalLink": "https://www.sec.gov/Archives/edgar/data/55242/000095015207006922/l26682ae10vk.htm", "calculatedOtherExpenses": 15822000, "calculatedOperatingExpenses": 570456000, "calculatedNetInterest": 0, "calculatedOtherIncome": -21610000, "calculatedIncomeNonControlling": 4784000, "calculatedEbitda": 349769000}, {"date": "2006-06-30", "symbol": "KMT", "reportedCurrency": "USD", "cik": "0000055242", "fillingDate": "2006-08-29", "acceptedDate": "2006-08-29 16:43:27", "calendarYear": "2006", "period": "FY", "revenue": 2329628000, "costOfRevenue": 1497462000, "grossProfit": 832166000, "grossProfitRatio": 0.3572098206, "researchAndDevelopmentExpenses": 0, "generalAndAdministrativeExpenses": 579907000, "sellingAndMarketingExpenses": 0, "sellingGeneralAndAdministrativeExpenses": 579907000, "otherExpenses": 5626000, "operatingExpenses": 585533000, "costAndExpenses": 2082995000, "interestIncome": 0, "interestExpense": 0, "depreciationAndAmortization": 71144000, "ebitda": 85672000, "ebitdaratio": 0.0367749701, "operatingIncome": 246633000, "operatingIncomeRatio": 0.1058679755, "totalOtherIncomeExpensesNet": 232105000, "incomeBeforeTax": 447719000, "incomeBeforeTaxRatio": 0.1921847608, "incomeTaxExpense": 172902000, "netIncome": 256283000, "netIncomeRatio": 0.1100102677, "eps": 3.34, "epsdiluted": 3.24, "weightedAverageShsOut": 76864000, "weightedAverageShsOutDil": 79102000, "link": "https://www.sec.gov/Archives/edgar/data/55242/000095015206007298/0000950152-06-007298-index.htm", "finalLink": "https://www.sec.gov/Archives/edgar/data/55242/000095015206007298/l22101ae10vk.htm", "calculatedOtherExpenses": 5626000, "calculatedOperatingExpenses": 585533000, "calculatedNetInterest": 0, "calculatedOtherIncome": 201086000, "calculatedIncomeNonControlling": 18534000, "calculatedEbitda": 317777000}, {"date": "2005-06-30", "symbol": "KMT", "reportedCurrency": "USD", "cik": "0000055242", "fillingDate": "2005-09-09", "acceptedDate": "2005-09-09 15:05:06", "calendarYear": "2005", "period": "FY", "revenue": 2304167000, "costOfRevenue": 1513634000, "grossProfit": 790533000, "grossProfitRatio": 0.3430884133, "researchAndDevelopmentExpenses": 0, "generalAndAdministrativeExpenses": 574495000, "sellingAndMarketingExpenses": 0, "sellingGeneralAndAdministrativeExpenses": 574495000, "otherExpenses": 3460000, "operatingExpenses": 577955000, "costAndExpenses": 2091589000, "interestIncome": 0, "interestExpense": 0, "depreciationAndAmortization": 66884000, "ebitda": 280486000, "ebitdaratio": 0.121729892, "operatingIncome": 212578000, "operatingIncomeRatio": 0.0922580698, "totalOtherIncomeExpensesNet": -1024000, "incomeBeforeTax": 184277000, "incomeBeforeTaxRatio": 0.07997554, "incomeTaxExpense": 61394000, "netIncome": 119291000, "netIncomeRatio": 0.0517718551, "eps": 1.62, "epsdiluted": 1.57, "weightedAverageShsOut": 73848000, "weightedAverageShsOutDil": 76112000, "link": "https://www.sec.gov/Archives/edgar/data/55242/000095015205007561/0000950152-05-007561-index.htm", "finalLink": "https://www.sec.gov/Archives/edgar/data/55242/000095015205007561/j1588301e10vk.htm", "calculatedOtherExpenses": 3460000, "calculatedOperatingExpenses": 577955000, "calculatedNetInterest": 0, "calculatedOtherIncome": -28301000, "calculatedIncomeNonControlling": 3592000, "calculatedEbitda": 279462000}, {"date": "2004-06-30", "symbol": "KMT", "reportedCurrency": "USD", "cik": "0000055242", "fillingDate": "2004-09-10", "acceptedDate": "2004-09-10 13:24:26", "calendarYear": "2004", "period": "FY", "revenue": 1971441000, "costOfRevenue": 1318074000, "grossProfit": 653367000, "grossProfitRatio": 0.3314159541, "researchAndDevelopmentExpenses": 0, "generalAndAdministrativeExpenses": 512621000, "sellingAndMarketingExpenses": 0, "sellingGeneralAndAdministrativeExpenses": 512621000, "otherExpenses": 2234000, "operatingExpenses": 514855000, "costAndExpenses": 1832929000, "interestIncome": 0, "interestExpense": 0, "depreciationAndAmortization": 65989000, "ebitda": 206455000, "ebitdaratio": 0.1047228905, "operatingIncome": 138512000, "operatingIncomeRatio": 0.0702592672, "totalOtherIncomeExpensesNet": -1954000, "incomeBeforeTax": 110674000, "incomeBeforeTaxRatio": 0.0561386316, "incomeTaxExpense": 35500000, "netIncome": 73578000, "netIncomeRatio": 0.0373219386, "eps": 1.03, "epsdiluted": 1.01, "weightedAverageShsOut": 71408000, "weightedAverageShsOutDil": 72946000, "link": "https://www.sec.gov/Archives/edgar/data/55242/000095015204006816/0000950152-04-006816-index.htm", "finalLink": "https://www.sec.gov/Archives/edgar/data/55242/000095015204006816/j0811401e10vk.htm", "calculatedOtherExpenses": 2234000, "calculatedOperatingExpenses": 514855000, "calculatedNetInterest": 0, "calculatedOtherIncome": -27838000, "calculatedIncomeNonControlling": 1596000, "calculatedEbitda": 204501000}, {"date": "2003-06-30", "symbol": "KMT", "reportedCurrency": "USD", "cik": "0000055242", "fillingDate": "2003-09-18", "acceptedDate": "2003-09-18 11:13:25", "calendarYear": "2003", "period": "FY", "revenue": 1758957000, "costOfRevenue": 1190053000, "grossProfit": 568904000, "grossProfitRatio": 0.3234325796, "researchAndDevelopmentExpenses": 0, "generalAndAdministrativeExpenses": 464861000, "sellingAndMarketingExpenses": 0, "sellingGeneralAndAdministrativeExpenses": 464861000, "otherExpenses": 4164000, "operatingExpenses": 469025000, "costAndExpenses": 1659078000, "interestIncome": 0, "interestExpense": 0, "depreciationAndAmortization": 84043000, "ebitda": 213345000, "ebitdaratio": 0.1212906285, "operatingIncome": 99879000, "operatingIncomeRatio": 0.0567830822, "totalOtherIncomeExpensesNet": -29423000, "incomeBeforeTax": 34290000, "incomeBeforeTaxRatio": 0.0194945073, "incomeTaxExpense": 14300000, "netIncome": 18130000, "netIncomeRatio": 0.0103072446, "eps": 0.26, "epsdiluted": 0.26, "weightedAverageShsOut": 70404000, "weightedAverageShsOutDil": 70958000, "link": "https://www.sec.gov/Archives/edgar/data/55242/000095012803001049/0000950128-03-001049-index.htm", "finalLink": "https://www.sec.gov/Archives/edgar/data/55242/000095012803001049/j0304601e10vk.txt", "calculatedOtherExpenses": 4164000, "calculatedOperatingExpenses": 469025000, "calculatedNetInterest": 0, "calculatedOtherIncome": -65589000, "calculatedIncomeNonControlling": 1860000, "calculatedEbitda": 183922000}, {"date": "2002-06-30", "symbol": "KMT", "reportedCurrency": "USD", "cik": "0000055242", "fillingDate": "2002-09-25", "acceptedDate": "2002-09-25 11:17:48", "calendarYear": "2002", "period": "FY", "revenue": 1583742000, "costOfRevenue": 1072918000, "grossProfit": 510824000, "grossProfitRatio": 0.3225424343, "researchAndDevelopmentExpenses": 0, "generalAndAdministrativeExpenses": 389396000, "sellingAndMarketingExpenses": 0, "sellingGeneralAndAdministrativeExpenses": 389396000, "otherExpenses": 2804000, "operatingExpenses": 392200000, "costAndExpenses": 1465118000, "interestIncome": 0, "interestExpense": 0, "depreciationAndAmortization": 73629000, "ebitda": 219199000, "ebitdaratio": 0.1384057504, "operatingIncome": 118624000, "operatingIncomeRatio": 0.0749010887, "totalOtherIncomeExpensesNet": -26946000, "incomeBeforeTax": 59051000, "incomeBeforeTaxRatio": 0.0372857448, "incomeTaxExpense": 18900000, "netIncome": -211908000, "netIncomeRatio": -0.1338020966, "eps": -3.4, "epsdiluted": -3.35, "weightedAverageShsOut": 62338000, "weightedAverageShsOutDil": 63254000, "link": "https://www.sec.gov/Archives/edgar/data/55242/000095012802000680/0000950128-02-000680-index.htm", "finalLink": "https://www.sec.gov/Archives/edgar/data/55242/000095012802000680/j9628101e10vk.txt", "calculatedOtherExpenses": 2804000, "calculatedOperatingExpenses": 392200000, "calculatedNetInterest": 0, "calculatedOtherIncome": -59573000, "calculatedIncomeNonControlling": 252059000, "calculatedEbitda": 192253000}, {"date": "2001-06-30", "symbol": "KMT", "reportedCurrency": "USD", "cik": "0000055242", "fillingDate": "2001-09-18", "acceptedDate": "2001-09-18 00:00:00", "calendarYear": "2001", "period": "FY", "revenue": 1807896000, "costOfRevenue": 1192176000, "grossProfit": 615720000, "grossProfitRatio": 0.3405726878, "researchAndDevelopmentExpenses": 0, "generalAndAdministrativeExpenses": 425641000, "sellingAndMarketingExpenses": 0, "sellingGeneralAndAdministrativeExpenses": 425641000, "otherExpenses": 24134000, "operatingExpenses": 449775000, "costAndExpenses": 1641951000, "interestIncome": 0, "interestExpense": 0, "depreciationAndAmortization": 97297000, "ebitda": 284477000, "ebitdaratio": 0.1573525247, "operatingIncome": 165945000, "operatingIncomeRatio": 0.0917890188, "totalOtherIncomeExpensesNet": -21235000, "incomeBeforeTax": 91187000, "incomeBeforeTaxRatio": 0.0504381889, "incomeTaxExpense": 37300000, "netIncome": 53288000, "netIncomeRatio": 0.0294751468, "eps": 0.87, "epsdiluted": 0.87, "weightedAverageShsOut": 61120000, "weightedAverageShsOutDil": 61498000, "link": "https://www.sec.gov/Archives/edgar/data/55242/000095012801500560/0000950128-01-500560-index.htm", "finalLink": "https://www.sec.gov/Archives/edgar/data/55242/000095012801500560/j9030401e10-k405.txt", "calculatedOtherExpenses": 24134000, "calculatedOperatingExpenses": 449775000, "calculatedNetInterest": 0, "calculatedOtherIncome": -74758000, "calculatedIncomeNonControlling": 599000, "calculatedEbitda": 263242000}, {"date": "2000-06-30", "symbol": "KMT", "reportedCurrency": "USD", "cik": "0000055242", "fillingDate": "2000-09-22", "acceptedDate": "2000-09-22 00:00:00", "calendarYear": "2000", "period": "FY", "revenue": 1853663000, "costOfRevenue": 1072093000, "grossProfit": 781570000, "grossProfitRatio": 0.4216354321, "researchAndDevelopmentExpenses": 19246000, "generalAndAdministrativeExpenses": 483155000, "sellingAndMarketingExpenses": 0, "sellingGeneralAndAdministrativeExpenses": 483155000, "otherExpenses": 101646000, "operatingExpenses": 604047000, "costAndExpenses": 1676140000, "interestIncome": 0, "interestExpense": 0, "depreciationAndAmortization": 101646000, "ebitda": 301202000, "ebitdaratio": 0.1624901614, "operatingIncome": 177523000, "operatingIncomeRatio": 0.0957687562, "totalOtherIncomeExpensesNet": -22033000, "incomeBeforeTax": 95677000, "incomeBeforeTaxRatio": 0.0516150994, "incomeTaxExpense": 43700000, "netIncome": 51710000, "netIncomeRatio": 0.027896117, "eps": 0.86, "epsdiluted": 0.85, "weightedAverageShsOut": 60526000, "weightedAverageShsOutDil": 60728000, "link": "https://www.sec.gov/Archives/edgar/data/55242/000095012800001166/0000950128-00-001166-index.htm", "finalLink": "https://www.sec.gov/Archives/edgar/data/55242/000095012800001166/j8398501e10-k405.txt", "calculatedOtherExpenses": 101646000, "calculatedOperatingExpenses": 604047000, "calculatedNetInterest": 0, "calculatedOtherIncome": -81846000, "calculatedIncomeNonControlling": 267000, "calculatedEbitda": 279169000}, {"date": "1999-06-30", "symbol": "KMT", "reportedCurrency": "USD", "cik": "0000055242", "fillingDate": "1999-09-22", "acceptedDate": "1999-09-22 00:00:00", "calendarYear": "1999", "period": "FY", "revenue": 1902900000, "costOfRevenue": 1128400000, "grossProfit": 774500000, "grossProfitRatio": 0.4070103526, "researchAndDevelopmentExpenses": 18800000, "generalAndAdministrativeExpenses": 498200000, "sellingAndMarketingExpenses": 0, "sellingGeneralAndAdministrativeExpenses": 498200000, "otherExpenses": 96000000, "operatingExpenses": 613000000, "costAndExpenses": 1741400000, "interestIncome": 0, "interestExpense": 0, "depreciationAndAmortization": 96000000, "ebitda": 271900000, "ebitdaratio": 0.1428871722, "operatingIncome": 161500000, "operatingIncomeRatio": 0.0848704609, "totalOtherIncomeExpensesNet": -14400000, "incomeBeforeTax": 72000000, "incomeBeforeTaxRatio": 0.0378369857, "incomeTaxExpense": 32900000, "netIncome": 39100000, "netIncomeRatio": 0.0205475853, "eps": 0.66, "epsdiluted": 0.66, "weightedAverageShsOut": 59834000, "weightedAverageShsOutDil": 59920000, "link": "https://www.sec.gov/Archives/edgar/data/55242/000095012899000994/0000950128-99-000994-index.html", "finalLink": "https://www.sec.gov/Archives/edgar/data/55242/000095012899000994/", "calculatedOtherExpenses": 96000000, "calculatedOperatingExpenses": 613000000, "calculatedNetInterest": 0, "calculatedOtherIncome": -89500000, "calculatedIncomeNonControlling": 0, "calculatedEbitda": 257500000}, {"date": "1998-06-30", "symbol": "KMT", "reportedCurrency": "USD", "cik": "0000055242", "fillingDate": "1998-09-24", "acceptedDate": "1998-09-24 00:00:00", "calendarYear": "1998", "period": "FY", "revenue": 1678400000, "costOfRevenue": 942700000, "grossProfit": 735700000, "grossProfitRatio": 0.4383341277, "researchAndDevelopmentExpenses": 20400000, "generalAndAdministrativeExpenses": 452300000, "sellingAndMarketingExpenses": 0, "sellingGeneralAndAdministrativeExpenses": 452300000, "otherExpenses": 67400000, "operatingExpenses": 540100000, "costAndExpenses": 1482800000, "interestIncome": 0, "interestExpense": 0, "depreciationAndAmortization": 67400000, "ebitda": 268500000, "ebitdaratio": 0.1599737846, "operatingIncome": 195600000, "operatingIncomeRatio": 0.1165395615, "totalOtherIncomeExpensesNet": -5500000, "incomeBeforeTax": 125100000, "incomeBeforeTaxRatio": 0.0745352717, "incomeTaxExpense": 53900000, "netIncome": 71200000, "netIncomeRatio": 0.0424213537, "eps": 1.31, "epsdiluted": 1.29, "weightedAverageShsOut": 54526000, "weightedAverageShsOutDil": 55134000, "link": "https://www.sec.gov/Archives/edgar/data/55242/000095012898001031/0000950128-98-001031-index.html", "finalLink": "https://www.sec.gov/Archives/edgar/data/55242/", "calculatedOtherExpenses": 67400000, "calculatedOperatingExpenses": 540100000, "calculatedNetInterest": 0, "calculatedOtherIncome": -70500000, "calculatedIncomeNonControlling": 0, "calculatedEbitda": 263000000}, {"date": "1997-06-30", "symbol": "KMT", "reportedCurrency": "USD", "cik": "0000055242", "fillingDate": "1997-09-18", "acceptedDate": "1997-09-18 00:00:00", "calendarYear": "1997", "period": "FY", "revenue": 1156300000, "costOfRevenue": 629900000, "grossProfit": 526400000, "grossProfitRatio": 0.4552451786, "researchAndDevelopmentExpenses": 24100000, "generalAndAdministrativeExpenses": 333900000, "sellingAndMarketingExpenses": 0, "sellingGeneralAndAdministrativeExpenses": 333900000, "otherExpenses": 41400000, "operatingExpenses": 399400000, "costAndExpenses": 1029300000, "interestIncome": 0, "interestExpense": 0, "depreciationAndAmortization": 41400000, "ebitda": 168100000, "ebitdaratio": 0.1453774972, "operatingIncome": 127000000, "operatingIncomeRatio": 0.1098330883, "totalOtherIncomeExpensesNet": 300000, "incomeBeforeTax": 116900000, "incomeBeforeTaxRatio": 0.1010983309, "incomeTaxExpense": 44900000, "netIncome": 72000000, "netIncomeRatio": 0.0622675776, "eps": 1.36, "epsdiluted": 1.35, "weightedAverageShsOut": 53136531, "weightedAverageShsOutDil": 53531599, "link": "https://www.sec.gov/Archives/edgar/data/55242/000005524297000005/0000055242-97-000005-index.html", "finalLink": "https://www.sec.gov/Archives/edgar/data/55242/", "calculatedOtherExpenses": 41400000, "calculatedOperatingExpenses": 399400000, "calculatedNetInterest": 0, "calculatedOtherIncome": -10100000, "calculatedIncomeNonControlling": 0, "calculatedEbitda": 168400000}, {"date": "1996-06-30", "symbol": "KMT", "reportedCurrency": "USD", "cik": "0000055242", "fillingDate": "1996-09-18", "acceptedDate": "1996-09-18 00:00:00", "calendarYear": "1996", "period": "FY", "revenue": 1080000000, "costOfRevenue": 586900000, "grossProfit": 493100000, "grossProfitRatio": 0.4565740741, "researchAndDevelopmentExpenses": 0, "generalAndAdministrativeExpenses": 328400000, "sellingAndMarketingExpenses": 0, "sellingGeneralAndAdministrativeExpenses": 328400000, "otherExpenses": 40200000, "operatingExpenses": 368600000, "costAndExpenses": 955500000, "interestIncome": 0, "interestExpense": 0, "depreciationAndAmortization": 40200000, "ebitda": 164300000, "ebitdaratio": 0.1521296296, "operatingIncome": 124500000, "operatingIncomeRatio": 0.1152777778, "totalOtherIncomeExpensesNet": 400000, "incomeBeforeTax": 113600000, "incomeBeforeTaxRatio": 0.1051851852, "incomeTaxExpense": 43900000, "netIncome": 69700000, "netIncomeRatio": 0.064537037, "eps": 1.31, "epsdiluted": 1.31, "weightedAverageShsOut": 53270000, "weightedAverageShsOutDil": 53298429, "link": "https://www.sec.gov/Archives/edgar/data/55242/000005524296000020/0000055242-96-000020-index.html", "finalLink": "https://www.sec.gov/Archives/edgar/data/55242/", "calculatedOtherExpenses": 40200000, "calculatedOperatingExpenses": 368600000, "calculatedNetInterest": 0, "calculatedOtherIncome": -10900000, "calculatedIncomeNonControlling": 0, "calculatedEbitda": 164700000}, {"date": "1995-06-30", "symbol": "KMT", "reportedCurrency": "USD", "cik": "0000055242", "fillingDate": "1995-09-21", "acceptedDate": "1995-09-21 00:00:00", "calendarYear": "1995", "period": "FY", "revenue": 983900000, "costOfRevenue": 523800000, "grossProfit": 460100000, "grossProfitRatio": 0.4676288241, "researchAndDevelopmentExpenses": 0, "generalAndAdministrativeExpenses": 293900000, "sellingAndMarketingExpenses": 0, "sellingGeneralAndAdministrativeExpenses": 293900000, "otherExpenses": 39300000, "operatingExpenses": 333200000, "costAndExpenses": 857000000, "interestIncome": 0, "interestExpense": 0, "depreciationAndAmortization": 39300000, "ebitda": 167100000, "ebitdaratio": 0.1698343328, "operatingIncome": 126900000, "operatingIncomeRatio": 0.128976522, "totalOtherIncomeExpensesNet": -900000, "incomeBeforeTax": 113300000, "incomeBeforeTaxRatio": 0.1151539791, "incomeTaxExpense": 45000000, "netIncome": 68300000, "netIncomeRatio": 0.0694176237, "eps": 1.29, "epsdiluted": 1.29, "weightedAverageShsOut": 52972000, "weightedAverageShsOutDil": 52972000, "link": "https://www.sec.gov/Archives/edgar/data/55242/000005524295000012/0000055242-95-000012-index.html", "finalLink": "https://www.sec.gov/Archives/edgar/data/55242/", "calculatedOtherExpenses": 39300000, "calculatedOperatingExpenses": 333200000, "calculatedNetInterest": 0, "calculatedOtherIncome": -13600000, "calculatedIncomeNonControlling": 0, "calculatedEbitda": 166200000}, {"date": "1994-06-30", "symbol": "KMT", "reportedCurrency": "USD", "cik": "0000055242", "fillingDate": "1994-09-21", "acceptedDate": "1994-09-21 00:00:00", "calendarYear": "1994", "period": "FY", "revenue": 802500000, "costOfRevenue": 429300000, "grossProfit": 373200000, "grossProfitRatio": 0.465046729, "researchAndDevelopmentExpenses": 0, "generalAndAdministrativeExpenses": 263300000, "sellingAndMarketingExpenses": 0, "sellingGeneralAndAdministrativeExpenses": 263300000, "otherExpenses": 43200000, "operatingExpenses": 306500000, "costAndExpenses": 735800000, "interestIncome": 0, "interestExpense": 0, "depreciationAndAmortization": 43200000, "ebitda": 108000000, "ebitdaratio": 0.1345794393, "operatingIncome": 66700000, "operatingIncomeRatio": 0.0831152648, "totalOtherIncomeExpensesNet": 1900000, "incomeBeforeTax": 26400000, "incomeBeforeTaxRatio": 0.0328971963, "incomeTaxExpense": 15500000, "netIncome": -4100000, "netIncomeRatio": -0.0051090343, "eps": -0.085, "epsdiluted": -0.085, "weightedAverageShsOut": 48235294, "weightedAverageShsOutDil": 48235294, "link": "https://www.sec.gov/Archives/edgar/data/55242/000005524294000015/0000055242-94-000015-index.html", "finalLink": "https://www.sec.gov/Archives/edgar/data/55242/", "calculatedOtherExpenses": 43200000, "calculatedOperatingExpenses": 306500000, "calculatedNetInterest": 0, "calculatedOtherIncome": -40300000, "calculatedIncomeNonControlling": 15000000, "calculatedEbitda": 109900000}, {"date": "1993-06-30", "symbol": "KMT", "reportedCurrency": "USD", "cik": "0000055242", "fillingDate": "1993-06-30", "acceptedDate": "1993-06-29 20:00:00", "calendarYear": "1993", "period": "FY", "revenue": 598500000, "costOfRevenue": 325300000, "grossProfit": 273200000, "grossProfitRatio": 0.4564745196, "researchAndDevelopmentExpenses": 0, "generalAndAdministrativeExpenses": 0, "sellingAndMarketingExpenses": 0, "sellingGeneralAndAdministrativeExpenses": 200900000, "otherExpenses": 30900000, "operatingExpenses": 231800000, "costAndExpenses": 557100000, "interestIncome": 0, "interestExpense": 0, "depreciationAndAmortization": 30900000, "ebitda": 70100000, "ebitdaratio": 0.1171261487, "operatingIncome": 41400000, "operatingIncomeRatio": 0.0691729323, "totalOtherIncomeExpensesNet": 2200000, "incomeBeforeTax": 34100000, "incomeBeforeTaxRatio": 0.0569757728, "incomeTaxExpense": 14000000, "netIncome": 20100000, "netIncomeRatio": 0.0335839599, "eps": 0.47, "epsdiluted": 0.46, "weightedAverageShsOut": 43225806, "weightedAverageShsOutDil": 43695652, "link": "", "finalLink": "", "calculatedOtherExpenses": 30900000, "calculatedOperatingExpenses": 231800000, "calculatedNetInterest": 0, "calculatedOtherIncome": -7300000, "calculatedIncomeNonControlling": 0, "calculatedEbitda": 72300000}, {"date": "1992-06-30", "symbol": "KMT", "reportedCurrency": "USD", "cik": "0000055242", "fillingDate": "1992-06-30", "acceptedDate": "1992-06-29 20:00:00", "calendarYear": "1992", "period": "FY", "revenue": 594500000, "costOfRevenue": 331700000, "grossProfit": 262800000, "grossProfitRatio": 0.4420521447, "researchAndDevelopmentExpenses": 0, "generalAndAdministrativeExpenses": 0, "sellingAndMarketingExpenses": 0, "sellingGeneralAndAdministrativeExpenses": 200500000, "otherExpenses": 31300000, "operatingExpenses": 231800000, "costAndExpenses": 563500000, "interestIncome": 0, "interestExpense": 0, "depreciationAndAmortization": 31300000, "ebitda": 62300000, "ebitdaratio": 0.1047939445, "operatingIncome": 31000000, "operatingIncomeRatio": 0.0521446594, "totalOtherIncomeExpensesNet": -10000000, "incomeBeforeTax": 21000000, "incomeBeforeTaxRatio": 0.0353238015, "incomeTaxExpense": 8100000, "netIncome": 12900000, "netIncomeRatio": 0.0216989066, "eps": 0.3, "epsdiluted": 0.3, "weightedAverageShsOut": 43000000, "weightedAverageShsOutDil": 43000000, "link": "", "finalLink": "", "calculatedOtherExpenses": 31300000, "calculatedOperatingExpenses": 231800000, "calculatedNetInterest": 0, "calculatedOtherIncome": -10000000, "calculatedIncomeNonControlling": 0, "calculatedEbitda": 62300000}, {"date": "1991-06-30", "symbol": "KMT", "reportedCurrency": "USD", "cik": "0000055242", "fillingDate": "1991-06-30", "acceptedDate": "1991-06-29 20:00:00", "calendarYear": "1991", "period": "FY", "revenue": 617800000, "costOfRevenue": 325800000, "grossProfit": 292000000, "grossProfitRatio": 0.4726448689, "researchAndDevelopmentExpenses": 0, "generalAndAdministrativeExpenses": 0, "sellingAndMarketingExpenses": 0, "sellingGeneralAndAdministrativeExpenses": 204400000, "otherExpenses": 32700000, "operatingExpenses": 237100000, "costAndExpenses": 562900000, "interestIncome": 0, "interestExpense": 0, "depreciationAndAmortization": 32700000, "ebitda": 92300000, "ebitdaratio": 0.1494011007, "operatingIncome": 54900000, "operatingIncomeRatio": 0.0888637099, "totalOtherIncomeExpensesNet": -4700000, "incomeBeforeTax": 38400000, "incomeBeforeTaxRatio": 0.0621560376, "incomeTaxExpense": 17300000, "netIncome": 21100000, "netIncomeRatio": 0.0341534477, "eps": 0.5, "epsdiluted": 0.5, "weightedAverageShsOut": 42200000, "weightedAverageShsOutDil": 42200000, "link": "", "finalLink": "", "calculatedOtherExpenses": 32700000, "calculatedOperatingExpenses": 237100000, "calculatedNetInterest": 0, "calculatedOtherIncome": -16500000, "calculatedIncomeNonControlling": 0, "calculatedEbitda": 87600000}, {"date": "1990-06-30", "symbol": "KMT", "reportedCurrency": "USD", "cik": "0000055242", "fillingDate": "1990-06-30", "acceptedDate": "1990-06-29 20:00:00", "calendarYear": "1990", "period": "FY", "revenue": 589000000, "costOfRevenue": 312500000, "grossProfit": 276500000, "grossProfitRatio": 0.4694397284, "researchAndDevelopmentExpenses": 0, "generalAndAdministrativeExpenses": 0, "sellingAndMarketingExpenses": 0, "sellingGeneralAndAdministrativeExpenses": 182200000, "otherExpenses": 29900000, "operatingExpenses": 212100000, "costAndExpenses": 524600000, "interestIncome": 0, "interestExpense": 0, "depreciationAndAmortization": 29900000, "ebitda": 93100000, "ebitdaratio": 0.1580645161, "operatingIncome": 64400000, "operatingIncomeRatio": 0.1093378608, "totalOtherIncomeExpensesNet": 1200000, "incomeBeforeTax": 55100000, "incomeBeforeTaxRatio": 0.0935483871, "incomeTaxExpense": 23000000, "netIncome": 32100000, "netIncomeRatio": 0.0544991511, "eps": 0.77, "epsdiluted": 0.76, "weightedAverageShsOut": 41688312, "weightedAverageShsOutDil": 42236842, "link": "", "finalLink": "", "calculatedOtherExpenses": 29900000, "calculatedOperatingExpenses": 212100000, "calculatedNetInterest": 0, "calculatedOtherIncome": -9300000, "calculatedIncomeNonControlling": 0, "calculatedEbitda": 94300000}, {"date": "1989-06-30", "symbol": "KMT", "reportedCurrency": "USD", "cik": "0000055242", "fillingDate": "1989-06-30", "acceptedDate": "1989-06-29 20:00:00", "calendarYear": "1989", "period": "FY", "revenue": 472200000, "costOfRevenue": 249400000, "grossProfit": 222800000, "grossProfitRatio": 0.4718339687, "researchAndDevelopmentExpenses": 0, "generalAndAdministrativeExpenses": 0, "sellingAndMarketingExpenses": 0, "sellingGeneralAndAdministrativeExpenses": 140000000, "otherExpenses": 26400000, "operatingExpenses": 166400000, "costAndExpenses": 415800000, "interestIncome": 0, "interestExpense": 0, "depreciationAndAmortization": 26400000, "ebitda": 81000000, "ebitdaratio": 0.1715374841, "operatingIncome": 56400000, "operatingIncomeRatio": 0.1194409149, "totalOtherIncomeExpensesNet": 1800000, "incomeBeforeTax": 49200000, "incomeBeforeTaxRatio": 0.1041931385, "incomeTaxExpense": 19200000, "netIncome": 30000000, "netIncomeRatio": 0.0635324015, "eps": 0.73, "epsdiluted": 0.72, "weightedAverageShsOut": 41379310, "weightedAverageShsOutDil": 41958042, "link": "", "finalLink": "", "calculatedOtherExpenses": 26400000, "calculatedOperatingExpenses": 166400000, "calculatedNetInterest": 0, "calculatedOtherIncome": -7200000, "calculatedIncomeNonControlling": 0, "calculatedEbitda": 82800000}, {"date": "1988-06-30", "symbol": "KMT", "reportedCurrency": "USD", "cik": "0000055242", "fillingDate": "1988-06-30", "acceptedDate": "1988-06-29 20:00:00", "calendarYear": "1988", "period": "FY", "revenue": 419900000, "costOfRevenue": 220500000, "grossProfit": 199400000, "grossProfitRatio": 0.4748749702, "researchAndDevelopmentExpenses": 0, "generalAndAdministrativeExpenses": 0, "sellingAndMarketingExpenses": 0, "sellingGeneralAndAdministrativeExpenses": 125800000, "otherExpenses": 24400000, "operatingExpenses": 150200000, "costAndExpenses": 370700000, "interestIncome": 0, "interestExpense": 0, "depreciationAndAmortization": 24400000, "ebitda": 72500000, "ebitdaratio": 0.1726601572, "operatingIncome": 49200000, "operatingIncomeRatio": 0.1171707549, "totalOtherIncomeExpensesNet": 1100000, "incomeBeforeTax": 41700000, "incomeBeforeTaxRatio": 0.0993093594, "incomeTaxExpense": 17400000, "netIncome": 24300000, "netIncomeRatio": 0.0578709216, "eps": 0.6, "epsdiluted": 0.6, "weightedAverageShsOut": 40840336, "weightedAverageShsOutDil": 40840336, "link": "", "finalLink": "", "calculatedOtherExpenses": 24400000, "calculatedOperatingExpenses": 150200000, "calculatedNetInterest": 0, "calculatedOtherIncome": -7500000, "calculatedIncomeNonControlling": 0, "calculatedEbitda": 73600000}, {"date": "1987-06-30", "symbol": "KMT", "reportedCurrency": "USD", "cik": "0000055242", "fillingDate": "1987-06-30", "acceptedDate": "1987-06-29 20:00:00", "calendarYear": "1987", "period": "FY", "revenue": 354500000, "costOfRevenue": 185200000, "grossProfit": 169300000, "grossProfitRatio": 0.477574048, "researchAndDevelopmentExpenses": 0, "generalAndAdministrativeExpenses": 0, "sellingAndMarketingExpenses": 0, "sellingGeneralAndAdministrativeExpenses": 112400000, "otherExpenses": 20500000, "operatingExpenses": 132900000, "costAndExpenses": 318100000, "interestIncome": 0, "interestExpense": 0, "depreciationAndAmortization": 20500000, "ebitda": 54400000, "ebitdaratio": 0.1534555712, "operatingIncome": 36400000, "operatingIncomeRatio": 0.1026798307, "totalOtherIncomeExpensesNet": 2500000, "incomeBeforeTax": 31600000, "incomeBeforeTaxRatio": 0.0891396333, "incomeTaxExpense": 14400000, "netIncome": 17200000, "netIncomeRatio": 0.0485190409, "eps": 0.43, "epsdiluted": 0.43, "weightedAverageShsOut": 40470588, "weightedAverageShsOutDil": 40470588, "link": "", "finalLink": "", "calculatedOtherExpenses": 20500000, "calculatedOperatingExpenses": 132900000, "calculatedNetInterest": 0, "calculatedOtherIncome": -4800000, "calculatedIncomeNonControlling": 0, "calculatedEbitda": 56900000}, {"date": "1986-06-30", "symbol": "KMT", "reportedCurrency": "USD", "cik": "0000055242", "fillingDate": "1986-06-30", "acceptedDate": "1986-06-29 20:00:00", "calendarYear": "1986", "period": "FY", "revenue": 355400000, "costOfRevenue": 197900000, "grossProfit": 157500000, "grossProfitRatio": 0.4431626337, "researchAndDevelopmentExpenses": 0, "generalAndAdministrativeExpenses": 0, "sellingAndMarketingExpenses": 0, "sellingGeneralAndAdministrativeExpenses": 112800000, "otherExpenses": 18400000, "operatingExpenses": 131200000, "costAndExpenses": 329100000, "interestIncome": 0, "interestExpense": 0, "depreciationAndAmortization": 18400000, "ebitda": 62400000, "ebitdaratio": 0.1755768149, "operatingIncome": 26300000, "operatingIncomeRatio": 0.0740011255, "totalOtherIncomeExpensesNet": -17700000, "incomeBeforeTax": 800000, "incomeBeforeTaxRatio": 0.0022509848, "incomeTaxExpense": 200000, "netIncome": 600000, "netIncomeRatio": 0.0016882386, "eps": 0.015, "epsdiluted": 0.015, "weightedAverageShsOut": 40000000, "weightedAverageShsOutDil": 40000000, "link": "", "finalLink": "", "calculatedOtherExpenses": 18400000, "calculatedOperatingExpenses": 131200000, "calculatedNetInterest": 0, "calculatedOtherIncome": -25500000, "calculatedIncomeNonControlling": 0, "calculatedEbitda": 44700000}]}