{"originalCurrency": "USD", "convertedCurrency": "USD", "report": [{"date": "2023-12-31", "symbol": "KNSL", "reportedCurrency": "USD", "cik": "0001669162", "fillingDate": "2024-02-15", "acceptedDate": "2024-02-15 16:08:47", "calendarYear": "2023", "period": "FY", "revenue": 1224449000, "costOfRevenue": -187000, "grossProfit": 1224636000, "grossProfitRatio": 1.0001527218, "researchAndDevelopmentExpenses": 0, "generalAndAdministrativeExpenses": 0, "sellingAndMarketingExpenses": 0, "sellingGeneralAndAdministrativeExpenses": 0, "otherExpenses": -840432000, "operatingExpenses": 840432000, "costAndExpenses": 840432000, "interestIncome": 102545000, "interestExpense": 10301000, "depreciationAndAmortization": 3274000, "ebitda": 387291000, "ebitdaratio": 0.316298188, "operatingIncome": 384017000, "operatingIncomeRatio": 0.3136243323, "totalOtherIncomeExpensesNet": 384017000, "incomeBeforeTax": 384017000, "incomeBeforeTaxRatio": 0.3136243323, "incomeTaxExpense": 75924000, "netIncome": 308093000, "netIncomeRatio": 0.2516176664, "eps": 13.37, "epsdiluted": 13.22, "weightedAverageShsOut": 23045000, "weightedAverageShsOutDil": 23307000, "link": "https://www.sec.gov/Archives/edgar/data/1669162/000166916224000004/0001669162-24-000004-index.htm", "finalLink": "https://www.sec.gov/Archives/edgar/data/1669162/000166916224000004/earningsrelease4q2023.htm", "calculatedOtherExpenses": 840619000, "calculatedOperatingExpenses": 840619000, "calculatedNetInterest": 92244000, "calculatedOtherIncome": -92244000, "calculatedIncomeNonControlling": 0, "calculatedEbitda": 387291000}, {"date": "2022-12-31", "symbol": "KNSL", "reportedCurrency": "USD", "cik": "0001669162", "fillingDate": "2023-02-24", "acceptedDate": "2023-02-24 16:07:44", "calendarYear": "2022", "period": "FY", "revenue": 819200000, "costOfRevenue": 0, "grossProfit": 819200000, "grossProfitRatio": 1, "researchAndDevelopmentExpenses": 0, "generalAndAdministrativeExpenses": 0, "sellingAndMarketingExpenses": 0, "sellingGeneralAndAdministrativeExpenses": 0, "otherExpenses": -619352000, "operatingExpenses": -619352000, "costAndExpenses": 623636000, "interestIncome": 53843000, "interestExpense": 4284000, "depreciationAndAmortization": 2721000, "ebitda": 202569000, "ebitdaratio": 0.2472766113, "operatingIncome": 199848000, "operatingIncomeRatio": 0.2439550781, "totalOtherIncomeExpensesNet": -4284000, "incomeBeforeTax": 195564000, "incomeBeforeTaxRatio": 0.2387255859, "incomeTaxExpense": 36450000, "netIncome": 159114000, "netIncomeRatio": 0.194230957, "eps": 6.97, "epsdiluted": 6.88, "weightedAverageShsOut": 22815000, "weightedAverageShsOutDil": 23125000, "link": "https://www.sec.gov/Archives/edgar/data/1669162/000166916223000009/0001669162-23-000009-index.htm", "finalLink": "https://www.sec.gov/Archives/edgar/data/1669162/000166916223000009/knsl-20221231.htm", "calculatedOtherExpenses": 619352000, "calculatedOperatingExpenses": 619352000, "calculatedNetInterest": 49559000, "calculatedOtherIncome": -53843000, "calculatedIncomeNonControlling": 0, "calculatedEbitda": 202569000}, {"date": "2021-12-31", "symbol": "KNSL", "reportedCurrency": "USD", "cik": "0001669162", "fillingDate": "2022-02-25", "acceptedDate": "2022-02-25 16:15:16", "calendarYear": "2021", "period": "FY", "revenue": 639779000, "costOfRevenue": 0, "grossProfit": 639779000, "grossProfitRatio": 1, "researchAndDevelopmentExpenses": 0, "generalAndAdministrativeExpenses": 0, "sellingAndMarketingExpenses": 0, "sellingGeneralAndAdministrativeExpenses": 0, "otherExpenses": -451190000, "operatingExpenses": -451190000, "costAndExpenses": 450978000, "interestIncome": 33129000, "interestExpense": 994000, "depreciationAndAmortization": 2308000, "ebitda": 190897000, "ebitdaratio": 0.2983795967, "operatingIncome": 188589000, "operatingIncomeRatio": 0.294772101, "totalOtherIncomeExpensesNet": 212000, "incomeBeforeTax": 188801000, "incomeBeforeTaxRatio": 0.2951034654, "incomeTaxExpense": 36142000, "netIncome": 152659000, "netIncomeRatio": 0.2386120832, "eps": 6.73, "epsdiluted": 6.62, "weightedAverageShsOut": 22693000, "weightedAverageShsOutDil": 23062000, "link": "https://www.sec.gov/Archives/edgar/data/1669162/000166916222000011/0001669162-22-000011-index.htm", "finalLink": "https://www.sec.gov/Archives/edgar/data/1669162/000166916222000011/knsl-20211231.htm", "calculatedOtherExpenses": 451190000, "calculatedOperatingExpenses": 451190000, "calculatedNetInterest": 32135000, "calculatedOtherIncome": -31923000, "calculatedIncomeNonControlling": 0, "calculatedEbitda": 190897000}, {"date": "2020-12-31", "symbol": "KNSL", "reportedCurrency": "USD", "cik": "0001669162", "fillingDate": "2021-02-25", "acceptedDate": "2021-02-25 16:06:05", "calendarYear": "2020", "period": "FY", "revenue": 459886000, "costOfRevenue": 0, "grossProfit": 459886000, "grossProfitRatio": 1, "researchAndDevelopmentExpenses": 0, "generalAndAdministrativeExpenses": 0, "sellingAndMarketingExpenses": 0, "sellingGeneralAndAdministrativeExpenses": 0, "otherExpenses": -360107000, "operatingExpenses": -360107000, "costAndExpenses": 359473000, "interestIncome": 27885000, "interestExpense": 168000, "depreciationAndAmortization": 1574000, "ebitda": 101353000, "ebitdaratio": 0.2203872264, "operatingIncome": 99779000, "operatingIncomeRatio": 0.2169646391, "totalOtherIncomeExpensesNet": 634000, "incomeBeforeTax": 100413000, "incomeBeforeTaxRatio": 0.2183432416, "incomeTaxExpense": 11994000, "netIncome": 88419000, "netIncomeRatio": 0.1922628651, "eps": 3.96, "epsdiluted": 3.87, "weightedAverageShsOut": 22319000, "weightedAverageShsOutDil": 22852000, "link": "https://www.sec.gov/Archives/edgar/data/1669162/000166916221000005/0001669162-21-000005-index.htm", "finalLink": "https://www.sec.gov/Archives/edgar/data/1669162/000166916221000005/knsl-20201231.htm", "calculatedOtherExpenses": 360107000, "calculatedOperatingExpenses": 360107000, "calculatedNetInterest": 27717000, "calculatedOtherIncome": -27083000, "calculatedIncomeNonControlling": 0, "calculatedEbitda": 101353000}, {"date": "2019-12-31", "symbol": "KNSL", "reportedCurrency": "USD", "cik": "0001669162", "fillingDate": "2020-03-02", "acceptedDate": "2020-03-02 06:14:34", "calendarYear": "2019", "period": "FY", "revenue": 315888000, "costOfRevenue": 0, "grossProfit": 315888000, "grossProfitRatio": 1, "researchAndDevelopmentExpenses": 0, "generalAndAdministrativeExpenses": 0, "sellingAndMarketingExpenses": 0, "sellingGeneralAndAdministrativeExpenses": 0, "otherExpenses": -239863000, "operatingExpenses": -239863000, "costAndExpenses": 239837000, "interestIncome": 21523000, "interestExpense": 0, "depreciationAndAmortization": 682000, "ebitda": 76707000, "ebitdaratio": 0.2428297371, "operatingIncome": 76025000, "operatingIncomeRatio": 0.2406707441, "totalOtherIncomeExpensesNet": 26000, "incomeBeforeTax": 76051000, "incomeBeforeTaxRatio": 0.2407530517, "incomeTaxExpense": 12735000, "netIncome": 63316000, "netIncomeRatio": 0.20043813, "eps": 2.94, "epsdiluted": 2.86, "weightedAverageShsOut": 21528000, "weightedAverageShsOutDil": 22136000, "link": "https://www.sec.gov/Archives/edgar/data/1669162/000166916220000007/0001669162-20-000007-index.htm", "finalLink": "https://www.sec.gov/Archives/edgar/data/1669162/000166916220000007/knsl10-k12312019.htm", "calculatedOtherExpenses": 239863000, "calculatedOperatingExpenses": 239863000, "calculatedNetInterest": 21523000, "calculatedOtherIncome": -21497000, "calculatedIncomeNonControlling": 0, "calculatedEbitda": 76707000}, {"date": "2018-12-31", "symbol": "KNSL", "reportedCurrency": "USD", "cik": "0001669162", "fillingDate": "2019-02-28", "acceptedDate": "2019-02-28 16:11:39", "calendarYear": "2018", "period": "FY", "revenue": 222114000, "costOfRevenue": 0, "grossProfit": 222114000, "grossProfitRatio": 1, "researchAndDevelopmentExpenses": 0, "generalAndAdministrativeExpenses": 0, "sellingAndMarketingExpenses": 0, "sellingGeneralAndAdministrativeExpenses": 0, "otherExpenses": -181634000, "operatingExpenses": -181634000, "costAndExpenses": 181634000, "interestIncome": 16803000, "interestExpense": 0, "depreciationAndAmortization": 631000, "ebitda": 41111000, "ebitdaratio": 0.1850896387, "operatingIncome": 40480000, "operatingIncomeRatio": 0.1822487551, "totalOtherIncomeExpensesNet": 12000, "incomeBeforeTax": 40480000, "incomeBeforeTaxRatio": 0.1822487551, "incomeTaxExpense": 6693000, "netIncome": 33787000, "netIncomeRatio": 0.1521155803, "eps": 1.6, "epsdiluted": 1.56, "weightedAverageShsOut": 21090000, "weightedAverageShsOutDil": 21685000, "link": "https://www.sec.gov/Archives/edgar/data/1669162/000166916219000005/0001669162-19-000005-index.htm", "finalLink": "https://www.sec.gov/Archives/edgar/data/1669162/000166916219000005/knsl10-k12312018.htm", "calculatedOtherExpenses": 181634000, "calculatedOperatingExpenses": 181634000, "calculatedNetInterest": 16803000, "calculatedOtherIncome": -16803000, "calculatedIncomeNonControlling": 0, "calculatedEbitda": 41111000}, {"date": "2017-12-31", "symbol": "KNSL", "reportedCurrency": "USD", "cik": "0001669162", "fillingDate": "2018-03-01", "acceptedDate": "2018-03-01 14:51:01", "calendarYear": "2017", "period": "FY", "revenue": 186776000, "costOfRevenue": 0, "grossProfit": 186776000, "grossProfitRatio": 1, "researchAndDevelopmentExpenses": 0, "generalAndAdministrativeExpenses": 0, "sellingAndMarketingExpenses": 0, "sellingGeneralAndAdministrativeExpenses": 0, "otherExpenses": -148255000, "operatingExpenses": -148255000, "costAndExpenses": 148255000, "interestIncome": 10893000, "interestExpense": 0, "depreciationAndAmortization": 515000, "ebitda": 39036000, "ebitdaratio": 0.2089990149, "operatingIncome": 38521000, "operatingIncomeRatio": 0.2062417013, "totalOtherIncomeExpensesNet": 3000, "incomeBeforeTax": 38521000, "incomeBeforeTaxRatio": 0.2062417013, "incomeTaxExpense": 13620000, "netIncome": 24901000, "netIncomeRatio": 0.1333201268, "eps": 1.19, "epsdiluted": 1.16, "weightedAverageShsOut": 20992000, "weightedAverageShsOutDil": 21498000, "link": "https://www.sec.gov/Archives/edgar/data/1669162/000166916218000005/0001669162-18-000005-index.htm", "finalLink": "https://www.sec.gov/Archives/edgar/data/1669162/000166916218000005/knsl10-k12312017.htm", "calculatedOtherExpenses": 148255000, "calculatedOperatingExpenses": 148255000, "calculatedNetInterest": 10893000, "calculatedOtherIncome": -10893000, "calculatedIncomeNonControlling": 0, "calculatedEbitda": 39036000}, {"date": "2016-12-31", "symbol": "KNSL", "reportedCurrency": "USD", "cik": "0001669162", "fillingDate": "2017-03-16", "acceptedDate": "2017-03-16 17:13:30", "calendarYear": "2016", "period": "FY", "revenue": 141615000, "costOfRevenue": 0, "grossProfit": 141615000, "grossProfitRatio": 1, "researchAndDevelopmentExpenses": 0, "generalAndAdministrativeExpenses": 0, "sellingAndMarketingExpenses": 0, "sellingGeneralAndAdministrativeExpenses": 0, "otherExpenses": -102079000, "operatingExpenses": -102079000, "costAndExpenses": 102079000, "interestIncome": 8281000, "interestExpense": 0, "depreciationAndAmortization": 636000, "ebitda": 40172000, "ebitdaratio": 0.2836705151, "operatingIncome": 39536000, "operatingIncomeRatio": 0.2791794655, "totalOtherIncomeExpensesNet": 136000, "incomeBeforeTax": 39536000, "incomeBeforeTaxRatio": 0.2791794655, "incomeTaxExpense": 13369000, "netIncome": 26167000, "netIncomeRatio": 0.1847756241, "eps": 1.26, "epsdiluted": 1.24, "weightedAverageShsOut": 20841000, "weightedAverageShsOutDil": 21073000, "link": "https://www.sec.gov/Archives/edgar/data/1669162/000166916217000006/0001669162-17-000006-index.htm", "finalLink": "https://www.sec.gov/Archives/edgar/data/1669162/000166916217000006/knsl10-k12312016.htm", "calculatedOtherExpenses": 102079000, "calculatedOperatingExpenses": 102079000, "calculatedNetInterest": 8281000, "calculatedOtherIncome": -8281000, "calculatedIncomeNonControlling": 0, "calculatedEbitda": 40172000}, {"date": "2015-12-31", "symbol": "KNSL", "reportedCurrency": "USD", "cik": "0001669162", "fillingDate": "2015-12-31", "acceptedDate": "2015-12-30 19:00:00", "calendarYear": "2015", "period": "FY", "revenue": 80596000, "costOfRevenue": 0, "grossProfit": 80596000, "grossProfitRatio": 1, "researchAndDevelopmentExpenses": 0, "generalAndAdministrativeExpenses": 0, "sellingAndMarketingExpenses": 0, "sellingGeneralAndAdministrativeExpenses": 0, "otherExpenses": -47039000, "operatingExpenses": -47039000, "costAndExpenses": 47039000, "interestIncome": 6404000, "interestExpense": 0, "depreciationAndAmortization": 642000, "ebitda": 34199000, "ebitdaratio": 0.4243262693, "operatingIncome": 33557000, "operatingIncomeRatio": 0.4163606134, "totalOtherIncomeExpensesNet": 572000, "incomeBeforeTax": 33557000, "incomeBeforeTaxRatio": 0.4163606134, "incomeTaxExpense": 11284000, "netIncome": 22273000, "netIncomeRatio": 0.2763536652, "eps": 1.06, "epsdiluted": 1.06, "weightedAverageShsOut": 20968707, "weightedAverageShsOutDil": 20968707, "link": "", "finalLink": "", "calculatedOtherExpenses": 47039000, "calculatedOperatingExpenses": 47039000, "calculatedNetInterest": 6404000, "calculatedOtherIncome": -6404000, "calculatedIncomeNonControlling": 0, "calculatedEbitda": 34199000}, {"date": "2014-12-31", "symbol": "KNSL", "reportedCurrency": "USD", "cik": "0001669162", "fillingDate": "2014-12-31", "acceptedDate": "2014-12-30 19:00:00", "calendarYear": "2014", "period": "FY", "revenue": 63676000, "costOfRevenue": 0, "grossProfit": 63676000, "grossProfitRatio": 1, "researchAndDevelopmentExpenses": 0, "generalAndAdministrativeExpenses": 0, "sellingAndMarketingExpenses": 0, "sellingGeneralAndAdministrativeExpenses": 0, "otherExpenses": -44203000, "operatingExpenses": -44203000, "costAndExpenses": 44203000, "interestIncome": 4681000, "interestExpense": 0, "depreciationAndAmortization": 570000, "ebitda": 20043000, "ebitdaratio": 0.3147653747, "operatingIncome": 19473000, "operatingIncomeRatio": 0.3058138074, "totalOtherIncomeExpensesNet": 409000, "incomeBeforeTax": 19473000, "incomeBeforeTaxRatio": 0.3058138074, "incomeTaxExpense": 6500000, "netIncome": 12973000, "netIncomeRatio": 0.2037345311, "eps": 0.62, "epsdiluted": 0.62, "weightedAverageShsOut": 20968707, "weightedAverageShsOutDil": 20968707, "link": "", "finalLink": "", "calculatedOtherExpenses": 44203000, "calculatedOperatingExpenses": 44203000, "calculatedNetInterest": 4681000, "calculatedOtherIncome": -4681000, "calculatedIncomeNonControlling": 0, "calculatedEbitda": 20043000}, {"date": "2013-12-31", "symbol": "KNSL", "reportedCurrency": "USD", "cik": "0001669162", "fillingDate": "2013-12-31", "acceptedDate": "2013-12-30 19:00:00", "calendarYear": "2013", "period": "FY", "revenue": 48484000, "costOfRevenue": 0, "grossProfit": 48484000, "grossProfitRatio": 1, "researchAndDevelopmentExpenses": 0, "generalAndAdministrativeExpenses": 0, "sellingAndMarketingExpenses": 0, "sellingGeneralAndAdministrativeExpenses": 0, "otherExpenses": -36381000, "operatingExpenses": -36381000, "costAndExpenses": 36381000, "interestIncome": 3824000, "interestExpense": 0, "depreciationAndAmortization": 448000, "ebitda": 12551000, "ebitdaratio": 0.2588689052, "operatingIncome": 12103000, "operatingIncomeRatio": 0.2496287435, "totalOtherIncomeExpensesNet": 10000, "incomeBeforeTax": 12103000, "incomeBeforeTaxRatio": 0.2496287435, "incomeTaxExpense": -164000, "netIncome": 12267000, "netIncomeRatio": 0.2530113027, "eps": 0.59, "epsdiluted": 0.59, "weightedAverageShsOut": 20968707, "weightedAverageShsOutDil": 20968707, "link": "", "finalLink": "", "calculatedOtherExpenses": 36381000, "calculatedOperatingExpenses": 36381000, "calculatedNetInterest": 3824000, "calculatedOtherIncome": -3824000, "calculatedIncomeNonControlling": 0, "calculatedEbitda": 12551000}]}