{"originalCurrency": "USD", "convertedCurrency": "USD", "report": [{"date": "2023-12-31", "symbol": "KNX", "reportedCurrency": "USD", "cik": "0001492691", "fillingDate": "2024-02-22", "acceptedDate": "2024-02-22 12:29:42", "calendarYear": "2023", "period": "FY", "revenue": 7141766000, "costOfRevenue": 6367129000, "grossProfit": 774637000, "grossProfitRatio": 0.1084657492, "researchAndDevelopmentExpenses": 0, "generalAndAdministrativeExpenses": 639197000, "sellingAndMarketingExpenses": -479267000, "sellingGeneralAndAdministrativeExpenses": 159930000, "otherExpenses": -274318000, "operatingExpenses": 434248000, "costAndExpenses": 6801377000, "interestIncome": 21577000, "interestExpense": 127100000, "depreciationAndAmortization": 735100000, "ebitda": 1075489000, "ebitdaratio": 0.1505914644, "operatingIncome": 340389000, "operatingIncomeRatio": 0.0476617408, "totalOtherIncomeExpensesNet": -70100000, "incomeBeforeTax": 270289000, "incomeBeforeTaxRatio": 0.0378462414, "incomeTaxExpense": 54768000, "netIncome": 217149000, "netIncomeRatio": 0.0304055047, "eps": 1.35, "epsdiluted": 1.34, "weightedAverageShsOut": 161188000, "weightedAverageShsOutDil": 161826000, "link": "https://www.sec.gov/Archives/edgar/data/1492691/000149269124000015/0001492691-24-000015-index.htm", "finalLink": "https://www.sec.gov/Archives/edgar/data/1492691/000149269124000015/knx-20231231.htm", "calculatedOtherExpenses": 274318000, "calculatedOperatingExpenses": 434248000, "calculatedNetInterest": -105523000, "calculatedOtherIncome": 35423000, "calculatedIncomeNonControlling": -1628000, "calculatedEbitda": 1075489000}, {"date": "2022-12-31", "symbol": "KNX", "reportedCurrency": "USD", "cik": "0001492691", "fillingDate": "2023-02-23", "acceptedDate": "2023-02-23 12:33:58", "calendarYear": "2022", "period": "FY", "revenue": 7428582000, "costOfRevenue": 5654025000, "grossProfit": 1774557000, "grossProfitRatio": 0.2388823331, "researchAndDevelopmentExpenses": 0, "generalAndAdministrativeExpenses": 479574000, "sellingAndMarketingExpenses": 0, "sellingGeneralAndAdministrativeExpenses": 479574000, "otherExpenses": 202345000, "operatingExpenses": 681919000, "costAndExpenses": 6335944000, "interestIncome": 5439000, "interestExpense": 50803000, "depreciationAndAmortization": 659824000, "ebitda": 1072119000, "ebitdaratio": 0.1443235062, "operatingIncome": 412295000, "operatingIncomeRatio": 0.055501171, "totalOtherIncomeExpensesNet": 608211000, "incomeBeforeTax": 1020506000, "incomeBeforeTaxRatio": 0.1373756122, "incomeTaxExpense": 249388000, "netIncome": 771325000, "netIncomeRatio": 0.1038320638, "eps": 4.75, "epsdiluted": 4.73, "weightedAverageShsOut": 162260000, "weightedAverageShsOutDil": 163211000, "link": "https://www.sec.gov/Archives/edgar/data/1492691/000149269123000019/0001492691-23-000019-index.htm", "finalLink": "https://www.sec.gov/Archives/edgar/data/1492691/000149269123000019/knx-20221231.htm", "calculatedOtherExpenses": 882688000, "calculatedOperatingExpenses": 1362262000, "calculatedNetInterest": -45364000, "calculatedOtherIncome": 653575000, "calculatedIncomeNonControlling": -207000, "calculatedEbitda": 1072119000}, {"date": "2021-12-31", "symbol": "KNX", "reportedCurrency": "USD", "cik": "0001492691", "fillingDate": "2022-02-24", "acceptedDate": "2022-02-24 12:13:37", "calendarYear": "2021", "period": "FY", "revenue": 5998019000, "costOfRevenue": 4585477000, "grossProfit": 1412542000, "grossProfitRatio": 0.2355014214, "researchAndDevelopmentExpenses": 0, "generalAndAdministrativeExpenses": 297864000, "sellingAndMarketingExpenses": 0, "sellingGeneralAndAdministrativeExpenses": 297864000, "otherExpenses": 148682000, "operatingExpenses": 446546000, "costAndExpenses": 5032023000, "interestIncome": 1173000, "interestExpense": 21140000, "depreciationAndAmortization": 577895000, "ebitda": 996074000, "ebitdaratio": 0.1660671632, "operatingIncome": 418179000, "operatingIncomeRatio": 0.0697195191, "totalOtherIncomeExpensesNet": 556456000, "incomeBeforeTax": 974635000, "incomeBeforeTaxRatio": 0.1624928164, "incomeTaxExpense": 230887000, "netIncome": 743388000, "netIncomeRatio": 0.1239389205, "eps": 4.48, "epsdiluted": 4.45, "weightedAverageShsOut": 165860000, "weightedAverageShsOutDil": 167060000, "link": "https://www.sec.gov/Archives/edgar/data/1492691/000149269122000012/0001492691-22-000012-index.htm", "finalLink": "https://www.sec.gov/Archives/edgar/data/1492691/000149269122000012/knx-20211231.htm", "calculatedOtherExpenses": 696499000, "calculatedOperatingExpenses": 994363000, "calculatedNetInterest": -19967000, "calculatedOtherIncome": 576423000, "calculatedIncomeNonControlling": 360000, "calculatedEbitda": 996074000}, {"date": "2020-12-31", "symbol": "KNX", "reportedCurrency": "USD", "cik": "0001492691", "fillingDate": "2021-02-25", "acceptedDate": "2021-02-25 11:28:39", "calendarYear": "2020", "period": "FY", "revenue": 4673863000, "costOfRevenue": 3704744000, "grossProfit": 969119000, "grossProfitRatio": 0.2073486108, "researchAndDevelopmentExpenses": 0, "generalAndAdministrativeExpenses": 212436000, "sellingAndMarketingExpenses": 0, "sellingGeneralAndAdministrativeExpenses": 212436000, "otherExpenses": 186910000, "operatingExpenses": 399346000, "costAndExpenses": 4104090000, "interestIncome": 1928000, "interestExpense": 17309000, "depreciationAndAmortization": 506670000, "ebitda": 582955000, "ebitdaratio": 0.1247265913, "operatingIncome": 76285000, "operatingIncomeRatio": 0.0163216166, "totalOtherIncomeExpensesNet": 484026000, "incomeBeforeTax": 560311000, "incomeBeforeTaxRatio": 0.1198817766, "incomeTaxExpense": 149676000, "netIncome": 410002000, "netIncomeRatio": 0.0877222974, "eps": 2.42, "epsdiluted": 2.4, "weightedAverageShsOut": 169711000, "weightedAverageShsOutDil": 170549000, "link": "https://www.sec.gov/Archives/edgar/data/1492691/000149269121000016/0001492691-21-000016-index.htm", "finalLink": "https://www.sec.gov/Archives/edgar/data/1492691/000149269121000016/knx-20201231.htm", "calculatedOtherExpenses": 680398000, "calculatedOperatingExpenses": 892834000, "calculatedNetInterest": -15381000, "calculatedOtherIncome": 499407000, "calculatedIncomeNonControlling": 633000, "calculatedEbitda": 582955000}, {"date": "2019-12-31", "symbol": "KNX", "reportedCurrency": "USD", "cik": "0001492691", "fillingDate": "2020-02-27", "acceptedDate": "2020-02-27 12:05:40", "calendarYear": "2019", "period": "FY", "revenue": 4843950000, "costOfRevenue": 4001049000, "grossProfit": 842901000, "grossProfitRatio": 0.174011086, "researchAndDevelopmentExpenses": 0, "generalAndAdministrativeExpenses": 213856000, "sellingAndMarketingExpenses": 0, "sellingGeneralAndAdministrativeExpenses": 213856000, "otherExpenses": 198121000, "operatingExpenses": 411977000, "costAndExpenses": 4413026000, "interestIncome": 3834000, "interestExpense": 29433000, "depreciationAndAmortization": 462958000, "ebitda": 446895000, "ebitdaratio": 0.0922583842, "operatingIncome": -16063000, "operatingIncomeRatio": -0.0033160953, "totalOtherIncomeExpensesNet": 430039000, "incomeBeforeTax": 413976000, "incomeBeforeTaxRatio": 0.0854624841, "incomeTaxExpense": 103798000, "netIncome": 309206000, "netIncomeRatio": 0.0638334417, "eps": 1.8, "epsdiluted": 1.8, "weightedAverageShsOut": 171541000, "weightedAverageShsOutDil": 172142000, "link": "https://www.sec.gov/Archives/edgar/data/1492691/000149269120000013/0001492691-20-000013-index.htm", "finalLink": "https://www.sec.gov/Archives/edgar/data/1492691/000149269120000013/knx-10k12312019.htm", "calculatedOtherExpenses": 645108000, "calculatedOperatingExpenses": 858964000, "calculatedNetInterest": -25599000, "calculatedOtherIncome": 455638000, "calculatedIncomeNonControlling": 972000, "calculatedEbitda": 446895000}, {"date": "2018-12-31", "symbol": "KNX", "reportedCurrency": "USD", "cik": "0001492691", "fillingDate": "2019-02-28", "acceptedDate": "2019-02-28 11:28:00", "calendarYear": "2018", "period": "FY", "revenue": 5344066000, "costOfRevenue": 4383548000, "grossProfit": 960518000, "grossProfitRatio": 0.1797354299, "researchAndDevelopmentExpenses": 0, "generalAndAdministrativeExpenses": 236273000, "sellingAndMarketingExpenses": 0, "sellingGeneralAndAdministrativeExpenses": 236273000, "otherExpenses": 9965000, "operatingExpenses": 388677000, "costAndExpenses": 4772225000, "interestIncome": 3200000, "interestExpense": 30170000, "depreciationAndAmortization": 430089000, "ebitda": 585006000, "ebitdaratio": 0.1094683337, "operatingIncome": 569043000, "operatingIncomeRatio": 0.1064812822, "totalOtherIncomeExpensesNet": 7167000, "incomeBeforeTax": 552038000, "incomeBeforeTaxRatio": 0.1032992482, "incomeTaxExpense": 131389000, "netIncome": 419264000, "netIncomeRatio": 0.0784541209, "eps": 2.37, "epsdiluted": 2.36, "weightedAverageShsOut": 177018000, "weightedAverageShsOutDil": 177999000, "link": "https://www.sec.gov/Archives/edgar/data/1492691/000149269119000012/0001492691-19-000012-index.htm", "finalLink": "https://www.sec.gov/Archives/edgar/data/1492691/000149269119000012/knx-10k12312018.htm", "calculatedOtherExpenses": 155202000, "calculatedOperatingExpenses": 391475000, "calculatedNetInterest": -26970000, "calculatedOtherIncome": 9965000, "calculatedIncomeNonControlling": 1385000, "calculatedEbitda": 999132000}, {"date": "2017-12-31", "symbol": "KNX", "reportedCurrency": "USD", "cik": "0001492691", "fillingDate": "2018-03-01", "acceptedDate": "2018-03-01 13:04:10", "calendarYear": "2017", "period": "FY", "revenue": 2425453000, "costOfRevenue": 2003248000, "grossProfit": 422205000, "grossProfitRatio": 0.1740726372, "researchAndDevelopmentExpenses": 0, "generalAndAdministrativeExpenses": 105890000, "sellingAndMarketingExpenses": 0, "sellingGeneralAndAdministrativeExpenses": 105890000, "otherExpenses": 558000, "operatingExpenses": 188215000, "costAndExpenses": 2191463000, "interestIncome": 1207000, "interestExpense": 8686000, "depreciationAndAmortization": 207105000, "ebitda": 442860000, "ebitdaratio": 0.1825885721, "operatingIncome": 200630000, "operatingIncomeRatio": 0.0827185684, "totalOtherIncomeExpensesNet": -32802000, "incomeBeforeTax": 193709000, "incomeBeforeTaxRatio": 0.0798650809, "incomeTaxExpense": -291716000, "netIncome": 484292000, "netIncomeRatio": 0.1996707419, "eps": 4.38, "epsdiluted": 4.34, "weightedAverageShsOut": 110657000, "weightedAverageShsOutDil": 111697000, "link": "https://www.sec.gov/Archives/edgar/data/1492691/000149269118000017/0001492691-18-000017-index.htm", "finalLink": "https://www.sec.gov/Archives/edgar/data/1492691/000149269118000017/knx-10k12312017.htm", "calculatedOtherExpenses": 115685000, "calculatedOperatingExpenses": 221575000, "calculatedNetInterest": -7479000, "calculatedOtherIncome": 558000, "calculatedIncomeNonControlling": 1133000, "calculatedEbitda": 407735000}, {"date": "2016-12-31", "symbol": "KNX", "reportedCurrency": "USD", "cik": "0001492691", "fillingDate": "2017-02-17", "acceptedDate": "2017-02-17 10:46:59", "calendarYear": "2016", "period": "FY", "revenue": 1118034000, "costOfRevenue": 889894000, "grossProfit": 228140000, "grossProfitRatio": 0.2040546173, "researchAndDevelopmentExpenses": 0, "generalAndAdministrativeExpenses": 38623000, "sellingAndMarketingExpenses": 0, "sellingGeneralAndAdministrativeExpenses": 38623000, "otherExpenses": 4939000, "operatingExpenses": 79661000, "costAndExpenses": 969555000, "interestIncome": 309000, "interestExpense": 897000, "depreciationAndAmortization": 116160000, "ebitda": 153727000, "ebitdaratio": 0.1374976074, "operatingIncome": 148479000, "operatingIncomeRatio": 0.1328036536, "totalOtherIncomeExpensesNet": 4939000, "incomeBeforeTax": 152830000, "incomeBeforeTaxRatio": 0.1366953062, "incomeTaxExpense": 57592000, "netIncome": 93863000, "netIncomeRatio": 0.0839536186, "eps": 1.17, "epsdiluted": 1.16, "weightedAverageShsOut": 80362000, "weightedAverageShsOutDil": 81228000, "link": "https://www.sec.gov/Archives/edgar/data/1492691/000149269117000009/0001492691-17-000009-index.htm", "finalLink": "https://www.sec.gov/Archives/edgar/data/1492691/000149269117000009/swft-10k12312016.htm", "calculatedOtherExpenses": 41038000, "calculatedOperatingExpenses": 79661000, "calculatedNetInterest": -588000, "calculatedOtherIncome": 4939000, "calculatedIncomeNonControlling": 1375000, "calculatedEbitda": 264639000}, {"date": "2015-12-31", "symbol": "KNX", "reportedCurrency": "USD", "cik": "0001492691", "fillingDate": "2016-02-22", "acceptedDate": "2016-02-22 17:21:32", "calendarYear": "2015", "period": "FY", "revenue": 1182964000, "costOfRevenue": 925563000, "grossProfit": 257401000, "grossProfitRatio": 0.2175898844, "researchAndDevelopmentExpenses": 0, "generalAndAdministrativeExpenses": 37727000, "sellingAndMarketingExpenses": 0, "sellingGeneralAndAdministrativeExpenses": 37727000, "otherExpenses": 9042000, "operatingExpenses": 79401000, "costAndExpenses": 1004964000, "interestIncome": 460000, "interestExpense": 998000, "depreciationAndAmortization": 111023000, "ebitda": 187502000, "ebitdaratio": 0.1585018648, "operatingIncome": 178000000, "operatingIncomeRatio": 0.1504694986, "totalOtherIncomeExpensesNet": 9042000, "incomeBeforeTax": 186504000, "incomeBeforeTaxRatio": 0.1576582212, "incomeTaxExpense": 68047000, "netIncome": 116718000, "netIncomeRatio": 0.0986657244, "eps": 1.43, "epsdiluted": 1.42, "weightedAverageShsOut": 81491000, "weightedAverageShsOutDil": 82467000, "link": "https://www.sec.gov/Archives/edgar/data/1492691/000149269116000059/0001492691-16-000059-index.htm", "finalLink": "https://www.sec.gov/Archives/edgar/data/1492691/000149269116000059/swft-10k12312015.htm", "calculatedOtherExpenses": 41674000, "calculatedOperatingExpenses": 79401000, "calculatedNetInterest": -538000, "calculatedOtherIncome": 9042000, "calculatedIncomeNonControlling": 1739000, "calculatedEbitda": 289023000}, {"date": "2014-12-31", "symbol": "KNX", "reportedCurrency": "USD", "cik": "0001492691", "fillingDate": "2015-02-20", "acceptedDate": "2015-02-20 13:59:23", "calendarYear": "2014", "period": "FY", "revenue": 1102332000, "costOfRevenue": 878065000, "grossProfit": 224267000, "grossProfitRatio": 0.2034477816, "researchAndDevelopmentExpenses": 0, "generalAndAdministrativeExpenses": 36032000, "sellingAndMarketingExpenses": 0, "sellingGeneralAndAdministrativeExpenses": 36032000, "otherExpenses": 9380000, "operatingExpenses": 61545000, "costAndExpenses": 939610000, "interestIncome": 458000, "interestExpense": 730000, "depreciationAndAmortization": 92893000, "ebitda": 172560000, "ebitdaratio": 0.1565408606, "operatingIncome": 162722000, "operatingIncomeRatio": 0.1476161447, "totalOtherIncomeExpensesNet": 9380000, "incomeBeforeTax": 171830000, "incomeBeforeTaxRatio": 0.1558786282, "incomeTaxExpense": 67809000, "netIncome": 102862000, "netIncomeRatio": 0.0933130853, "eps": 1.76, "epsdiluted": 1.74, "weightedAverageShsOut": 58281840, "weightedAverageShsOutDil": 59070240, "link": "https://www.sec.gov/Archives/edgar/data/1492691/000149269115000005/0001492691-15-000005-index.htm", "finalLink": "https://www.sec.gov/Archives/edgar/data/1492691/000149269115000005/swft-12312014x10k.htm", "calculatedOtherExpenses": 25513000, "calculatedOperatingExpenses": 61545000, "calculatedNetInterest": -272000, "calculatedOtherIncome": 9380000, "calculatedIncomeNonControlling": 1159000, "calculatedEbitda": 255615000}, {"date": "2013-12-31", "symbol": "KNX", "reportedCurrency": "USD", "cik": "0001492691", "fillingDate": "2014-02-28", "acceptedDate": "2014-02-28 14:33:31", "calendarYear": "2013", "period": "FY", "revenue": 969237000, "costOfRevenue": 789660000, "grossProfit": 179577000, "grossProfitRatio": 0.1852766661, "researchAndDevelopmentExpenses": 0, "generalAndAdministrativeExpenses": 34365000, "sellingAndMarketingExpenses": 0, "sellingGeneralAndAdministrativeExpenses": 34365000, "otherExpenses": 2844000, "operatingExpenses": 65668000, "costAndExpenses": 855328000, "interestIncome": 413000, "interestExpense": 462000, "depreciationAndAmortization": 86129000, "ebitda": 117166000, "ebitdaratio": 0.1208847784, "operatingIncome": 113909000, "operatingIncomeRatio": 0.1175244032, "totalOtherIncomeExpensesNet": 2844000, "incomeBeforeTax": 116704000, "incomeBeforeTaxRatio": 0.1204081148, "incomeTaxExpense": 46680000, "netIncome": 69282000, "netIncomeRatio": 0.0714809691, "eps": 1.21, "epsdiluted": 1.19, "weightedAverageShsOut": 57595680, "weightedAverageShsOutDil": 57837600, "link": "https://www.sec.gov/Archives/edgar/data/1492691/000149269114000013/0001492691-14-000013-index.htm", "finalLink": "https://www.sec.gov/Archives/edgar/data/1492691/000149269114000013/swft-12312013x10k.htm", "calculatedOtherExpenses": 31303000, "calculatedOperatingExpenses": 65668000, "calculatedNetInterest": -49000, "calculatedOtherIncome": 2844000, "calculatedIncomeNonControlling": 742000, "calculatedEbitda": 200038000}, {"date": "2012-12-31", "symbol": "KNX", "reportedCurrency": "USD", "cik": "0001492691", "fillingDate": "2013-02-26", "acceptedDate": "2013-02-26 12:57:53", "calendarYear": "2012", "period": "FY", "revenue": 936036000, "costOfRevenue": 763397000, "grossProfit": 172639000, "grossProfitRatio": 0.1844362824, "researchAndDevelopmentExpenses": 0, "generalAndAdministrativeExpenses": 37310000, "sellingAndMarketingExpenses": 0, "sellingGeneralAndAdministrativeExpenses": 37310000, "otherExpenses": 1550000, "operatingExpenses": 64372000, "costAndExpenses": 827769000, "interestIncome": 417000, "interestExpense": 457000, "depreciationAndAmortization": 85056000, "ebitda": 110234000, "ebitdaratio": 0.117766838, "operatingIncome": 108267000, "operatingIncomeRatio": 0.1156654231, "totalOtherIncomeExpensesNet": 1550000, "incomeBeforeTax": 109777000, "incomeBeforeTaxRatio": 0.1172786089, "incomeTaxExpense": 45014000, "netIncome": 64117000, "netIncomeRatio": 0.0684984338, "eps": 1.11, "epsdiluted": 1.11, "weightedAverageShsOut": 57364560, "weightedAverageShsOutDil": 57600000, "link": "https://www.sec.gov/Archives/edgar/data/1492691/000119312513076100/0001193125-13-076100-index.htm", "finalLink": "https://www.sec.gov/Archives/edgar/data/1492691/000119312513076100/d457128d10k.htm", "calculatedOtherExpenses": 27062000, "calculatedOperatingExpenses": 64372000, "calculatedNetInterest": -40000, "calculatedOtherIncome": 1550000, "calculatedIncomeNonControlling": 646000, "calculatedEbitda": 193323000}, {"date": "2011-12-31", "symbol": "KNX", "reportedCurrency": "USD", "cik": "0001492691", "fillingDate": "2012-02-27", "acceptedDate": "2012-02-27 16:17:00", "calendarYear": "2011", "period": "FY", "revenue": 866199000, "costOfRevenue": 454612000, "grossProfit": 411587000, "grossProfitRatio": 0.475164483, "researchAndDevelopmentExpenses": 0, "generalAndAdministrativeExpenses": 224220000, "sellingAndMarketingExpenses": 0, "sellingGeneralAndAdministrativeExpenses": 224220000, "otherExpenses": 87346000, "operatingExpenses": 311566000, "costAndExpenses": 766178000, "interestIncome": 1068000, "interestExpense": 180000, "depreciationAndAmortization": 75832000, "ebitda": 176921000, "ebitdaratio": 0.2042498317, "operatingIncome": 100021000, "operatingIncomeRatio": 0.1154711562, "totalOtherIncomeExpensesNet": 279000, "incomeBeforeTax": 101188000, "incomeBeforeTaxRatio": 0.1168184216, "incomeTaxExpense": 40480000, "netIncome": 60247000, "netIncomeRatio": 0.0695533013, "eps": 1.03, "epsdiluted": 1.03, "weightedAverageShsOut": 58636080, "weightedAverageShsOutDil": 58947840, "link": "https://www.sec.gov/Archives/edgar/data/1492691/000119312512081602/0001193125-12-081602-index.htm", "finalLink": "https://www.sec.gov/Archives/edgar/data/1492691/000119312512081602/d268416d10k.htm", "calculatedOtherExpenses": 87346000, "calculatedOperatingExpenses": 311566000, "calculatedNetInterest": 888000, "calculatedOtherIncome": 279000, "calculatedIncomeNonControlling": 461000, "calculatedEbitda": 175853000}, {"date": "2010-12-31", "symbol": "KNX", "reportedCurrency": "USD", "cik": "0001492691", "fillingDate": "2011-03-30", "acceptedDate": "2011-03-29 20:44:09", "calendarYear": "2010", "period": "FY", "revenue": 730709000, "costOfRevenue": 277988000, "grossProfit": 452721000, "grossProfitRatio": 0.6195640125, "researchAndDevelopmentExpenses": 0, "generalAndAdministrativeExpenses": 212001000, "sellingAndMarketingExpenses": 0, "sellingGeneralAndAdministrativeExpenses": 212001000, "otherExpenses": 95399000, "operatingExpenses": 307400000, "costAndExpenses": 585388000, "interestIncome": 1554000, "interestExpense": 251129000, "depreciationAndAmortization": 70962000, "ebitda": 216283000, "ebitdaratio": 0.2959906064, "operatingIncome": 95215000, "operatingIncomeRatio": 0.1303049504, "totalOtherIncomeExpensesNet": 843000, "incomeBeforeTax": 97612000, "incomeBeforeTaxRatio": 0.133585326, "incomeTaxExpense": 38633000, "netIncome": 59072000, "netIncomeRatio": 0.0808420315, "eps": 0.99, "epsdiluted": 0.97, "weightedAverageShsOut": 60143760, "weightedAverageShsOutDil": 60779520, "link": "https://www.sec.gov/Archives/edgar/data/1492691/000095012311030355/0000950123-11-030355-index.htm", "finalLink": "https://www.sec.gov/Archives/edgar/data/1492691/000095012311030355/c14360e10vk.htm", "calculatedOtherExpenses": 145505000, "calculatedOperatingExpenses": 357506000, "calculatedNetInterest": -249575000, "calculatedOtherIncome": 251972000, "calculatedIncomeNonControlling": -93000, "calculatedEbitda": 166177000}, {"date": "2009-12-31", "symbol": "KNX", "reportedCurrency": "USD", "cik": "0001492691", "fillingDate": "2009-12-31", "acceptedDate": "2009-12-30 19:00:00", "calendarYear": "2009", "period": "FY", "revenue": 651721000, "costOfRevenue": 222926000, "grossProfit": 428795000, "grossProfitRatio": 0.6579425859, "researchAndDevelopmentExpenses": 0, "generalAndAdministrativeExpenses": 204222000, "sellingAndMarketingExpenses": 0, "sellingGeneralAndAdministrativeExpenses": 204222000, "otherExpenses": 98403000, "operatingExpenses": 302625000, "costAndExpenses": 525551000, "interestIncome": 1534000, "interestExpense": 0, "depreciationAndAmortization": 71444000, "ebitda": 197249000, "ebitdaratio": 0.302658653, "operatingIncome": 81996000, "operatingIncomeRatio": 0.125814574, "totalOtherIncomeExpensesNet": 365000, "incomeBeforeTax": 83895000, "incomeBeforeTaxRatio": 0.1287283976, "incomeTaxExpense": 33332000, "netIncome": 50563000, "netIncomeRatio": 0.0775838127, "eps": 0.85, "epsdiluted": 0.83, "weightedAverageShsOut": 59925600, "weightedAverageShsOutDil": 60215040, "link": "", "finalLink": "", "calculatedOtherExpenses": 142577000, "calculatedOperatingExpenses": 346799000, "calculatedNetInterest": 1534000, "calculatedOtherIncome": 365000, "calculatedIncomeNonControlling": 0, "calculatedEbitda": 153440000}, {"date": "2008-12-31", "symbol": "KNX", "reportedCurrency": "USD", "cik": "0001492691", "fillingDate": "2008-12-31", "acceptedDate": "2008-12-30 19:00:00", "calendarYear": "2008", "period": "FY", "revenue": 766935000, "costOfRevenue": 305348000, "grossProfit": 461587000, "grossProfitRatio": 0.6018593492, "researchAndDevelopmentExpenses": 0, "generalAndAdministrativeExpenses": 216812000, "sellingAndMarketingExpenses": 0, "sellingGeneralAndAdministrativeExpenses": 216812000, "otherExpenses": 99711000, "operatingExpenses": 316523000, "costAndExpenses": 621871000, "interestIncome": 1236000, "interestExpense": 0, "depreciationAndAmortization": 69821000, "ebitda": 163715000, "ebitdaratio": 0.213466591, "operatingIncome": 92658000, "operatingIncomeRatio": 0.1208159753, "totalOtherIncomeExpensesNet": 194000, "incomeBeforeTax": 94088000, "incomeBeforeTaxRatio": 0.1226805401, "incomeTaxExpense": 37827000, "netIncome": 56261000, "netIncomeRatio": 0.0733582377, "eps": 0.92, "epsdiluted": 0.92, "weightedAverageShsOut": 61446240, "weightedAverageShsOutDil": 61809120, "link": "", "finalLink": "", "calculatedOtherExpenses": 152117000, "calculatedOperatingExpenses": 368929000, "calculatedNetInterest": 1236000, "calculatedOtherIncome": 194000, "calculatedIncomeNonControlling": 0, "calculatedEbitda": 162479000}, {"date": "2007-12-31", "symbol": "KNX", "reportedCurrency": "USD", "cik": "0001492691", "fillingDate": "2007-12-31", "acceptedDate": "2007-12-30 19:00:00", "calendarYear": "2007", "period": "FY", "revenue": 713583000, "costOfRevenue": 328843000, "grossProfit": 384740000, "grossProfitRatio": 0.5391664319, "researchAndDevelopmentExpenses": 0, "generalAndAdministrativeExpenses": 234296000, "sellingAndMarketingExpenses": 0, "sellingGeneralAndAdministrativeExpenses": 234296000, "otherExpenses": 409285000, "operatingExpenses": 643581000, "costAndExpenses": 972424000, "interestIncome": 0, "interestExpense": 0, "depreciationAndAmortization": 65688000, "ebitda": -193821000, "ebitdaratio": -0.2716166164, "operatingIncome": 102442000, "operatingIncomeRatio": 0.1435600344, "totalOtherIncomeExpensesNet": 668000, "incomeBeforeTax": 104425000, "incomeBeforeTaxRatio": 0.1463389683, "incomeTaxExpense": 41302000, "netIncome": 63123000, "netIncomeRatio": 0.0884592262, "eps": 1.01, "epsdiluted": 1, "weightedAverageShsOut": 62201520, "weightedAverageShsOutDil": 62812800, "link": "", "finalLink": "", "calculatedOtherExpenses": 48002000, "calculatedOperatingExpenses": 282298000, "calculatedNetInterest": 0, "calculatedOtherIncome": 1983000, "calculatedIncomeNonControlling": 0, "calculatedEbitda": 168130000}, {"date": "2006-12-31", "symbol": "KNX", "reportedCurrency": "USD", "cik": "0001492691", "fillingDate": "2006-12-31", "acceptedDate": "2006-12-30 19:00:00", "calendarYear": "2006", "period": "FY", "revenue": 664407000, "costOfRevenue": 279471000, "grossProfit": 384936000, "grossProfitRatio": 0.579367767, "researchAndDevelopmentExpenses": 0, "generalAndAdministrativeExpenses": 217739000, "sellingAndMarketingExpenses": 0, "sellingGeneralAndAdministrativeExpenses": 217739000, "otherExpenses": 353365000, "operatingExpenses": 571104000, "costAndExpenses": 850575000, "interestIncome": 0, "interestExpense": 0, "depreciationAndAmortization": 60387000, "ebitda": -125068000, "ebitdaratio": -0.1882400396, "operatingIncome": 119492000, "operatingIncomeRatio": 0.1798475934, "totalOtherIncomeExpensesNet": -713000, "incomeBeforeTax": 119845000, "incomeBeforeTaxRatio": 0.1803788943, "incomeTaxExpense": 46879000, "netIncome": 72966000, "netIncomeRatio": 0.1098212391, "eps": 1.18, "epsdiluted": 1.17, "weightedAverageShsOut": 61777440, "weightedAverageShsOutDil": 62668800, "link": "", "finalLink": "", "calculatedOtherExpenses": 47705000, "calculatedOperatingExpenses": 265444000, "calculatedNetInterest": 0, "calculatedOtherIncome": 353000, "calculatedIncomeNonControlling": 0, "calculatedEbitda": 179879000}, {"date": "2005-12-31", "symbol": "KNX", "reportedCurrency": "USD", "cik": "0001492691", "fillingDate": "2005-12-31", "acceptedDate": "2005-12-30 19:00:00", "calendarYear": "2005", "period": "FY", "revenue": 566813000, "costOfRevenue": 229314000, "grossProfit": 337499000, "grossProfitRatio": 0.5954327088, "researchAndDevelopmentExpenses": 0, "generalAndAdministrativeExpenses": 213096000, "sellingAndMarketingExpenses": 0, "sellingGeneralAndAdministrativeExpenses": 213096000, "otherExpenses": 277181000, "operatingExpenses": 490277000, "costAndExpenses": 719591000, "interestIncome": 0, "interestExpense": 0, "depreciationAndAmortization": 52603000, "ebitda": -100536000, "ebitdaratio": -0.1773706672, "operatingIncome": 101695000, "operatingIncomeRatio": 0.1794154333, "totalOtherIncomeExpensesNet": 361000, "incomeBeforeTax": 102714000, "incomeBeforeTaxRatio": 0.1812132044, "incomeTaxExpense": 41000000, "netIncome": 61714000, "netIncomeRatio": 0.1088789424, "eps": 1, "epsdiluted": 0.99, "weightedAverageShsOut": 61417440, "weightedAverageShsOutDil": 62385840, "link": "", "finalLink": "", "calculatedOtherExpenses": 22708000, "calculatedOperatingExpenses": 235804000, "calculatedNetInterest": 0, "calculatedOtherIncome": 1019000, "calculatedIncomeNonControlling": 0, "calculatedEbitda": 154298000}, {"date": "2004-12-31", "symbol": "KNX", "reportedCurrency": "USD", "cik": "0001492691", "fillingDate": "2004-12-31", "acceptedDate": "2004-12-30 19:00:00", "calendarYear": "2004", "period": "FY", "revenue": 442288000, "costOfRevenue": 178551000, "grossProfit": 263737000, "grossProfitRatio": 0.5963015049, "researchAndDevelopmentExpenses": 0, "generalAndAdministrativeExpenses": 178460000, "sellingAndMarketingExpenses": 0, "sellingGeneralAndAdministrativeExpenses": 178460000, "otherExpenses": 206785000, "operatingExpenses": 385245000, "costAndExpenses": 563796000, "interestIncome": 0, "interestExpense": 0, "depreciationAndAmortization": 40755000, "ebitda": -80753000, "ebitdaratio": -0.1825801288, "operatingIncome": 79362000, "operatingIncomeRatio": 0.1794351192, "totalOtherIncomeExpensesNet": 398000, "incomeBeforeTax": 79760000, "incomeBeforeTaxRatio": 0.1803349853, "incomeTaxExpense": 31900000, "netIncome": 47860000, "netIncomeRatio": 0.1082100351, "eps": 0.79, "epsdiluted": 0.76, "weightedAverageShsOut": 60911280, "weightedAverageShsOutDil": 62250480, "link": "", "finalLink": "", "calculatedOtherExpenses": 5915000, "calculatedOperatingExpenses": 184375000, "calculatedNetInterest": 0, "calculatedOtherIncome": 398000, "calculatedIncomeNonControlling": 0, "calculatedEbitda": 120117000}, {"date": "2003-12-31", "symbol": "KNX", "reportedCurrency": "USD", "cik": "0001492691", "fillingDate": "2003-12-31", "acceptedDate": "2003-12-30 19:00:00", "calendarYear": "2003", "period": "FY", "revenue": 340069000, "costOfRevenue": 136650000, "grossProfit": 203419000, "grossProfitRatio": 0.5981697832, "researchAndDevelopmentExpenses": 0, "generalAndAdministrativeExpenses": 137872000, "sellingAndMarketingExpenses": 0, "sellingGeneralAndAdministrativeExpenses": 137872000, "otherExpenses": 159306000, "operatingExpenses": 297178000, "costAndExpenses": 433828000, "interestIncome": 0, "interestExpense": 0, "depreciationAndAmortization": 30066000, "ebitda": -63363000, "ebitdaratio": -0.1863239519, "operatingIncome": 59449000, "operatingIncomeRatio": 0.1748145229, "totalOtherIncomeExpensesNet": -330000, "incomeBeforeTax": 58798000, "incomeBeforeTaxRatio": 0.1729002055, "incomeTaxExpense": 23340000, "netIncome": 35458000, "netIncomeRatio": 0.1042670752, "eps": 0.58, "epsdiluted": 0.57, "weightedAverageShsOut": 60496200, "weightedAverageShsOutDil": 61945560, "link": "", "finalLink": "", "calculatedOtherExpenses": 6098000, "calculatedOperatingExpenses": 143970000, "calculatedNetInterest": 0, "calculatedOtherIncome": -651000, "calculatedIncomeNonControlling": 0, "calculatedEbitda": 89515000}, {"date": "2002-12-31", "symbol": "KNX", "reportedCurrency": "USD", "cik": "0001492691", "fillingDate": "2002-12-31", "acceptedDate": "2002-12-30 19:00:00", "calendarYear": "2002", "period": "FY", "revenue": 285790000, "costOfRevenue": 114430000, "grossProfit": 171360000, "grossProfitRatio": 0.5996011057, "researchAndDevelopmentExpenses": 0, "generalAndAdministrativeExpenses": 118350000, "sellingAndMarketingExpenses": 0, "sellingGeneralAndAdministrativeExpenses": 118350000, "otherExpenses": 132323000, "operatingExpenses": 250673000, "costAndExpenses": 365103000, "interestIncome": 0, "interestExpense": 0, "depreciationAndAmortization": 22887000, "ebitda": -56426000, "ebitdaratio": -0.1974386788, "operatingIncome": 47494000, "operatingIncomeRatio": 0.166184961, "totalOtherIncomeExpensesNet": -149000, "incomeBeforeTax": 47345000, "incomeBeforeTaxRatio": 0.1656635991, "incomeTaxExpense": 19410000, "netIncome": 27935000, "netIncomeRatio": 0.0977465972, "eps": 0.46, "epsdiluted": 0.45, "weightedAverageShsOut": 59959440, "weightedAverageShsOutDil": 61606980, "link": "", "finalLink": "", "calculatedOtherExpenses": 5516000, "calculatedOperatingExpenses": 123866000, "calculatedNetInterest": 0, "calculatedOtherIncome": -149000, "calculatedIncomeNonControlling": 0, "calculatedEbitda": 70381000}, {"date": "2001-12-31", "symbol": "KNX", "reportedCurrency": "USD", "cik": "0001492691", "fillingDate": "2001-12-31", "acceptedDate": "2001-12-30 19:00:00", "calendarYear": "2001", "period": "FY", "revenue": 250818733, "costOfRevenue": 104034160, "grossProfit": 146784573, "grossProfitRatio": 0.5852217306, "researchAndDevelopmentExpenses": 0, "generalAndAdministrativeExpenses": 102238123, "sellingAndMarketingExpenses": 0, "sellingGeneralAndAdministrativeExpenses": 102238123, "otherExpenses": 119258819, "operatingExpenses": 221496942, "costAndExpenses": 325531102, "interestIncome": 0, "interestExpense": 0, "depreciationAndAmortization": 18416513, "ebitda": -50616856, "ebitdaratio": -0.2018065214, "operatingIncome": 39551483, "operatingIncomeRatio": 0.1576895096, "totalOtherIncomeExpensesNet": -5679000, "incomeBeforeTax": 32066534, "incomeBeforeTaxRatio": 0.1278474443, "incomeTaxExpense": 13050000, "netIncome": 19016534, "netIncomeRatio": 0.0758178377, "eps": 0.34, "epsdiluted": 0.33, "weightedAverageShsOut": 55525673, "weightedAverageShsOutDil": 56935616, "link": "", "finalLink": "", "calculatedOtherExpenses": 4994967, "calculatedOperatingExpenses": 107233090, "calculatedNetInterest": 0, "calculatedOtherIncome": -7484949, "calculatedIncomeNonControlling": 0, "calculatedEbitda": 57967996}, {"date": "2000-12-31", "symbol": "KNX", "reportedCurrency": "USD", "cik": "0001492691", "fillingDate": "2000-12-31", "acceptedDate": "2000-12-30 19:00:00", "calendarYear": "2000", "period": "FY", "revenue": 216858875, "costOfRevenue": 79543743, "grossProfit": 137315132, "grossProfitRatio": 0.6332004259, "researchAndDevelopmentExpenses": 0, "generalAndAdministrativeExpenses": 78931493, "sellingAndMarketingExpenses": 0, "sellingGeneralAndAdministrativeExpenses": 78931493, "otherExpenses": 110773173, "operatingExpenses": 189704666, "costAndExpenses": 269248409, "interestIncome": 0, "interestExpense": 0, "depreciationAndAmortization": 19131183, "ebitda": -32970851, "ebitdaratio": -0.152038283, "operatingIncome": 32023375, "operatingIncomeRatio": 0.1476691927, "totalOtherIncomeExpensesNet": -287500, "incomeBeforeTax": 28605186, "incomeBeforeTaxRatio": 0.1319069187, "incomeTaxExpense": 10860000, "netIncome": 17745186, "netIncomeRatio": 0.0818282673, "eps": 0.33, "epsdiluted": 0.33, "weightedAverageShsOut": 54123649, "weightedAverageShsOutDil": 54708064, "link": "", "finalLink": "", "calculatedOtherExpenses": 26360264, "calculatedOperatingExpenses": 105291757, "calculatedNetInterest": 0, "calculatedOtherIncome": -3418189, "calculatedIncomeNonControlling": 0, "calculatedEbitda": 51154558}, {"date": "1999-12-31", "symbol": "KNX", "reportedCurrency": "USD", "cik": "0001492691", "fillingDate": "1999-12-31", "acceptedDate": "1999-12-30 19:00:00", "calendarYear": "1999", "period": "FY", "revenue": 151489829, "costOfRevenue": 61065349, "grossProfit": 90424480, "grossProfitRatio": 0.5969013273, "researchAndDevelopmentExpenses": 0, "generalAndAdministrativeExpenses": 52698996, "sellingAndMarketingExpenses": 0, "sellingGeneralAndAdministrativeExpenses": 52698996, "otherExpenses": 76885930, "operatingExpenses": 129584926, "costAndExpenses": 190650275, "interestIncome": 0, "interestExpense": 0, "depreciationAndAmortization": 14179613, "ebitda": -24980833, "ebitdaratio": -0.1649010575, "operatingIncome": 25910014, "operatingIncomeRatio": 0.1710346772, "totalOtherIncomeExpensesNet": -296114, "incomeBeforeTax": 25613900, "incomeBeforeTaxRatio": 0.1690799981, "incomeTaxExpense": 10150000, "netIncome": 15463900, "netIncomeRatio": 0.1020788003, "eps": 0.28, "epsdiluted": 0.28, "weightedAverageShsOut": 54639129, "weightedAverageShsOutDil": 55522662, "link": "", "finalLink": "", "calculatedOtherExpenses": 11815470, "calculatedOperatingExpenses": 64514466, "calculatedNetInterest": 0, "calculatedOtherIncome": -296114, "calculatedIncomeNonControlling": 0, "calculatedEbitda": 40089627}, {"date": "1998-12-31", "symbol": "KNX", "reportedCurrency": "USD", "cik": "0001492691", "fillingDate": "1998-12-31", "acceptedDate": "1998-12-30 19:00:00", "calendarYear": "1998", "period": "FY", "revenue": 125030245, "costOfRevenue": 48475423, "grossProfit": 76554822, "grossProfitRatio": 0.6122904262, "researchAndDevelopmentExpenses": 0, "generalAndAdministrativeExpenses": 42075144, "sellingAndMarketingExpenses": 0, "sellingGeneralAndAdministrativeExpenses": 42075144, "otherExpenses": 63066093, "operatingExpenses": 105141237, "costAndExpenses": 153616660, "interestIncome": 0, "interestExpense": 0, "depreciationAndAmortization": 12446438, "ebitda": -16139977, "ebitdaratio": -0.1290885817, "operatingIncome": 22981177, "operatingIncomeRatio": 0.1838049426, "totalOtherIncomeExpensesNet": -259035, "incomeBeforeTax": 22722142, "incomeBeforeTaxRatio": 0.1817331638, "incomeTaxExpense": 9376000, "netIncome": 13346142, "netIncomeRatio": 0.1067433084, "eps": 0.24, "epsdiluted": 0.24, "weightedAverageShsOut": 54561884, "weightedAverageShsOutDil": 55633142, "link": "", "finalLink": "", "calculatedOtherExpenses": 11498501, "calculatedOperatingExpenses": 53573645, "calculatedNetInterest": 0, "calculatedOtherIncome": -259035, "calculatedIncomeNonControlling": 0, "calculatedEbitda": 35427615}, {"date": "1997-12-31", "symbol": "KNX", "reportedCurrency": "USD", "cik": "0001492691", "fillingDate": "1997-12-31", "acceptedDate": "1997-12-30 19:00:00", "calendarYear": "1997", "period": "FY", "revenue": 99428693, "costOfRevenue": 40283554, "grossProfit": 59145139, "grossProfitRatio": 0.5948498086, "researchAndDevelopmentExpenses": 0, "generalAndAdministrativeExpenses": 33039719, "sellingAndMarketingExpenses": 0, "sellingGeneralAndAdministrativeExpenses": 33039719, "otherExpenses": 51433445, "operatingExpenses": 84473164, "costAndExpenses": 124756718, "interestIncome": 0, "interestExpense": 0, "depreciationAndAmortization": 9560569, "ebitda": -15767456, "ebitdaratio": -0.1585805417, "operatingIncome": 17480352, "operatingIncomeRatio": 0.175807923, "totalOtherIncomeExpensesNet": -17829, "incomeBeforeTax": 17462523, "incomeBeforeTaxRatio": 0.1756286085, "incomeTaxExpense": 7211000, "netIncome": 10251523, "netIncomeRatio": 0.1031042719, "eps": 0.025, "epsdiluted": 0.0246, "weightedAverageShsOut": 417842484, "weightedAverageShsOutDil": 419450334, "link": "", "finalLink": "", "calculatedOtherExpenses": 8625068, "calculatedOperatingExpenses": 41664787, "calculatedNetInterest": 0, "calculatedOtherIncome": -17829, "calculatedIncomeNonControlling": 0, "calculatedEbitda": 27040921}, {"date": "1996-12-31", "symbol": "KNX", "reportedCurrency": "USD", "cik": "0001492691", "fillingDate": "1996-12-31", "acceptedDate": "1996-12-30 19:00:00", "calendarYear": "1996", "period": "FY", "revenue": 77503786, "costOfRevenue": 31589451, "grossProfit": 45914335, "grossProfitRatio": 0.5924140919, "researchAndDevelopmentExpenses": 0, "generalAndAdministrativeExpenses": 27858072, "sellingAndMarketingExpenses": 0, "sellingGeneralAndAdministrativeExpenses": 27858072, "otherExpenses": 39309269, "operatingExpenses": 67167341, "costAndExpenses": 98756792, "interestIncome": 0, "interestExpense": 0, "depreciationAndAmortization": 7520905, "ebitda": -13732101, "ebitdaratio": -0.1771797445, "operatingIncome": 13156531, "operatingIncomeRatio": 0.1697533976, "totalOtherIncomeExpensesNet": -346474, "incomeBeforeTax": 12810057, "incomeBeforeTaxRatio": 0.1652829837, "incomeTaxExpense": 5300000, "netIncome": 7510057, "netIncomeRatio": 0.0968992276, "eps": 0.14, "epsdiluted": 0.14, "weightedAverageShsOut": 260466970, "weightedAverageShsOutDil": 260466970, "link": "", "finalLink": "", "calculatedOtherExpenses": 4899732, "calculatedOperatingExpenses": 32757804, "calculatedNetInterest": 0, "calculatedOtherIncome": -346474, "calculatedIncomeNonControlling": 0, "calculatedEbitda": 20677436}, {"date": "1995-12-31", "symbol": "KNX", "reportedCurrency": "USD", "cik": "0001492691", "fillingDate": "1995-12-31", "acceptedDate": "1995-12-30 19:00:00", "calendarYear": "1995", "period": "FY", "revenue": 56170279, "costOfRevenue": 21637747, "grossProfit": 34532532, "grossProfitRatio": 0.6147829887, "researchAndDevelopmentExpenses": 0, "generalAndAdministrativeExpenses": 20554679, "sellingAndMarketingExpenses": 0, "sellingGeneralAndAdministrativeExpenses": 20554679, "otherExpenses": 5141831, "operatingExpenses": 25696510, "costAndExpenses": 47334257, "interestIncome": 0, "interestExpense": 0, "depreciationAndAmortization": -5416390, "ebitda": 14252412, "ebitdaratio": 0.2537358235, "operatingIncome": 8836022, "operatingIncomeRatio": 0.1573077819, "totalOtherIncomeExpensesNet": 1569673, "incomeBeforeTax": 10405695, "incomeBeforeTaxRatio": 0.185252685, "incomeTaxExpense": 4600000, "netIncome": 5805695, "netIncomeRatio": 0.1033588421, "eps": 0.0156, "epsdiluted": 0.0156, "weightedAverageShsOut": 252515202, "weightedAverageShsOutDil": 252515202, "link": "", "finalLink": "", "calculatedOtherExpenses": 5141831, "calculatedOperatingExpenses": 25696510, "calculatedNetInterest": 0, "calculatedOtherIncome": 1569673, "calculatedIncomeNonControlling": 0, "calculatedEbitda": 3419632}, {"date": "1994-12-31", "symbol": "KNX", "reportedCurrency": "USD", "cik": "0001492691", "fillingDate": "1994-12-31", "acceptedDate": "1994-12-30 19:00:00", "calendarYear": "1994", "period": "FY", "revenue": 37542888, "costOfRevenue": 10814989, "grossProfit": 26727899, "grossProfitRatio": 0.7119297535, "researchAndDevelopmentExpenses": 0, "generalAndAdministrativeExpenses": 16360690, "sellingAndMarketingExpenses": 0, "sellingGeneralAndAdministrativeExpenses": 16360690, "otherExpenses": 3469560, "operatingExpenses": 19830250, "costAndExpenses": 30645239, "interestIncome": 0, "interestExpense": 0, "depreciationAndAmortization": -4105079, "ebitda": 11002728, "ebitdaratio": 0.2930709007, "operatingIncome": 6897649, "operatingIncomeRatio": 0.1837271816, "totalOtherIncomeExpensesNet": 479904, "incomeBeforeTax": 7377553, "incomeBeforeTaxRatio": 0.1965100021, "incomeTaxExpense": 3283000, "netIncome": 4094553, "netIncomeRatio": 0.1090633464, "eps": 0.0119, "epsdiluted": 0.0119, "weightedAverageShsOut": 231360247, "weightedAverageShsOutDil": 231360247, "link": "", "finalLink": "", "calculatedOtherExpenses": 3469560, "calculatedOperatingExpenses": 19830250, "calculatedNetInterest": 0, "calculatedOtherIncome": 479904, "calculatedIncomeNonControlling": 0, "calculatedEbitda": 2792570}]}