{"originalCurrency": "USD", "convertedCurrency": "USD", "report": [{"date": "2023-12-31", "symbol": "KO", "reportedCurrency": "USD", "cik": "0000021344", "fillingDate": "2024-02-20", "acceptedDate": "2024-02-20 13:21:24", "calendarYear": "2023", "period": "FY", "revenue": 45754000000, "costOfRevenue": 18520000000, "grossProfit": 27234000000, "grossProfitRatio": 0.5952266469, "researchAndDevelopmentExpenses": 0, "generalAndAdministrativeExpenses": 321000000, "sellingAndMarketingExpenses": 7609000000, "sellingGeneralAndAdministrativeExpenses": 13972000000, "otherExpenses": -1951000000, "operatingExpenses": 15923000000, "costAndExpenses": 34443000000, "interestIncome": 907000000, "interestExpense": 1527000000, "depreciationAndAmortization": 1128000000, "ebitda": 12439000000, "ebitdaratio": 0.2718669406, "operatingIncome": 11311000000, "operatingIncomeRatio": 0.2472133584, "totalOtherIncomeExpensesNet": 1641000000, "incomeBeforeTax": 12952000000, "incomeBeforeTaxRatio": 0.2830790751, "incomeTaxExpense": 2249000000, "netIncome": 10714000000, "netIncomeRatio": 0.2341653189, "eps": 2.48, "epsdiluted": 2.47, "weightedAverageShsOut": 4323000000, "weightedAverageShsOutDil": 4339000000, "link": "https://www.sec.gov/Archives/edgar/data/21344/000002134424000009/0000021344-24-000009-index.htm", "finalLink": "https://www.sec.gov/Archives/edgar/data/21344/000002134424000009/ko-20231231.htm", "calculatedOtherExpenses": 1951000000, "calculatedOperatingExpenses": 15923000000, "calculatedNetInterest": -620000000, "calculatedOtherIncome": 2261000000, "calculatedIncomeNonControlling": -11000000, "calculatedEbitda": 12439000000}, {"date": "2022-12-31", "symbol": "KO", "reportedCurrency": "USD", "cik": "0000021344", "fillingDate": "2023-02-21", "acceptedDate": "2023-02-21 16:03:20", "calendarYear": "2022", "period": "FY", "revenue": 43004000000, "costOfRevenue": 18000000000, "grossProfit": 25004000000, "grossProfitRatio": 0.5814342852, "researchAndDevelopmentExpenses": 0, "generalAndAdministrativeExpenses": 356000000, "sellingAndMarketingExpenses": 7086000000, "sellingGeneralAndAdministrativeExpenses": 12880000000, "otherExpenses": 1215000000, "operatingExpenses": 14095000000, "costAndExpenses": 32095000000, "interestIncome": 449000000, "interestExpense": 882000000, "depreciationAndAmortization": 2919000000, "ebitda": 13828000000, "ebitdaratio": 0.3215514836, "operatingIncome": 10909000000, "operatingIncomeRatio": 0.2536740768, "totalOtherIncomeExpensesNet": 777000000, "incomeBeforeTax": 11686000000, "incomeBeforeTaxRatio": 0.2717421635, "incomeTaxExpense": 2115000000, "netIncome": 9542000000, "netIncomeRatio": 0.2218863362, "eps": 2.2, "epsdiluted": 2.19, "weightedAverageShsOut": 4328000000, "weightedAverageShsOutDil": 4350000000, "link": "https://www.sec.gov/Archives/edgar/data/21344/000002134423000011/0000021344-23-000011-index.htm", "finalLink": "https://www.sec.gov/Archives/edgar/data/21344/000002134423000011/ko-20221231.htm", "calculatedOtherExpenses": 1215000000, "calculatedOperatingExpenses": 14095000000, "calculatedNetInterest": -433000000, "calculatedOtherIncome": 1210000000, "calculatedIncomeNonControlling": 29000000, "calculatedEbitda": 13828000000}, {"date": "2021-12-31", "symbol": "KO", "reportedCurrency": "USD", "cik": "0000021344", "fillingDate": "2022-02-22", "acceptedDate": "2022-02-22 15:45:48", "calendarYear": "2021", "period": "FY", "revenue": 38655000000, "costOfRevenue": 15357000000, "grossProfit": 23298000000, "grossProfitRatio": 0.6027163368, "researchAndDevelopmentExpenses": 0, "generalAndAdministrativeExpenses": 337000000, "sellingAndMarketingExpenses": 6672000000, "sellingGeneralAndAdministrativeExpenses": 12144000000, "otherExpenses": 846000000, "operatingExpenses": 12990000000, "costAndExpenses": 28347000000, "interestIncome": 276000000, "interestExpense": 1597000000, "depreciationAndAmortization": 1452000000, "ebitda": 16205000000, "ebitdaratio": 0.4192213168, "operatingIncome": 10308000000, "operatingIncomeRatio": 0.2666666667, "totalOtherIncomeExpensesNet": -1597000000, "incomeBeforeTax": 12425000000, "incomeBeforeTaxRatio": 0.321433191, "incomeTaxExpense": 2621000000, "netIncome": 9771000000, "netIncomeRatio": 0.252774544, "eps": 2.26, "epsdiluted": 2.25, "weightedAverageShsOut": 4315000000, "weightedAverageShsOutDil": 4340000000, "link": "https://www.sec.gov/Archives/edgar/data/21344/000002134422000009/0000021344-22-000009-index.htm", "finalLink": "https://www.sec.gov/Archives/edgar/data/21344/000002134422000009/ko-20211231.htm", "calculatedOtherExpenses": 846000000, "calculatedOperatingExpenses": 12990000000, "calculatedNetInterest": -1321000000, "calculatedOtherIncome": 3438000000, "calculatedIncomeNonControlling": 33000000, "calculatedEbitda": 11760000000}, {"date": "2020-12-31", "symbol": "KO", "reportedCurrency": "USD", "cik": "0000021344", "fillingDate": "2021-02-25", "acceptedDate": "2021-02-25 13:47:17", "calendarYear": "2020", "period": "FY", "revenue": 33014000000, "costOfRevenue": 13433000000, "grossProfit": 19581000000, "grossProfitRatio": 0.5931120131, "researchAndDevelopmentExpenses": 0, "generalAndAdministrativeExpenses": 126000000, "sellingAndMarketingExpenses": 5415000000, "sellingGeneralAndAdministrativeExpenses": 9731000000, "otherExpenses": 853000000, "operatingExpenses": 10584000000, "costAndExpenses": 24017000000, "interestIncome": 370000000, "interestExpense": 1437000000, "depreciationAndAmortization": 3725000000, "ebitda": 12722000000, "ebitdaratio": 0.385351669, "operatingIncome": 8997000000, "operatingIncomeRatio": 0.2725207488, "totalOtherIncomeExpensesNet": 752000000, "incomeBeforeTax": 9749000000, "incomeBeforeTaxRatio": 0.2952989641, "incomeTaxExpense": 1981000000, "netIncome": 7747000000, "netIncomeRatio": 0.2346580239, "eps": 1.8, "epsdiluted": 1.79, "weightedAverageShsOut": 4295000000, "weightedAverageShsOutDil": 4323000000, "link": "https://www.sec.gov/Archives/edgar/data/21344/000002134421000008/0000021344-21-000008-index.htm", "finalLink": "https://www.sec.gov/Archives/edgar/data/21344/000002134421000008/ko-20201231.htm", "calculatedOtherExpenses": 853000000, "calculatedOperatingExpenses": 10584000000, "calculatedNetInterest": -1067000000, "calculatedOtherIncome": 1819000000, "calculatedIncomeNonControlling": 21000000, "calculatedEbitda": 12722000000}, {"date": "2019-12-31", "symbol": "KO", "reportedCurrency": "USD", "cik": "0000021344", "fillingDate": "2020-02-24", "acceptedDate": "2020-02-24 16:08:17", "calendarYear": "2019", "period": "FY", "revenue": 37266000000, "costOfRevenue": 14619000000, "grossProfit": 22647000000, "grossProfitRatio": 0.6077121237, "researchAndDevelopmentExpenses": 0, "generalAndAdministrativeExpenses": 201000000, "sellingAndMarketingExpenses": 7119000000, "sellingGeneralAndAdministrativeExpenses": 12103000000, "otherExpenses": 458000000, "operatingExpenses": 12561000000, "costAndExpenses": 27180000000, "interestIncome": 563000000, "interestExpense": 946000000, "depreciationAndAmortization": 3011000000, "ebitda": 13097000000, "ebitdaratio": 0.3514463586, "operatingIncome": 10086000000, "operatingIncomeRatio": 0.2706488488, "totalOtherIncomeExpensesNet": 700000000, "incomeBeforeTax": 10786000000, "incomeBeforeTaxRatio": 0.2894327269, "incomeTaxExpense": 1801000000, "netIncome": 8920000000, "netIncomeRatio": 0.2393602748, "eps": 2.09, "epsdiluted": 2.07, "weightedAverageShsOut": 4276000000, "weightedAverageShsOutDil": 4314000000, "link": "https://www.sec.gov/Archives/edgar/data/21344/000002134420000006/0000021344-20-000006-index.htm", "finalLink": "https://www.sec.gov/Archives/edgar/data/21344/000002134420000006/a2019123110-k.htm", "calculatedOtherExpenses": 458000000, "calculatedOperatingExpenses": 12561000000, "calculatedNetInterest": -383000000, "calculatedOtherIncome": 1083000000, "calculatedIncomeNonControlling": 65000000, "calculatedEbitda": 13097000000}, {"date": "2018-12-31", "symbol": "KO", "reportedCurrency": "USD", "cik": "0000021344", "fillingDate": "2019-02-21", "acceptedDate": "2019-02-21 16:55:42", "calendarYear": "2018", "period": "FY", "revenue": 34300000000, "costOfRevenue": 13067000000, "grossProfit": 21233000000, "grossProfitRatio": 0.6190379009, "researchAndDevelopmentExpenses": 0, "generalAndAdministrativeExpenses": 225000000, "sellingAndMarketingExpenses": 6295000000, "sellingGeneralAndAdministrativeExpenses": 6520000000, "otherExpenses": -1674000000, "operatingExpenses": 12081000000, "costAndExpenses": 25148000000, "interestIncome": 689000000, "interestExpense": 950000000, "depreciationAndAmortization": 1086000000, "ebitda": 10261000000, "ebitdaratio": 0.299154519, "operatingIncome": 9152000000, "operatingIncomeRatio": 0.2668221574, "totalOtherIncomeExpensesNet": -666000000, "incomeBeforeTax": 8225000000, "incomeBeforeTaxRatio": 0.2397959184, "incomeTaxExpense": 1749000000, "netIncome": 6434000000, "netIncomeRatio": 0.1875801749, "eps": 1.51, "epsdiluted": 1.5, "weightedAverageShsOut": 4259000000, "weightedAverageShsOutDil": 4299000000, "link": "https://www.sec.gov/Archives/edgar/data/21344/000002134419000014/0000021344-19-000014-index.htm", "finalLink": "https://www.sec.gov/Archives/edgar/data/21344/000002134419000014/a2018123110-k.htm", "calculatedOtherExpenses": 5561000000, "calculatedOperatingExpenses": 12081000000, "calculatedNetInterest": -261000000, "calculatedOtherIncome": -666000000, "calculatedIncomeNonControlling": 42000000, "calculatedEbitda": 10238000000}, {"date": "2017-12-31", "symbol": "KO", "reportedCurrency": "USD", "cik": "0000021344", "fillingDate": "2018-02-23", "acceptedDate": "2018-02-23 11:20:20", "calendarYear": "2017", "period": "FY", "revenue": 35410000000, "costOfRevenue": 13256000000, "grossProfit": 22154000000, "grossProfitRatio": 0.6256424739, "researchAndDevelopmentExpenses": 0, "generalAndAdministrativeExpenses": 219000000, "sellingAndMarketingExpenses": 7215000000, "sellingGeneralAndAdministrativeExpenses": 12496000000, "otherExpenses": -1666000000, "operatingExpenses": 14653000000, "costAndExpenses": 27909000000, "interestIncome": 677000000, "interestExpense": 841000000, "depreciationAndAmortization": 1260000000, "ebitda": 8843000000, "ebitdaratio": 0.2497317142, "operatingIncome": 7501000000, "operatingIncomeRatio": 0.2118328156, "totalOtherIncomeExpensesNet": -595000000, "incomeBeforeTax": 6742000000, "incomeBeforeTaxRatio": 0.1903981926, "incomeTaxExpense": 5560000000, "netIncome": 1248000000, "netIncomeRatio": 0.0352442813, "eps": 0.29, "epsdiluted": 0.29, "weightedAverageShsOut": 4272000000, "weightedAverageShsOutDil": 4324000000, "link": "https://www.sec.gov/Archives/edgar/data/21344/000002134418000008/0000021344-18-000008-index.htm", "finalLink": "https://www.sec.gov/Archives/edgar/data/21344/000002134418000008/a2017123110-k.htm", "calculatedOtherExpenses": 2157000000, "calculatedOperatingExpenses": 14653000000, "calculatedNetInterest": -164000000, "calculatedOtherIncome": -595000000, "calculatedIncomeNonControlling": -66000000, "calculatedEbitda": 8761000000}, {"date": "2016-12-31", "symbol": "KO", "reportedCurrency": "USD", "cik": "0000021344", "fillingDate": "2017-02-24", "acceptedDate": "2017-02-24 11:34:47", "calendarYear": "2016", "period": "FY", "revenue": 41863000000, "costOfRevenue": 16465000000, "grossProfit": 25398000000, "grossProfitRatio": 0.6066932614, "researchAndDevelopmentExpenses": 0, "generalAndAdministrativeExpenses": 258000000, "sellingAndMarketingExpenses": 9181000000, "sellingGeneralAndAdministrativeExpenses": 15262000000, "otherExpenses": -1234000000, "operatingExpenses": 16772000000, "costAndExpenses": 33237000000, "interestIncome": 642000000, "interestExpense": 733000000, "depreciationAndAmortization": 1787000000, "ebitda": 10656000000, "ebitdaratio": 0.2545445859, "operatingIncome": 8626000000, "operatingIncomeRatio": 0.2060530779, "totalOtherIncomeExpensesNet": -399000000, "incomeBeforeTax": 8136000000, "incomeBeforeTaxRatio": 0.1943482311, "incomeTaxExpense": 1586000000, "netIncome": 6527000000, "netIncomeRatio": 0.1559133364, "eps": 1.51, "epsdiluted": 1.49, "weightedAverageShsOut": 4317000000, "weightedAverageShsOutDil": 4367000000, "link": "https://www.sec.gov/Archives/edgar/data/21344/000002134417000009/0000021344-17-000009-index.htm", "finalLink": "https://www.sec.gov/Archives/edgar/data/21344/000002134417000009/a2016123110-k.htm", "calculatedOtherExpenses": 1510000000, "calculatedOperatingExpenses": 16772000000, "calculatedNetInterest": -91000000, "calculatedOtherIncome": -399000000, "calculatedIncomeNonControlling": 23000000, "calculatedEbitda": 10413000000}, {"date": "2015-12-31", "symbol": "KO", "reportedCurrency": "USD", "cik": "0000021344", "fillingDate": "2016-02-25", "acceptedDate": "2016-02-25 14:48:38", "calendarYear": "2015", "period": "FY", "revenue": 44294000000, "costOfRevenue": 17482000000, "grossProfit": 26812000000, "grossProfitRatio": 0.6053190048, "researchAndDevelopmentExpenses": 0, "generalAndAdministrativeExpenses": 236000000, "sellingAndMarketingExpenses": 10001000000, "sellingGeneralAndAdministrativeExpenses": 10237000000, "otherExpenses": 631000000, "operatingExpenses": 18084000000, "costAndExpenses": 35566000000, "interestIncome": 613000000, "interestExpense": 856000000, "depreciationAndAmortization": 1970000000, "ebitda": 12431000000, "ebitdaratio": 0.2806474918, "operatingIncome": 8728000000, "operatingIncomeRatio": 0.1970470041, "totalOtherIncomeExpensesNet": 1120000000, "incomeBeforeTax": 9605000000, "incomeBeforeTaxRatio": 0.2168465255, "incomeTaxExpense": 2239000000, "netIncome": 7351000000, "netIncomeRatio": 0.1659592721, "eps": 1.69, "epsdiluted": 1.67, "weightedAverageShsOut": 4352000000, "weightedAverageShsOutDil": 4405000000, "link": "https://www.sec.gov/Archives/edgar/data/21344/000002134416000050/0000021344-16-000050-index.htm", "finalLink": "https://www.sec.gov/Archives/edgar/data/21344/000002134416000050/a2015123110-k.htm", "calculatedOtherExpenses": 7847000000, "calculatedOperatingExpenses": 18084000000, "calculatedNetInterest": -243000000, "calculatedOtherIncome": 1120000000, "calculatedIncomeNonControlling": 15000000, "calculatedEbitda": 10698000000}, {"date": "2014-12-31", "symbol": "KO", "reportedCurrency": "USD", "cik": "0000021344", "fillingDate": "2015-02-25", "acceptedDate": "2015-02-25 15:11:06", "calendarYear": "2014", "period": "FY", "revenue": 45998000000, "costOfRevenue": 17889000000, "grossProfit": 28109000000, "grossProfitRatio": 0.6110917866, "researchAndDevelopmentExpenses": 0, "generalAndAdministrativeExpenses": 209000000, "sellingAndMarketingExpenses": 11880000000, "sellingGeneralAndAdministrativeExpenses": 17218000000, "otherExpenses": -1263000000, "operatingExpenses": 18401000000, "costAndExpenses": 36290000000, "interestIncome": 594000000, "interestExpense": 483000000, "depreciationAndAmortization": 1976000000, "ebitda": 11784000000, "ebitdaratio": 0.2561850515, "operatingIncome": 9708000000, "operatingIncomeRatio": 0.2110526545, "totalOtherIncomeExpensesNet": -494000000, "incomeBeforeTax": 9325000000, "incomeBeforeTaxRatio": 0.2027262055, "incomeTaxExpense": 2201000000, "netIncome": 7098000000, "netIncomeRatio": 0.154311057, "eps": 1.62, "epsdiluted": 1.6, "weightedAverageShsOut": 4387000000, "weightedAverageShsOutDil": 4450000000, "link": "https://www.sec.gov/Archives/edgar/data/21344/000002134415000005/0000021344-15-000005-index.htm", "finalLink": "https://www.sec.gov/Archives/edgar/data/21344/000002134415000005/a2014123110-k.htm", "calculatedOtherExpenses": 1183000000, "calculatedOperatingExpenses": 18401000000, "calculatedNetInterest": 111000000, "calculatedOtherIncome": -494000000, "calculatedIncomeNonControlling": 26000000, "calculatedEbitda": 11684000000}, {"date": "2013-12-31", "symbol": "KO", "reportedCurrency": "USD", "cik": "0000021344", "fillingDate": "2014-02-27", "acceptedDate": "2014-02-27 13:24:23", "calendarYear": "2013", "period": "FY", "revenue": 46854000000, "costOfRevenue": 18421000000, "grossProfit": 28433000000, "grossProfitRatio": 0.6068425321, "researchAndDevelopmentExpenses": 0, "generalAndAdministrativeExpenses": 227000000, "sellingAndMarketingExpenses": 11776000000, "sellingGeneralAndAdministrativeExpenses": 17310000000, "otherExpenses": 576000000, "operatingExpenses": 18205000000, "costAndExpenses": 36626000000, "interestIncome": 534000000, "interestExpense": 463000000, "depreciationAndAmortization": 1977000000, "ebitda": 13917000000, "ebitdaratio": 0.297029069, "operatingIncome": 10228000000, "operatingIncomeRatio": 0.2182951296, "totalOtherIncomeExpensesNet": 1178000000, "incomeBeforeTax": 11477000000, "incomeBeforeTaxRatio": 0.2449524053, "incomeTaxExpense": 2851000000, "netIncome": 8584000000, "netIncomeRatio": 0.1832074103, "eps": 1.94, "epsdiluted": 1.9, "weightedAverageShsOut": 4434000000, "weightedAverageShsOutDil": 4509000000, "link": "https://www.sec.gov/Archives/edgar/data/21344/000002134414000008/0000021344-14-000008-index.htm", "finalLink": "https://www.sec.gov/Archives/edgar/data/21344/000002134414000008/a2013123110-k.htm", "calculatedOtherExpenses": 895000000, "calculatedOperatingExpenses": 18205000000, "calculatedNetInterest": 71000000, "calculatedOtherIncome": 1178000000, "calculatedIncomeNonControlling": 42000000, "calculatedEbitda": 12205000000}, {"date": "2012-12-31", "symbol": "KO", "reportedCurrency": "USD", "cik": "0000021344", "fillingDate": "2013-02-27", "acceptedDate": "2013-02-27 12:22:03", "calendarYear": "2012", "period": "FY", "revenue": 48017000000, "costOfRevenue": 19053000000, "grossProfit": 28964000000, "grossProfitRatio": 0.6032030323, "researchAndDevelopmentExpenses": 0, "generalAndAdministrativeExpenses": 259000000, "sellingAndMarketingExpenses": 12247000000, "sellingGeneralAndAdministrativeExpenses": 17738000000, "otherExpenses": 137000000, "operatingExpenses": 18185000000, "costAndExpenses": 37238000000, "interestIncome": 471000000, "interestExpense": 397000000, "depreciationAndAmortization": 1982000000, "ebitda": 14188000000, "ebitdaratio": 0.2954786846, "operatingIncome": 10779000000, "operatingIncomeRatio": 0.2244829956, "totalOtherIncomeExpensesNet": 956000000, "incomeBeforeTax": 11809000000, "incomeBeforeTaxRatio": 0.2459337318, "incomeTaxExpense": 2723000000, "netIncome": 9019000000, "netIncomeRatio": 0.1878293105, "eps": 2, "epsdiluted": 1.97, "weightedAverageShsOut": 4504000000, "weightedAverageShsOutDil": 4584000000, "link": "https://www.sec.gov/Archives/edgar/data/21344/000002134413000007/0000021344-13-000007-index.htm", "finalLink": "https://www.sec.gov/Archives/edgar/data/21344/000002134413000007/a2012123110-k.htm", "calculatedOtherExpenses": 447000000, "calculatedOperatingExpenses": 18185000000, "calculatedNetInterest": 74000000, "calculatedOtherIncome": 956000000, "calculatedIncomeNonControlling": 67000000, "calculatedEbitda": 12761000000}, {"date": "2011-12-31", "symbol": "KO", "reportedCurrency": "USD", "cik": "0000021344", "fillingDate": "2012-02-23", "acceptedDate": "2012-02-23 14:07:28", "calendarYear": "2011", "period": "FY", "revenue": 46542000000, "costOfRevenue": 18216000000, "grossProfit": 28326000000, "grossProfitRatio": 0.6086115766, "researchAndDevelopmentExpenses": 0, "generalAndAdministrativeExpenses": 0, "sellingAndMarketingExpenses": 0, "sellingGeneralAndAdministrativeExpenses": 17440000000, "otherExpenses": 732000000, "operatingExpenses": 18172000000, "costAndExpenses": 36388000000, "interestIncome": 483000000, "interestExpense": 417000000, "depreciationAndAmortization": 1954000000, "ebitda": 13281000000, "ebitdaratio": 0.2853551631, "operatingIncome": 10154000000, "operatingIncomeRatio": 0.2181685359, "totalOtherIncomeExpensesNet": 1219000000, "incomeBeforeTax": 11439000000, "incomeBeforeTaxRatio": 0.245778007, "incomeTaxExpense": 2805000000, "netIncome": 8572000000, "netIncomeRatio": 0.1841777319, "eps": 1.89, "epsdiluted": 1.85, "weightedAverageShsOut": 4526000000, "weightedAverageShsOutDil": 4646000000, "link": "https://www.sec.gov/Archives/edgar/data/21344/000002134412000007/0000021344-12-000007-index.htm", "finalLink": "https://www.sec.gov/Archives/edgar/data/21344/000002134412000007/a2011123110-k.htm", "calculatedOtherExpenses": 732000000, "calculatedOperatingExpenses": 18172000000, "calculatedNetInterest": 66000000, "calculatedOtherIncome": 1219000000, "calculatedIncomeNonControlling": 62000000, "calculatedEbitda": 12108000000}, {"date": "2010-12-31", "symbol": "KO", "reportedCurrency": "USD", "cik": "0000021344", "fillingDate": "2011-02-28", "acceptedDate": "2011-02-28 11:29:34", "calendarYear": "2010", "period": "FY", "revenue": 35119000000, "costOfRevenue": 12693000000, "grossProfit": 22426000000, "grossProfitRatio": 0.6385717133, "researchAndDevelopmentExpenses": 0, "generalAndAdministrativeExpenses": 0, "sellingAndMarketingExpenses": 0, "sellingGeneralAndAdministrativeExpenses": 13158000000, "otherExpenses": 819000000, "operatingExpenses": 13977000000, "costAndExpenses": 26670000000, "interestIncome": 317000000, "interestExpense": 733000000, "depreciationAndAmortization": 1443000000, "ebitda": 11234000000, "ebitdaratio": 0.3198838236, "operatingIncome": 8449000000, "operatingIncomeRatio": 0.2405820211, "totalOtherIncomeExpensesNet": 6210000000, "incomeBeforeTax": 14243000000, "incomeBeforeTaxRatio": 0.4055639397, "incomeTaxExpense": 2384000000, "netIncome": 11809000000, "netIncomeRatio": 0.3362567271, "eps": 2.56, "epsdiluted": 2.53, "weightedAverageShsOut": 4616000000, "weightedAverageShsOutDil": 4666000000, "link": "https://www.sec.gov/Archives/edgar/data/21344/000104746911001506/0001047469-11-001506-index.htm", "finalLink": "https://www.sec.gov/Archives/edgar/data/21344/000104746911001506/a2202147z10-k.htm", "calculatedOtherExpenses": 819000000, "calculatedOperatingExpenses": 13977000000, "calculatedNetInterest": -416000000, "calculatedOtherIncome": 6210000000, "calculatedIncomeNonControlling": 50000000, "calculatedEbitda": 9892000000}, {"date": "2009-12-31", "symbol": "KO", "reportedCurrency": "USD", "cik": "0000021344", "fillingDate": "2010-02-26", "acceptedDate": "2010-02-26 09:39:34", "calendarYear": "2009", "period": "FY", "revenue": 30990000000, "costOfRevenue": 11088000000, "grossProfit": 19902000000, "grossProfitRatio": 0.6422071636, "researchAndDevelopmentExpenses": 0, "generalAndAdministrativeExpenses": 0, "sellingAndMarketingExpenses": 0, "sellingGeneralAndAdministrativeExpenses": 11358000000, "otherExpenses": 313000000, "operatingExpenses": 11671000000, "costAndExpenses": 22759000000, "interestIncome": 249000000, "interestExpense": 355000000, "depreciationAndAmortization": 1236000000, "ebitda": 10497000000, "ebitdaratio": 0.3387221684, "operatingIncome": 8231000000, "operatingIncomeRatio": 0.265601807, "totalOtherIncomeExpensesNet": 821000000, "incomeBeforeTax": 8946000000, "incomeBeforeTaxRatio": 0.2886737657, "incomeTaxExpense": 2040000000, "netIncome": 6824000000, "netIncomeRatio": 0.2202000645, "eps": 1.48, "epsdiluted": 1.47, "weightedAverageShsOut": 4628000000, "weightedAverageShsOutDil": 4658000000, "link": "https://www.sec.gov/Archives/edgar/data/21344/000104746910001476/0001047469-10-001476-index.htm", "finalLink": "https://www.sec.gov/Archives/edgar/data/21344/000104746910001476/a2195739z10-k.htm", "calculatedOtherExpenses": 313000000, "calculatedOperatingExpenses": 11671000000, "calculatedNetInterest": -106000000, "calculatedOtherIncome": 821000000, "calculatedIncomeNonControlling": 82000000, "calculatedEbitda": 9467000000}, {"date": "2008-12-31", "symbol": "KO", "reportedCurrency": "USD", "cik": "0000021344", "fillingDate": "2009-02-26", "acceptedDate": "2009-02-26 14:42:20", "calendarYear": "2008", "period": "FY", "revenue": 31944000000, "costOfRevenue": 11374000000, "grossProfit": 20570000000, "grossProfitRatio": 0.6439393939, "researchAndDevelopmentExpenses": 0, "generalAndAdministrativeExpenses": 0, "sellingAndMarketingExpenses": 0, "sellingGeneralAndAdministrativeExpenses": 11774000000, "otherExpenses": 350000000, "operatingExpenses": 12124000000, "costAndExpenses": 23498000000, "interestIncome": 333000000, "interestExpense": 438000000, "depreciationAndAmortization": 1228000000, "ebitda": 9105000000, "ebitdaratio": 0.2850300526, "operatingIncome": 8446000000, "operatingIncomeRatio": 0.2644002004, "totalOtherIncomeExpensesNet": -902000000, "incomeBeforeTax": 7439000000, "incomeBeforeTaxRatio": 0.2328762835, "incomeTaxExpense": 1632000000, "netIncome": 5807000000, "netIncomeRatio": 0.181786877, "eps": 1.25, "epsdiluted": 1.25, "weightedAverageShsOut": 4632000000, "weightedAverageShsOutDil": 4672000000, "link": "https://www.sec.gov/Archives/edgar/data/21344/000104746909001875/0001047469-09-001875-index.htm", "finalLink": "https://www.sec.gov/Archives/edgar/data/21344/000104746909001875/a2190274z10-k.htm", "calculatedOtherExpenses": 350000000, "calculatedOperatingExpenses": 12124000000, "calculatedNetInterest": -105000000, "calculatedOtherIncome": -902000000, "calculatedIncomeNonControlling": 0, "calculatedEbitda": 9674000000}, {"date": "2007-12-31", "symbol": "KO", "reportedCurrency": "USD", "cik": "0000021344", "fillingDate": "2008-02-28", "acceptedDate": "2008-02-28 16:13:51", "calendarYear": "2007", "period": "FY", "revenue": 28857000000, "costOfRevenue": 10406000000, "grossProfit": 18451000000, "grossProfitRatio": 0.6393942544, "researchAndDevelopmentExpenses": 0, "generalAndAdministrativeExpenses": 0, "sellingAndMarketingExpenses": 0, "sellingGeneralAndAdministrativeExpenses": 11199000000, "otherExpenses": 0, "operatingExpenses": 11199000000, "costAndExpenses": 21605000000, "interestIncome": 0, "interestExpense": 0, "depreciationAndAmortization": 1163000000, "ebitda": 8242000000, "ebitdaratio": 0.2856152753, "operatingIncome": 7252000000, "operatingIncomeRatio": 0.2513081748, "totalOtherIncomeExpensesNet": 841000000, "incomeBeforeTax": 7873000000, "incomeBeforeTaxRatio": 0.2728280833, "incomeTaxExpense": 1892000000, "netIncome": 5981000000, "netIncomeRatio": 0.2072634023, "eps": 1.3, "epsdiluted": 1.29, "weightedAverageShsOut": 4626000000, "weightedAverageShsOutDil": 4662000000, "link": "https://www.sec.gov/Archives/edgar/data/21344/000119312508041768/0001193125-08-041768-index.htm", "finalLink": "https://www.sec.gov/Archives/edgar/data/21344/000119312508041768/d10k.htm", "calculatedOtherExpenses": 0, "calculatedOperatingExpenses": 11199000000, "calculatedNetInterest": 0, "calculatedOtherIncome": 621000000, "calculatedIncomeNonControlling": 0, "calculatedEbitda": 8415000000}, {"date": "2006-12-31", "symbol": "KO", "reportedCurrency": "USD", "cik": "0000021344", "fillingDate": "2007-02-21", "acceptedDate": "2007-02-21 15:53:37", "calendarYear": "2006", "period": "FY", "revenue": 24088000000, "costOfRevenue": 8164000000, "grossProfit": 15924000000, "grossProfitRatio": 0.6610760545, "researchAndDevelopmentExpenses": 0, "generalAndAdministrativeExpenses": 0, "sellingAndMarketingExpenses": 0, "sellingGeneralAndAdministrativeExpenses": 9616000000, "otherExpenses": 0, "operatingExpenses": 9616000000, "costAndExpenses": 17780000000, "interestIncome": 0, "interestExpense": 0, "depreciationAndAmortization": 938000000, "ebitda": 7051000000, "ebitdaratio": 0.292718366, "operatingIncome": 6308000000, "operatingIncomeRatio": 0.2618731318, "totalOtherIncomeExpensesNet": 297000000, "incomeBeforeTax": 6578000000, "incomeBeforeTaxRatio": 0.2730820325, "incomeTaxExpense": 1498000000, "netIncome": 5080000000, "netIncomeRatio": 0.2108933909, "eps": 1.08, "epsdiluted": 1.08, "weightedAverageShsOut": 4696000000, "weightedAverageShsOutDil": 4700000000, "link": "https://www.sec.gov/Archives/edgar/data/21344/000104746907001328/0001047469-07-001328-index.htm", "finalLink": "https://www.sec.gov/Archives/edgar/data/21344/000104746907001328/a2176230z10-k.htm", "calculatedOtherExpenses": 0, "calculatedOperatingExpenses": 9616000000, "calculatedNetInterest": 0, "calculatedOtherIncome": 270000000, "calculatedIncomeNonControlling": 0, "calculatedEbitda": 7246000000}, {"date": "2005-12-31", "symbol": "KO", "reportedCurrency": "USD", "cik": "0000021344", "fillingDate": "2006-02-28", "acceptedDate": "2006-02-28 13:33:03", "calendarYear": "2005", "period": "FY", "revenue": 23104000000, "costOfRevenue": 8195000000, "grossProfit": 14909000000, "grossProfitRatio": 0.6452995152, "researchAndDevelopmentExpenses": 0, "generalAndAdministrativeExpenses": 0, "sellingAndMarketingExpenses": 0, "sellingGeneralAndAdministrativeExpenses": 8824000000, "otherExpenses": 0, "operatingExpenses": 8824000000, "costAndExpenses": 17019000000, "interestIncome": 0, "interestExpense": 0, "depreciationAndAmortization": 932000000, "ebitda": 7087000000, "ebitdaratio": 0.3067434211, "operatingIncome": 6085000000, "operatingIncomeRatio": 0.2633743075, "totalOtherIncomeExpensesNet": 610000000, "incomeBeforeTax": 6690000000, "incomeBeforeTaxRatio": 0.2895602493, "incomeTaxExpense": 1818000000, "netIncome": 4872000000, "netIncomeRatio": 0.2108725762, "eps": 1.02, "epsdiluted": 1.02, "weightedAverageShsOut": 4784000000, "weightedAverageShsOutDil": 4786000000, "link": "https://www.sec.gov/Archives/edgar/data/21344/000104746906002588/0001047469-06-002588-index.htm", "finalLink": "https://www.sec.gov/Archives/edgar/data/21344/000104746906002588/a2167326z10-k.htm", "calculatedOtherExpenses": 0, "calculatedOperatingExpenses": 8824000000, "calculatedNetInterest": 0, "calculatedOtherIncome": 605000000, "calculatedIncomeNonControlling": 0, "calculatedEbitda": 7017000000}, {"date": "2004-12-31", "symbol": "KO", "reportedCurrency": "USD", "cik": "0000021344", "fillingDate": "2005-03-04", "acceptedDate": "2005-03-04 13:05:52", "calendarYear": "2004", "period": "FY", "revenue": 21962000000, "costOfRevenue": 7638000000, "grossProfit": 14324000000, "grossProfitRatio": 0.6522174665, "researchAndDevelopmentExpenses": 0, "generalAndAdministrativeExpenses": 0, "sellingAndMarketingExpenses": 0, "sellingGeneralAndAdministrativeExpenses": 8626000000, "otherExpenses": 0, "operatingExpenses": 8626000000, "costAndExpenses": 16264000000, "interestIncome": 157000000, "interestExpense": 196000000, "depreciationAndAmortization": 893000000, "ebitda": 6649000000, "ebitdaratio": 0.3027502049, "operatingIncome": 5698000000, "operatingIncomeRatio": 0.2594481377, "totalOtherIncomeExpensesNet": 563000000, "incomeBeforeTax": 6222000000, "incomeBeforeTaxRatio": 0.2833075312, "incomeTaxExpense": 1375000000, "netIncome": 4847000000, "netIncomeRatio": 0.2206993899, "eps": 1, "epsdiluted": 1, "weightedAverageShsOut": 4852000000, "weightedAverageShsOutDil": 4858000000, "link": "https://www.sec.gov/Archives/edgar/data/21344/000104746905005411/0001047469-05-005411-index.htm", "finalLink": "https://www.sec.gov/Archives/edgar/data/21344/000104746905005411/a2151637z10-k.htm", "calculatedOtherExpenses": 0, "calculatedOperatingExpenses": 8626000000, "calculatedNetInterest": -39000000, "calculatedOtherIncome": 563000000, "calculatedIncomeNonControlling": 0, "calculatedEbitda": 6591000000}, {"date": "2003-12-31", "symbol": "KO", "reportedCurrency": "USD", "cik": "0000021344", "fillingDate": "2004-02-27", "acceptedDate": "2004-02-27 09:38:11", "calendarYear": "2003", "period": "FY", "revenue": 21044000000, "costOfRevenue": 7762000000, "grossProfit": 13282000000, "grossProfitRatio": 0.631153773, "researchAndDevelopmentExpenses": 0, "generalAndAdministrativeExpenses": 0, "sellingAndMarketingExpenses": 0, "sellingGeneralAndAdministrativeExpenses": 8061000000, "otherExpenses": 0, "operatingExpenses": 8061000000, "costAndExpenses": 15823000000, "interestIncome": 176000000, "interestExpense": 178000000, "depreciationAndAmortization": 850000000, "ebitda": 6201000000, "ebitdaratio": 0.294668314, "operatingIncome": 5221000000, "operatingIncomeRatio": 0.2480992207, "totalOtherIncomeExpensesNet": 276000000, "incomeBeforeTax": 5495000000, "incomeBeforeTaxRatio": 0.261119559, "incomeTaxExpense": 1148000000, "netIncome": 4347000000, "netIncomeRatio": 0.2065671925, "eps": 0.89, "epsdiluted": 0.89, "weightedAverageShsOut": 4918000000, "weightedAverageShsOutDil": 4924000000, "link": "https://www.sec.gov/Archives/edgar/data/21344/000104746904005840/0001047469-04-005840-index.htm", "finalLink": "https://www.sec.gov/Archives/edgar/data/21344/000104746904005840/a2126594z10-k.htm", "calculatedOtherExpenses": 0, "calculatedOperatingExpenses": 8061000000, "calculatedNetInterest": -2000000, "calculatedOtherIncome": 276000000, "calculatedIncomeNonControlling": 0, "calculatedEbitda": 6071000000}, {"date": "2002-12-31", "symbol": "KO", "reportedCurrency": "USD", "cik": "0000021344", "fillingDate": "2003-03-26", "acceptedDate": "2003-03-26 15:33:25", "calendarYear": "2002", "period": "FY", "revenue": 19564000000, "costOfRevenue": 7105000000, "grossProfit": 12459000000, "grossProfitRatio": 0.6368329585, "researchAndDevelopmentExpenses": 0, "generalAndAdministrativeExpenses": 0, "sellingAndMarketingExpenses": 0, "sellingGeneralAndAdministrativeExpenses": 7001000000, "otherExpenses": 0, "operatingExpenses": 7001000000, "costAndExpenses": 14106000000, "interestIncome": 0, "interestExpense": 0, "depreciationAndAmortization": 806000000, "ebitda": 6617000000, "ebitdaratio": 0.3382232672, "operatingIncome": 5458000000, "operatingIncomeRatio": 0.2789818033, "totalOtherIncomeExpensesNet": 31000000, "incomeBeforeTax": 5499000000, "incomeBeforeTaxRatio": 0.2810774893, "incomeTaxExpense": 1523000000, "netIncome": 3050000000, "netIncomeRatio": 0.1558985892, "eps": 0.62, "epsdiluted": 0.62, "weightedAverageShsOut": 4956000000, "weightedAverageShsOutDil": 4966000000, "link": "https://www.sec.gov/Archives/edgar/data/21344/000002134403000031/0000021344-03-000031-index.htm", "finalLink": "https://www.sec.gov/Archives/edgar/data/21344/000002134403000031/kok03.txt", "calculatedOtherExpenses": 0, "calculatedOperatingExpenses": 7001000000, "calculatedNetInterest": 0, "calculatedOtherIncome": 41000000, "calculatedIncomeNonControlling": 926000000, "calculatedEbitda": 6264000000}, {"date": "2001-12-31", "symbol": "KO", "reportedCurrency": "USD", "cik": "0000021344", "fillingDate": "2002-03-11", "acceptedDate": "2002-03-11 00:00:00", "calendarYear": "2001", "period": "FY", "revenue": 20092000000, "costOfRevenue": 6044000000, "grossProfit": 14048000000, "grossProfitRatio": 0.6991837547, "researchAndDevelopmentExpenses": 0, "generalAndAdministrativeExpenses": 0, "sellingAndMarketingExpenses": 0, "sellingGeneralAndAdministrativeExpenses": 8696000000, "otherExpenses": 0, "operatingExpenses": 8696000000, "costAndExpenses": 14740000000, "interestIncome": 0, "interestExpense": 0, "depreciationAndAmortization": 803000000, "ebitda": 6025000000, "ebitdaratio": 0.2998705953, "operatingIncome": 5352000000, "operatingIncomeRatio": 0.2663746765, "totalOtherIncomeExpensesNet": 282000000, "incomeBeforeTax": 5670000000, "incomeBeforeTaxRatio": 0.2822018714, "incomeTaxExpense": 1691000000, "netIncome": 3969000000, "netIncomeRatio": 0.19754131, "eps": 0.8, "epsdiluted": 0.8, "weightedAverageShsOut": 4974000000, "weightedAverageShsOutDil": 4974000000, "link": "https://www.sec.gov/Archives/edgar/data/21344/000002134402000011/0000021344-02-000011-index.htm", "finalLink": "https://www.sec.gov/Archives/edgar/data/21344/000002134402000011/kok01.txt", "calculatedOtherExpenses": 0, "calculatedOperatingExpenses": 8696000000, "calculatedNetInterest": 0, "calculatedOtherIncome": 318000000, "calculatedIncomeNonControlling": 10000000, "calculatedEbitda": 6155000000}, {"date": "2000-12-31", "symbol": "KO", "reportedCurrency": "USD", "cik": "0000021344", "fillingDate": "2001-03-07", "acceptedDate": "2001-03-07 00:00:00", "calendarYear": "2000", "period": "FY", "revenue": 20458000000, "costOfRevenue": 6204000000, "grossProfit": 14254000000, "grossProfitRatio": 0.6967445498, "researchAndDevelopmentExpenses": 0, "generalAndAdministrativeExpenses": 0, "sellingAndMarketingExpenses": 0, "sellingGeneralAndAdministrativeExpenses": 10563000000, "otherExpenses": 0, "operatingExpenses": 10563000000, "costAndExpenses": 16767000000, "interestIncome": 0, "interestExpense": 0, "depreciationAndAmortization": 773000000, "ebitda": 4654000000, "ebitdaratio": 0.2274904683, "operatingIncome": 3691000000, "operatingIncomeRatio": 0.1804184182, "totalOtherIncomeExpensesNet": -190000000, "incomeBeforeTax": 3399000000, "incomeBeforeTaxRatio": 0.1661452732, "incomeTaxExpense": 1222000000, "netIncome": 2177000000, "netIncomeRatio": 0.1064131391, "eps": 0.44, "epsdiluted": 0.44, "weightedAverageShsOut": 4954000000, "weightedAverageShsOutDil": 4974000000, "link": "https://www.sec.gov/Archives/edgar/data/21344/000002134401000005/0000021344-01-000005-index.htm", "finalLink": "https://www.sec.gov/Archives/edgar/data/21344/000002134401000005/0000021344-01-000005-0001.txt", "calculatedOtherExpenses": 0, "calculatedOperatingExpenses": 10563000000, "calculatedNetInterest": 0, "calculatedOtherIncome": -292000000, "calculatedIncomeNonControlling": 0, "calculatedEbitda": 4464000000}, {"date": "1999-12-31", "symbol": "KO", "reportedCurrency": "USD", "cik": "0000021344", "fillingDate": "2000-03-09", "acceptedDate": "2000-03-09 00:00:00", "calendarYear": "1999", "period": "FY", "revenue": 19805000000, "costOfRevenue": 5217000000, "grossProfit": 14588000000, "grossProfitRatio": 0.7365816713, "researchAndDevelopmentExpenses": 0, "generalAndAdministrativeExpenses": 0, "sellingAndMarketingExpenses": 0, "sellingGeneralAndAdministrativeExpenses": 9814000000, "otherExpenses": 792000000, "operatingExpenses": 10606000000, "costAndExpenses": 15823000000, "interestIncome": 0, "interestExpense": 0, "depreciationAndAmortization": 792000000, "ebitda": 4860000000, "ebitdaratio": 0.2453925776, "operatingIncome": 3982000000, "operatingIncomeRatio": 0.2010603383, "totalOtherIncomeExpensesNet": -86000000, "incomeBeforeTax": 3819000000, "incomeBeforeTaxRatio": 0.1928300934, "incomeTaxExpense": 1388000000, "netIncome": 2431000000, "netIncomeRatio": 0.1227467811, "eps": 0.49, "epsdiluted": 0.49, "weightedAverageShsOut": 4938000000, "weightedAverageShsOutDil": 4974000000, "link": "https://www.sec.gov/Archives/edgar/data/21344/000002134400000009/0000021344-00-000009-index.htm", "finalLink": "https://www.sec.gov/Archives/edgar/data/21344/000002134400000009/0000021344-00-000009.txt", "calculatedOtherExpenses": 792000000, "calculatedOperatingExpenses": 10606000000, "calculatedNetInterest": 0, "calculatedOtherIncome": -163000000, "calculatedIncomeNonControlling": 0, "calculatedEbitda": 4774000000}, {"date": "1998-12-31", "symbol": "KO", "reportedCurrency": "USD", "cik": "0000021344", "fillingDate": "1999-03-29", "acceptedDate": "1999-03-29 00:00:00", "calendarYear": "1998", "period": "FY", "revenue": 18813000000, "costOfRevenue": 4917000000, "grossProfit": 13896000000, "grossProfitRatio": 0.7386381757, "researchAndDevelopmentExpenses": 0, "generalAndAdministrativeExpenses": 0, "sellingAndMarketingExpenses": 0, "sellingGeneralAndAdministrativeExpenses": 8284000000, "otherExpenses": 645000000, "operatingExpenses": 8929000000, "costAndExpenses": 13846000000, "interestIncome": 0, "interestExpense": 0, "depreciationAndAmortization": 645000000, "ebitda": 5323000000, "ebitdaratio": 0.282942646, "operatingIncome": 4967000000, "operatingIncomeRatio": 0.2640195609, "totalOtherIncomeExpensesNet": 289000000, "incomeBeforeTax": 5198000000, "incomeBeforeTaxRatio": 0.2762983044, "incomeTaxExpense": 1665000000, "netIncome": 3533000000, "netIncomeRatio": 0.1877956732, "eps": 0.72, "epsdiluted": 0.71, "weightedAverageShsOut": 4934000000, "weightedAverageShsOutDil": 4992000000, "link": "https://www.sec.gov/Archives/edgar/data/21344/000002134499000005/0000021344-99-000005-index.htm", "finalLink": "https://www.sec.gov/Archives/edgar/data/21344/0000021344-99-000005.txt", "calculatedOtherExpenses": 645000000, "calculatedOperatingExpenses": 8929000000, "calculatedNetInterest": 0, "calculatedOtherIncome": 231000000, "calculatedIncomeNonControlling": 0, "calculatedEbitda": 5612000000}, {"date": "1997-12-31", "symbol": "KO", "reportedCurrency": "USD", "cik": "0000021344", "fillingDate": "1998-03-09", "acceptedDate": "1998-03-09 00:00:00", "calendarYear": "1997", "period": "FY", "revenue": 18868000000, "costOfRevenue": 5389000000, "grossProfit": 13479000000, "grossProfitRatio": 0.7143841425, "researchAndDevelopmentExpenses": 0, "generalAndAdministrativeExpenses": 0, "sellingAndMarketingExpenses": 0, "sellingGeneralAndAdministrativeExpenses": 7852000000, "otherExpenses": 626000000, "operatingExpenses": 8478000000, "costAndExpenses": 13867000000, "interestIncome": 0, "interestExpense": 0, "depreciationAndAmortization": 626000000, "ebitda": 4315000000, "ebitdaratio": 0.2286940852, "operatingIncome": 5001000000, "operatingIncomeRatio": 0.2650519398, "totalOtherIncomeExpensesNet": 1312000000, "incomeBeforeTax": 6055000000, "incomeBeforeTaxRatio": 0.3209137163, "incomeTaxExpense": 1926000000, "netIncome": 4129000000, "netIncomeRatio": 0.2188361247, "eps": 0.84, "epsdiluted": 0.82, "weightedAverageShsOut": 4954000000, "weightedAverageShsOutDil": 5030000000, "link": "https://www.sec.gov/Archives/edgar/data/21344/000002134498000004/0000021344-98-000004-index.htm", "finalLink": "https://www.sec.gov/Archives/edgar/data/21344/0000021344-98-000004.txt", "calculatedOtherExpenses": 626000000, "calculatedOperatingExpenses": 8478000000, "calculatedNetInterest": 0, "calculatedOtherIncome": 1054000000, "calculatedIncomeNonControlling": 0, "calculatedEbitda": 5627000000}, {"date": "1996-12-31", "symbol": "KO", "reportedCurrency": "USD", "cik": "0000021344", "fillingDate": "1997-03-11", "acceptedDate": "1997-03-11 00:00:00", "calendarYear": "1996", "period": "FY", "revenue": 18546000000, "costOfRevenue": 6259000000, "grossProfit": 12287000000, "grossProfitRatio": 0.662514828, "researchAndDevelopmentExpenses": 0, "generalAndAdministrativeExpenses": 0, "sellingAndMarketingExpenses": 0, "sellingGeneralAndAdministrativeExpenses": 7893000000, "otherExpenses": 479000000, "operatingExpenses": 8372000000, "costAndExpenses": 14631000000, "interestIncome": 0, "interestExpense": 0, "depreciationAndAmortization": 479000000, "ebitda": 3427000000, "ebitdaratio": 0.1847837809, "operatingIncome": 3915000000, "operatingIncomeRatio": 0.2110967324, "totalOtherIncomeExpensesNet": 967000000, "incomeBeforeTax": 4596000000, "incomeBeforeTaxRatio": 0.2478162407, "incomeTaxExpense": 1104000000, "netIncome": 3492000000, "netIncomeRatio": 0.1882885797, "eps": 0.7, "epsdiluted": 0.69, "weightedAverageShsOut": 4988000000, "weightedAverageShsOutDil": 5046000000, "link": "https://www.sec.gov/Archives/edgar/data/21344/000002134497000014/0000021344-97-000014-index.htm", "finalLink": "https://www.sec.gov/Archives/edgar/data/21344/0000021344-97-000014.txt", "calculatedOtherExpenses": 479000000, "calculatedOperatingExpenses": 8372000000, "calculatedNetInterest": 0, "calculatedOtherIncome": 681000000, "calculatedIncomeNonControlling": 0, "calculatedEbitda": 4394000000}, {"date": "1995-12-31", "symbol": "KO", "reportedCurrency": "USD", "cik": "0000021344", "fillingDate": "1996-03-14", "acceptedDate": "1996-03-14 00:00:00", "calendarYear": "1995", "period": "FY", "revenue": 18018000000, "costOfRevenue": 6486000000, "grossProfit": 11532000000, "grossProfitRatio": 0.64002664, "researchAndDevelopmentExpenses": 0, "generalAndAdministrativeExpenses": 0, "sellingAndMarketingExpenses": 0, "sellingGeneralAndAdministrativeExpenses": 6986000000, "otherExpenses": 454000000, "operatingExpenses": 7440000000, "costAndExpenses": 13926000000, "interestIncome": 0, "interestExpense": 0, "depreciationAndAmortization": 454000000, "ebitda": 4038000000, "ebitdaratio": 0.2241092241, "operatingIncome": 4092000000, "operatingIncomeRatio": 0.2271062271, "totalOtherIncomeExpensesNet": 508000000, "incomeBeforeTax": 4328000000, "incomeBeforeTaxRatio": 0.2402042402, "incomeTaxExpense": 1342000000, "netIncome": 2986000000, "netIncomeRatio": 0.1657231657, "eps": 0.59, "epsdiluted": 0.59, "weightedAverageShsOut": 5050000000, "weightedAverageShsOutDil": 5098000000, "link": "https://www.sec.gov/Archives/edgar/data/21344/000002134496000006/0000021344-96-000006-index.htm", "finalLink": "https://www.sec.gov/Archives/edgar/data/21344/0000021344-96-000006.txt", "calculatedOtherExpenses": 454000000, "calculatedOperatingExpenses": 7440000000, "calculatedNetInterest": 0, "calculatedOtherIncome": 236000000, "calculatedIncomeNonControlling": 0, "calculatedEbitda": 4546000000}, {"date": "1994-12-31", "symbol": "KO", "reportedCurrency": "USD", "cik": "0000021344", "fillingDate": "1995-03-13", "acceptedDate": "1995-03-13 00:00:00", "calendarYear": "1994", "period": "FY", "revenue": 16172000000, "costOfRevenue": 5756000000, "grossProfit": 10416000000, "grossProfitRatio": 0.6440761811, "researchAndDevelopmentExpenses": 0, "generalAndAdministrativeExpenses": 0, "sellingAndMarketingExpenses": 0, "sellingGeneralAndAdministrativeExpenses": 6297000000, "otherExpenses": 411000000, "operatingExpenses": 6708000000, "costAndExpenses": 12464000000, "interestIncome": 0, "interestExpense": 0, "depreciationAndAmortization": 411000000, "ebitda": 3900000000, "ebitdaratio": 0.2411575563, "operatingIncome": 3708000000, "operatingIncomeRatio": 0.2292851843, "totalOtherIncomeExpensesNet": 219000000, "incomeBeforeTax": 3728000000, "incomeBeforeTaxRatio": 0.2305218897, "incomeTaxExpense": 1174000000, "netIncome": 2554000000, "netIncomeRatio": 0.1579272817, "eps": 0.5, "epsdiluted": 0.5, "weightedAverageShsOut": 5160000000, "weightedAverageShsOutDil": 5172000000, "link": "https://www.sec.gov/Archives/edgar/data/21344/000002134495000007/0000021344-95-000007-index.htm", "finalLink": "https://www.sec.gov/Archives/edgar/data/21344/0000021344-95-000007.txt", "calculatedOtherExpenses": 411000000, "calculatedOperatingExpenses": 6708000000, "calculatedNetInterest": 0, "calculatedOtherIncome": 20000000, "calculatedIncomeNonControlling": 0, "calculatedEbitda": 4119000000}, {"date": "1993-12-31", "symbol": "KO", "reportedCurrency": "USD", "cik": "0000021344", "fillingDate": "1994-03-14", "acceptedDate": "1994-03-14 00:00:00", "calendarYear": "1993", "period": "FY", "revenue": 13957000000, "costOfRevenue": 4800000000, "grossProfit": 9157000000, "grossProfitRatio": 0.6560865516, "researchAndDevelopmentExpenses": 0, "generalAndAdministrativeExpenses": 0, "sellingAndMarketingExpenses": 0, "sellingGeneralAndAdministrativeExpenses": 5695000000, "otherExpenses": 360000000, "operatingExpenses": 6055000000, "costAndExpenses": 10855000000, "interestIncome": 0, "interestExpense": 0, "depreciationAndAmortization": 360000000, "ebitda": 3211000000, "ebitdaratio": 0.2300637673, "operatingIncome": 3102000000, "operatingIncomeRatio": 0.2222540661, "totalOtherIncomeExpensesNet": 251000000, "incomeBeforeTax": 3185000000, "incomeBeforeTaxRatio": 0.2282009028, "incomeTaxExpense": 997000000, "netIncome": 2176000000, "netIncomeRatio": 0.15590743, "eps": 0.42, "epsdiluted": 0.42, "weightedAverageShsOut": 5180952381, "weightedAverageShsOutDil": 5243373494, "link": "https://www.sec.gov/Archives/edgar/data/21344/000095014494000600/0000950144-94-000600-index.htm", "finalLink": "https://www.sec.gov/Archives/edgar/data/21344/0000950144-94-000600.txt", "calculatedOtherExpenses": 360000000, "calculatedOperatingExpenses": 6055000000, "calculatedNetInterest": 0, "calculatedOtherIncome": 83000000, "calculatedIncomeNonControlling": 12000000, "calculatedEbitda": 3462000000}, {"date": "1992-12-31", "symbol": "KO", "reportedCurrency": "USD", "cik": "0000021344", "fillingDate": "1992-12-31", "acceptedDate": "1992-12-30 19:00:00", "calendarYear": "1992", "period": "FY", "revenue": 13073900000, "costOfRevenue": 4732500000, "grossProfit": 8341400000, "grossProfitRatio": 0.6380192597, "researchAndDevelopmentExpenses": 0, "generalAndAdministrativeExpenses": 0, "sellingAndMarketingExpenses": 0, "sellingGeneralAndAdministrativeExpenses": 5249400000, "otherExpenses": 321900000, "operatingExpenses": 5571300000, "costAndExpenses": 10303800000, "interestIncome": 0, "interestExpense": 0, "depreciationAndAmortization": 321900000, "ebitda": 2944700000, "ebitdaratio": 0.2252350102, "operatingIncome": 2770100000, "operatingIncomeRatio": 0.2118801582, "totalOtherIncomeExpensesNet": 147300000, "incomeBeforeTax": 2746100000, "incomeBeforeTaxRatio": 0.2100444397, "incomeTaxExpense": 862300000, "netIncome": 1664400000, "netIncomeRatio": 0.1273070775, "eps": 0.32, "epsdiluted": 0.31, "weightedAverageShsOut": 5283809524, "weightedAverageShsOutDil": 5369032258, "link": "", "finalLink": "", "calculatedOtherExpenses": 321900000, "calculatedOperatingExpenses": 5571300000, "calculatedNetInterest": 0, "calculatedOtherIncome": -24000000, "calculatedIncomeNonControlling": 219400000, "calculatedEbitda": 3092000000}, {"date": "1991-12-31", "symbol": "KO", "reportedCurrency": "USD", "cik": "0000021344", "fillingDate": "1991-12-31", "acceptedDate": "1991-12-30 19:00:00", "calendarYear": "1991", "period": "FY", "revenue": 11571600000, "costOfRevenue": 4387000000, "grossProfit": 7184600000, "grossProfitRatio": 0.6208821598, "researchAndDevelopmentExpenses": 0, "generalAndAdministrativeExpenses": 0, "sellingAndMarketingExpenses": 0, "sellingGeneralAndAdministrativeExpenses": 4604200000, "otherExpenses": 261400000, "operatingExpenses": 4865600000, "costAndExpenses": 9252600000, "interestIncome": 0, "interestExpense": 0, "depreciationAndAmortization": 261400000, "ebitda": 2323700000, "ebitdaratio": 0.2008106053, "operatingIncome": 2319000000, "operatingIncomeRatio": 0.2004044385, "totalOtherIncomeExpensesNet": 256700000, "incomeBeforeTax": 2383300000, "incomeBeforeTaxRatio": 0.2059611463, "incomeTaxExpense": 765300000, "netIncome": 1618000000, "netIncomeRatio": 0.139825089, "eps": 0.31, "epsdiluted": 0.3, "weightedAverageShsOut": 5303278689, "weightedAverageShsOutDil": 5391666667, "link": "", "finalLink": "", "calculatedOtherExpenses": 261400000, "calculatedOperatingExpenses": 4865600000, "calculatedNetInterest": 0, "calculatedOtherIncome": 64300000, "calculatedIncomeNonControlling": 0, "calculatedEbitda": 2580400000}, {"date": "1990-12-31", "symbol": "KO", "reportedCurrency": "USD", "cik": "0000021344", "fillingDate": "1990-12-31", "acceptedDate": "1990-12-30 19:00:00", "calendarYear": "1990", "period": "FY", "revenue": 10236400000, "costOfRevenue": 3965000000, "grossProfit": 6271400000, "grossProfitRatio": 0.6126567934, "researchAndDevelopmentExpenses": 0, "generalAndAdministrativeExpenses": 0, "sellingAndMarketingExpenses": 0, "sellingGeneralAndAdministrativeExpenses": 4075900000, "otherExpenses": 243900000, "operatingExpenses": 4319800000, "costAndExpenses": 8284800000, "interestIncome": 0, "interestExpense": 0, "depreciationAndAmortization": 243900000, "ebitda": 1901600000, "ebitdaratio": 0.1857684342, "operatingIncome": 1951600000, "operatingIncomeRatio": 0.1906529639, "totalOtherIncomeExpensesNet": 293900000, "incomeBeforeTax": 2014400000, "incomeBeforeTaxRatio": 0.1967879333, "incomeTaxExpense": 632500000, "netIncome": 1381900000, "netIncomeRatio": 0.1349986323, "eps": 0.26, "epsdiluted": 0.25, "weightedAverageShsOut": 5347843137, "weightedAverageShsOutDil": 5454800000, "link": "", "finalLink": "", "calculatedOtherExpenses": 243900000, "calculatedOperatingExpenses": 4319800000, "calculatedNetInterest": 0, "calculatedOtherIncome": 62800000, "calculatedIncomeNonControlling": 0, "calculatedEbitda": 2195500000}, {"date": "1989-12-31", "symbol": "KO", "reportedCurrency": "USD", "cik": "0000021344", "fillingDate": "1989-12-31", "acceptedDate": "1989-12-30 19:00:00", "calendarYear": "1989", "period": "FY", "revenue": 8965800000, "costOfRevenue": 3708300000, "grossProfit": 5257500000, "grossProfitRatio": 0.5863949675, "researchAndDevelopmentExpenses": 0, "generalAndAdministrativeExpenses": 0, "sellingAndMarketingExpenses": 0, "sellingGeneralAndAdministrativeExpenses": 3347900000, "otherExpenses": 183800000, "operatingExpenses": 3531700000, "costAndExpenses": 7240000000, "interestIncome": 0, "interestExpense": 0, "depreciationAndAmortization": 183800000, "ebitda": 1563000000, "ebitdaratio": 0.1743291173, "operatingIncome": 1725800000, "operatingIncomeRatio": 0.1924870062, "totalOtherIncomeExpensesNet": 346600000, "incomeBeforeTax": 1764300000, "incomeBeforeTaxRatio": 0.1967811015, "incomeTaxExpense": 571500000, "netIncome": 1214300000, "netIncomeRatio": 0.1354368824, "eps": 0.28, "epsdiluted": 0.27, "weightedAverageShsOut": 4337818182, "weightedAverageShsOutDil": 4418148148, "link": "", "finalLink": "", "calculatedOtherExpenses": 183800000, "calculatedOperatingExpenses": 3531700000, "calculatedNetInterest": 0, "calculatedOtherIncome": 38500000, "calculatedIncomeNonControlling": -21500000, "calculatedEbitda": 1909600000}, {"date": "1988-12-31", "symbol": "KO", "reportedCurrency": "USD", "cik": "0000021344", "fillingDate": "1988-12-31", "acceptedDate": "1988-12-30 19:00:00", "calendarYear": "1988", "period": "FY", "revenue": 8337800000, "costOfRevenue": 3531700000, "grossProfit": 4806100000, "grossProfitRatio": 0.5764230373, "researchAndDevelopmentExpenses": 0, "generalAndAdministrativeExpenses": 0, "sellingAndMarketingExpenses": 0, "sellingGeneralAndAdministrativeExpenses": 3038100000, "otherExpenses": 169800000, "operatingExpenses": 3207900000, "costAndExpenses": 6739600000, "interestIncome": 0, "interestExpense": 0, "depreciationAndAmortization": 169800000, "ebitda": 1553700000, "ebitdaratio": 0.1863441196, "operatingIncome": 1598200000, "operatingIncomeRatio": 0.1916812588, "totalOtherIncomeExpensesNet": 214300000, "incomeBeforeTax": 1582100000, "incomeBeforeTaxRatio": 0.1897502938, "incomeTaxExpense": 537400000, "netIncome": 1044700000, "netIncomeRatio": 0.1252968409, "eps": 0.18, "epsdiluted": 0.18, "weightedAverageShsOut": 5768333333, "weightedAverageShsOutDil": 5933142857, "link": "", "finalLink": "", "calculatedOtherExpenses": 169800000, "calculatedOperatingExpenses": 3207900000, "calculatedNetInterest": 0, "calculatedOtherIncome": -16100000, "calculatedIncomeNonControlling": 0, "calculatedEbitda": 1768000000}, {"date": "1987-12-31", "symbol": "KO", "reportedCurrency": "USD", "cik": "0000021344", "fillingDate": "1987-12-31", "acceptedDate": "1987-12-30 19:00:00", "calendarYear": "1987", "period": "FY", "revenue": 7658300000, "costOfRevenue": 3481300000, "grossProfit": 4177000000, "grossProfitRatio": 0.5454213076, "researchAndDevelopmentExpenses": 0, "generalAndAdministrativeExpenses": 0, "sellingAndMarketingExpenses": 0, "sellingGeneralAndAdministrativeExpenses": 2665000000, "otherExpenses": 151900000, "operatingExpenses": 2816900000, "costAndExpenses": 6298200000, "interestIncome": 0, "interestExpense": 0, "depreciationAndAmortization": 151900000, "ebitda": 1183000000, "ebitdaratio": 0.1544729248, "operatingIncome": 1360100000, "operatingIncomeRatio": 0.1775981615, "totalOtherIncomeExpensesNet": 329000000, "incomeBeforeTax": 1410100000, "incomeBeforeTaxRatio": 0.1841270256, "incomeTaxExpense": 494000000, "netIncome": 916100000, "netIncomeRatio": 0.1196218482, "eps": 0.16, "epsdiluted": 0.16, "weightedAverageShsOut": 5910322581, "weightedAverageShsOutDil": 5910322581, "link": "", "finalLink": "", "calculatedOtherExpenses": 151900000, "calculatedOperatingExpenses": 2816900000, "calculatedNetInterest": 0, "calculatedOtherIncome": 50000000, "calculatedIncomeNonControlling": 0, "calculatedEbitda": 1512000000}, {"date": "1986-12-31", "symbol": "KO", "reportedCurrency": "USD", "cik": "0000021344", "fillingDate": "1986-12-31", "acceptedDate": "1986-12-30 19:00:00", "calendarYear": "1986", "period": "FY", "revenue": 8668600000, "costOfRevenue": 4232500000, "grossProfit": 4436100000, "grossProfitRatio": 0.5117435341, "researchAndDevelopmentExpenses": 0, "generalAndAdministrativeExpenses": 0, "sellingAndMarketingExpenses": 0, "sellingGeneralAndAdministrativeExpenses": 2879300000, "otherExpenses": 411700000, "operatingExpenses": 3291000000, "costAndExpenses": 7523500000, "interestIncome": 0, "interestExpense": 0, "depreciationAndAmortization": 411700000, "ebitda": 1004800000, "ebitdaratio": 0.1159126041, "operatingIncome": 1145100000, "operatingIncomeRatio": 0.1320974552, "totalOtherIncomeExpensesNet": 552000000, "incomeBeforeTax": 1511200000, "incomeBeforeTaxRatio": 0.1743303417, "incomeTaxExpense": 576900000, "netIncome": 934300000, "netIncomeRatio": 0.107779803, "eps": 0.16, "epsdiluted": 0.16, "weightedAverageShsOut": 6027741935, "weightedAverageShsOutDil": 6027741935, "link": "", "finalLink": "", "calculatedOtherExpenses": 411700000, "calculatedOperatingExpenses": 3291000000, "calculatedNetInterest": 0, "calculatedOtherIncome": 366100000, "calculatedIncomeNonControlling": 0, "calculatedEbitda": 1556800000}, {"date": "1985-12-31", "symbol": "KO", "reportedCurrency": "USD", "cik": "0000021344", "fillingDate": "1985-12-31", "acceptedDate": "1985-12-30 19:00:00", "calendarYear": "1985", "period": "FY", "revenue": 7903900000, "costOfRevenue": 3876500000, "grossProfit": 4027400000, "grossProfitRatio": 0.5095459204, "researchAndDevelopmentExpenses": 0, "generalAndAdministrativeExpenses": 0, "sellingAndMarketingExpenses": 0, "sellingGeneralAndAdministrativeExpenses": 2664900000, "otherExpenses": 317100000, "operatingExpenses": 2982000000, "costAndExpenses": 6858500000, "interestIncome": 0, "interestExpense": 0, "depreciationAndAmortization": 317100000, "ebitda": 1147200000, "ebitdaratio": 0.1451435367, "operatingIncome": 1045400000, "operatingIncomeRatio": 0.1322638191, "totalOtherIncomeExpensesNet": 215300000, "incomeBeforeTax": 1092900000, "incomeBeforeTaxRatio": 0.1382735105, "incomeTaxExpense": 415300000, "netIncome": 722300000, "netIncomeRatio": 0.0913852655, "eps": 0.12, "epsdiluted": 0.12, "weightedAverageShsOut": 6019166667, "weightedAverageShsOutDil": 6019166667, "link": "", "finalLink": "", "calculatedOtherExpenses": 317100000, "calculatedOperatingExpenses": 2982000000, "calculatedNetInterest": 0, "calculatedOtherIncome": 47500000, "calculatedIncomeNonControlling": -44700000, "calculatedEbitda": 1362500000}]}