{"originalCurrency": "MXN", "convertedCurrency": "MXN", "report": [{"date": "2023-12-31", "symbol": "KOF", "reportedCurrency": "MXN", "cik": "0000910631", "fillingDate": "2024-04-12", "acceptedDate": "2024-04-12 16:39:22", "calendarYear": "2023", "period": "FY", "revenue": 245088000000, "costOfRevenue": 133648000000, "grossProfit": 111440000000, "grossProfitRatio": 0.4546938243, "researchAndDevelopmentExpenses": 0, "generalAndAdministrativeExpenses": 12820000000, "sellingAndMarketingExpenses": 63278000000, "sellingGeneralAndAdministrativeExpenses": 75274000000, "otherExpenses": -601000000, "operatingExpenses": 75274000000, "costAndExpenses": 208922000000, "interestIncome": 3188000000, "interestExpense": 4493000000, "depreciationAndAmortization": 10531000000, "ebitda": 46697000000, "ebitdaratio": 0.1905315642, "operatingIncome": 36166000000, "operatingIncomeRatio": 0.1475633242, "totalOtherIncomeExpensesNet": -7374000000, "incomeBeforeTax": 28792000000, "incomeBeforeTaxRatio": 0.1174761718, "incomeTaxExpense": 8781000000, "netIncome": 19536000000, "netIncomeRatio": 0.0797101449, "eps": 9.3, "epsdiluted": 9.3, "weightedAverageShsOut": 210083226, "weightedAverageShsOutDil": 210083226, "link": "https://www.sec.gov/Archives/edgar/data/910631/000162828024016091/0001628280-24-016091-index.htm", "finalLink": "https://www.sec.gov/Archives/edgar/data/910631/000162828024016091/kof-20231231.htm", "calculatedOtherExpenses": 0, "calculatedOperatingExpenses": 75274000000, "calculatedNetInterest": -1305000000, "calculatedOtherIncome": -6069000000, "calculatedIncomeNonControlling": 475000000, "calculatedEbitda": 46697000000}, {"date": "2022-12-31", "symbol": "KOF", "reportedCurrency": "MXN", "cik": "0000910631", "fillingDate": "2023-04-17", "acceptedDate": "2023-04-14 20:09:24", "calendarYear": "2022", "period": "FY", "revenue": 226740000000, "costOfRevenue": 126441000000, "grossProfit": 100299000000, "grossProfitRatio": 0.4423524742, "researchAndDevelopmentExpenses": 0, "generalAndAdministrativeExpenses": 11263000000, "sellingAndMarketingExpenses": 57718000000, "sellingGeneralAndAdministrativeExpenses": 68981000000, "otherExpenses": 673000000, "operatingExpenses": 69654000000, "costAndExpenses": 196095000000, "interestIncome": 2411000000, "interestExpense": 6500000000, "depreciationAndAmortization": 10425000000, "ebitda": 33133000000, "ebitdaratio": 0.1461277234, "operatingIncome": 22708000000, "operatingIncomeRatio": 0.1001499515, "totalOtherIncomeExpensesNet": 3465000000, "incomeBeforeTax": 26173000000, "incomeBeforeTaxRatio": 0.1154317721, "incomeTaxExpense": 6547000000, "netIncome": 19034000000, "netIncomeRatio": 0.0839463703, "eps": 11.3, "epsdiluted": 11.3, "weightedAverageShsOut": 210062501, "weightedAverageShsOutDil": 210083226, "link": "https://www.sec.gov/Archives/edgar/data/910631/000162828023011683/0001628280-23-011683-index.htm", "finalLink": "https://www.sec.gov/Archives/edgar/data/910631/000162828023011683/kof-20221231.htm", "calculatedOtherExpenses": 8610000000, "calculatedOperatingExpenses": 77591000000, "calculatedNetInterest": -4089000000, "calculatedOtherIncome": 7554000000, "calculatedIncomeNonControlling": 592000000, "calculatedEbitda": 33133000000}, {"date": "2021-12-31", "symbol": "KOF", "reportedCurrency": "MXN", "cik": "0000910631", "fillingDate": "2022-04-11", "acceptedDate": "2022-04-08 21:16:11", "calendarYear": "2021", "period": "FY", "revenue": 194804000000, "costOfRevenue": 106206000000, "grossProfit": 88598000000, "grossProfitRatio": 0.4548058561, "researchAndDevelopmentExpenses": 0, "generalAndAdministrativeExpenses": 60721000000, "sellingAndMarketingExpenses": 51708000000, "sellingGeneralAndAdministrativeExpenses": 60721000000, "otherExpenses": 560000000, "operatingExpenses": 61281000000, "costAndExpenses": 167487000000, "interestIncome": 932000000, "interestExpense": 6192000000, "depreciationAndAmortization": 9834000000, "ebitda": 28091000000, "ebitdaratio": 0.1442013511, "operatingIncome": 18257000000, "operatingIncomeRatio": 0.0937198415, "totalOtherIncomeExpensesNet": 4683000000, "incomeBeforeTax": 22940000000, "incomeBeforeTaxRatio": 0.1177593889, "incomeTaxExpense": 6609000000, "netIncome": 15708000000, "netIncomeRatio": 0.0806348946, "eps": 9.3, "epsdiluted": 9.3, "weightedAverageShsOut": 210062502, "weightedAverageShsOutDil": 210083226, "link": "https://www.sec.gov/Archives/edgar/data/910631/000162828022008868/0001628280-22-008868-index.htm", "finalLink": "https://www.sec.gov/Archives/edgar/data/910631/000162828022008868/kof-20211231.htm", "calculatedOtherExpenses": 9620000000, "calculatedOperatingExpenses": 70341000000, "calculatedNetInterest": -5260000000, "calculatedOtherIncome": 9943000000, "calculatedIncomeNonControlling": 623000000, "calculatedEbitda": 28091000000}, {"date": "2020-12-31", "symbol": "KOF", "reportedCurrency": "MXN", "cik": "0000910631", "fillingDate": "2021-04-08", "acceptedDate": "2021-04-08 16:01:58", "calendarYear": "2020", "period": "FY", "revenue": 183615000000, "costOfRevenue": 100804000000, "grossProfit": 82811000000, "grossProfitRatio": 0.4510034583, "researchAndDevelopmentExpenses": 0, "generalAndAdministrativeExpenses": 56444000000, "sellingAndMarketingExpenses": 48553000000, "sellingGeneralAndAdministrativeExpenses": 56444000000, "otherExpenses": 748000000, "operatingExpenses": 57192000000, "costAndExpenses": 157996000000, "interestIncome": 1048000000, "interestExpense": 7894000000, "depreciationAndAmortization": 10031000000, "ebitda": 23522000000, "ebitdaratio": 0.1281050023, "operatingIncome": 13491000000, "operatingIncomeRatio": 0.0734743893, "totalOtherIncomeExpensesNet": 2305000000, "incomeBeforeTax": 15796000000, "incomeBeforeTaxRatio": 0.08602783, "incomeTaxExpense": 5428000000, "netIncome": 10307000000, "netIncomeRatio": 0.0561337581, "eps": 6.1, "epsdiluted": 6.1, "weightedAverageShsOut": 210062501, "weightedAverageShsOutDil": 210083226, "link": "https://www.sec.gov/Archives/edgar/data/910631/000162828021006710/0001628280-21-006710-index.htm", "finalLink": "https://www.sec.gov/Archives/edgar/data/910631/000162828021006710/kof-20201231.htm", "calculatedOtherExpenses": 12876000000, "calculatedOperatingExpenses": 69320000000, "calculatedNetInterest": -6846000000, "calculatedOtherIncome": 9151000000, "calculatedIncomeNonControlling": 61000000, "calculatedEbitda": 23522000000}, {"date": "2019-12-31", "symbol": "KOF", "reportedCurrency": "MXN", "cik": "0000910631", "fillingDate": "2020-04-17", "acceptedDate": "2020-04-17 17:24:06", "calendarYear": "2019", "period": "FY", "revenue": 194471000000, "costOfRevenue": 106964000000, "grossProfit": 87507000000, "grossProfitRatio": 0.4499745463, "researchAndDevelopmentExpenses": 0, "generalAndAdministrativeExpenses": 60537000000, "sellingAndMarketingExpenses": 52110000000, "sellingGeneralAndAdministrativeExpenses": 60537000000, "otherExpenses": 1339000000, "operatingExpenses": 61876000000, "costAndExpenses": 168840000000, "interestIncome": 1230000000, "interestExpense": 6904000000, "depreciationAndAmortization": 10642000000, "ebitda": 25579000000, "ebitdaratio": 0.1315311795, "operatingIncome": 14937000000, "operatingIncomeRatio": 0.0768083673, "totalOtherIncomeExpensesNet": 3341000000, "incomeBeforeTax": 18278000000, "incomeBeforeTaxRatio": 0.0939883067, "incomeTaxExpense": 5648000000, "netIncome": 12101000000, "netIncomeRatio": 0.0622252161, "eps": 57.6, "epsdiluted": 57.6, "weightedAverageShsOut": 210062502, "weightedAverageShsOutDil": 210083226, "link": "https://www.sec.gov/Archives/edgar/data/910631/000119312520110807/0001193125-20-110807-index.htm", "finalLink": "https://www.sec.gov/Archives/edgar/data/910631/000119312520110807/d828052d20f.htm", "calculatedOtherExpenses": 12033000000, "calculatedOperatingExpenses": 72570000000, "calculatedNetInterest": -5674000000, "calculatedOtherIncome": 9015000000, "calculatedIncomeNonControlling": 529000000, "calculatedEbitda": 25579000000}, {"date": "2018-12-31", "symbol": "KOF", "reportedCurrency": "MXN", "cik": "0000910631", "fillingDate": "2019-04-12", "acceptedDate": "2019-04-12 17:19:02", "calendarYear": "2018", "period": "FY", "revenue": 182342000000, "costOfRevenue": 98404000000, "grossProfit": 83938000000, "grossProfitRatio": 0.4603327813, "researchAndDevelopmentExpenses": 0, "generalAndAdministrativeExpenses": 57924000000, "sellingAndMarketingExpenses": 49925000000, "sellingGeneralAndAdministrativeExpenses": 57924000000, "otherExpenses": -848000000, "operatingExpenses": 58956000000, "costAndExpenses": 157360000000, "interestIncome": 1004000000, "interestExpense": 7568000000, "depreciationAndAmortization": 10028000000, "ebitda": 24911000000, "ebitdaratio": 0.1366169067, "operatingIncome": 24673000000, "operatingIncomeRatio": 0.1353116671, "totalOtherIncomeExpensesNet": -1453000000, "incomeBeforeTax": 16964000000, "incomeBeforeTaxRatio": 0.0930339691, "incomeTaxExpense": 5260000000, "netIncome": 13910000000, "netIncomeRatio": 0.0762852223, "eps": 66.22, "epsdiluted": 66.21, "weightedAverageShsOut": 210062500, "weightedAverageShsOutDil": 210083226, "link": "https://www.sec.gov/Archives/edgar/data/910631/000119312519105297/0001193125-19-105297-index.htm", "finalLink": "https://www.sec.gov/Archives/edgar/data/910631/000119312519105297/d717356d20f.htm", "calculatedOtherExpenses": 1341000000, "calculatedOperatingExpenses": 59265000000, "calculatedNetInterest": -6564000000, "calculatedOtherIncome": -1145000000, "calculatedIncomeNonControlling": -2206000000, "calculatedEbitda": 34701000000}, {"date": "2017-12-31", "symbol": "KOF", "reportedCurrency": "MXN", "cik": "0000910631", "fillingDate": "2018-04-18", "acceptedDate": "2018-04-18 16:59:33", "calendarYear": "2017", "period": "FY", "revenue": 203780000000, "costOfRevenue": 112094000000, "grossProfit": 91686000000, "grossProfitRatio": 0.4499263912, "researchAndDevelopmentExpenses": 0, "generalAndAdministrativeExpenses": 64910000000, "sellingAndMarketingExpenses": 55927000000, "sellingGeneralAndAdministrativeExpenses": 64910000000, "otherExpenses": -28158000000, "operatingExpenses": 65413000000, "costAndExpenses": 177507000000, "interestIncome": 887000000, "interestExpense": 8809000000, "depreciationAndAmortization": 11657000000, "ebitda": -939000000, "ebitdaratio": -0.0046079105, "operatingIncome": 26175000000, "operatingIncomeRatio": 0.1284473452, "totalOtherIncomeExpensesNet": -25451000000, "incomeBeforeTax": -7101000000, "incomeBeforeTaxRatio": -0.034846403, "incomeTaxExpense": 4554000000, "netIncome": -12802000000, "netIncomeRatio": -0.0628226519, "eps": -61.21, "epsdiluted": -61.21, "weightedAverageShsOut": 209140000, "weightedAverageShsOutDil": 209140000, "link": "https://www.sec.gov/Archives/edgar/data/910631/000119312518121141/0001193125-18-121141-index.htm", "finalLink": "https://www.sec.gov/Archives/edgar/data/910631/000119312518121141/d533850d20f.htm", "calculatedOtherExpenses": 601000000, "calculatedOperatingExpenses": 65511000000, "calculatedNetInterest": -7922000000, "calculatedOtherIncome": -25354000000, "calculatedIncomeNonControlling": 1147000000, "calculatedEbitda": 37832000000}, {"date": "2016-12-31", "symbol": "KOF", "reportedCurrency": "MXN", "cik": "0000910631", "fillingDate": "2017-04-12", "acceptedDate": "2017-04-12 15:41:10", "calendarYear": "2016", "period": "FY", "revenue": 177718000000, "costOfRevenue": 98056000000, "grossProfit": 79662000000, "grossProfitRatio": 0.4482494739, "researchAndDevelopmentExpenses": 0, "generalAndAdministrativeExpenses": 55462000000, "sellingAndMarketingExpenses": 48039000000, "sellingGeneralAndAdministrativeExpenses": 55462000000, "otherExpenses": -3489000000, "operatingExpenses": 55785000000, "costAndExpenses": 153841000000, "interestIncome": 715000000, "interestExpense": 7471000000, "depreciationAndAmortization": 8666000000, "ebitda": 21250000000, "ebitdaratio": 0.1195714559, "operatingIncome": 23920000000, "operatingIncomeRatio": 0.1345952577, "totalOtherIncomeExpensesNet": -2666000000, "incomeBeforeTax": 14455000000, "incomeBeforeTaxRatio": 0.0813367245, "incomeTaxExpense": 3928000000, "netIncome": 10070000000, "netIncomeRatio": 0.0566628029, "eps": 48.6, "epsdiluted": 48.6, "weightedAverageShsOut": 207290000, "weightedAverageShsOutDil": 207290000, "link": "https://www.sec.gov/Archives/edgar/data/910631/000119312517121310/0001193125-17-121310-index.htm", "finalLink": "https://www.sec.gov/Archives/edgar/data/910631/000119312517121310/d373096d20f.htm", "calculatedOtherExpenses": 280000000, "calculatedOperatingExpenses": 55742000000, "calculatedNetInterest": -6756000000, "calculatedOtherIncome": -2709000000, "calculatedIncomeNonControlling": 457000000, "calculatedEbitda": 32586000000}, {"date": "2015-12-31", "symbol": "KOF", "reportedCurrency": "MXN", "cik": "0000910631", "fillingDate": "2016-04-15", "acceptedDate": "2016-04-15 16:17:08", "calendarYear": "2015", "period": "FY", "revenue": 152360000000, "costOfRevenue": 80330000000, "grossProfit": 72030000000, "grossProfitRatio": 0.4727618798, "researchAndDevelopmentExpenses": 0, "generalAndAdministrativeExpenses": 48284000000, "sellingAndMarketingExpenses": 41879000000, "sellingGeneralAndAdministrativeExpenses": 48284000000, "otherExpenses": -650000000, "operatingExpenses": 49383000000, "costAndExpenses": 129713000000, "interestIncome": 414000000, "interestExpense": 6337000000, "depreciationAndAmortization": 7144000000, "ebitda": 22567000000, "ebitdaratio": 0.1481163035, "operatingIncome": 22645000000, "operatingIncomeRatio": 0.1486282489, "totalOtherIncomeExpensesNet": -1845000000, "incomeBeforeTax": 14880000000, "incomeBeforeTaxRatio": 0.0976634287, "incomeTaxExpense": 4551000000, "netIncome": 10235000000, "netIncomeRatio": 0.0671764243, "eps": 49.4, "epsdiluted": 49.4, "weightedAverageShsOut": 207290000, "weightedAverageShsOutDil": 207290000, "link": "https://www.sec.gov/Archives/edgar/data/910631/000119312516543217/0001193125-16-543217-index.htm", "finalLink": "https://www.sec.gov/Archives/edgar/data/910631/000119312516543217/d176346d20f.htm", "calculatedOtherExpenses": 1101000000, "calculatedOperatingExpenses": 49385000000, "calculatedNetInterest": -5923000000, "calculatedOtherIncome": -1842000000, "calculatedIncomeNonControlling": 94000000, "calculatedEbitda": 29789000000}, {"date": "2014-12-31", "symbol": "KOF", "reportedCurrency": "MXN", "cik": "0000910631", "fillingDate": "2015-04-15", "acceptedDate": "2015-04-15 17:22:38", "calendarYear": "2014", "period": "FY", "revenue": 147298000000, "costOfRevenue": 78916000000, "grossProfit": 68382000000, "grossProfitRatio": 0.4642425559, "researchAndDevelopmentExpenses": 0, "generalAndAdministrativeExpenses": 46850000000, "sellingAndMarketingExpenses": 40465000000, "sellingGeneralAndAdministrativeExpenses": 46850000000, "otherExpenses": 390000000, "operatingExpenses": 47398000000, "costAndExpenses": 126314000000, "interestIncome": 379000000, "interestExpense": 5546000000, "depreciationAndAmortization": 6949000000, "ebitda": 21628000000, "ebitdaratio": 0.1468315931, "operatingIncome": 20743000000, "operatingIncomeRatio": 0.1408233649, "totalOtherIncomeExpensesNet": -990000000, "incomeBeforeTax": 14827000000, "incomeBeforeTaxRatio": 0.1006598868, "incomeTaxExpense": 3861000000, "netIncome": 10542000000, "netIncomeRatio": 0.0715691999, "eps": 50.9, "epsdiluted": 50.9, "weightedAverageShsOut": 207290000, "weightedAverageShsOutDil": 207290000, "link": "https://www.sec.gov/Archives/edgar/data/910631/000119312515131491/0001193125-15-131491-index.htm", "finalLink": "https://www.sec.gov/Archives/edgar/data/910631/000119312515131491/d909807d20f.htm", "calculatedOtherExpenses": 789000000, "calculatedOperatingExpenses": 47639000000, "calculatedNetInterest": -5167000000, "calculatedOtherIncome": -749000000, "calculatedIncomeNonControlling": 424000000, "calculatedEbitda": 27692000000}, {"date": "2013-12-31", "symbol": "KOF", "reportedCurrency": "MXN", "cik": "0000910631", "fillingDate": "2014-04-11", "acceptedDate": "2014-04-11 17:28:37", "calendarYear": "2013", "period": "FY", "revenue": 156011000000, "costOfRevenue": 83076000000, "grossProfit": 72935000000, "grossProfitRatio": 0.4674990866, "researchAndDevelopmentExpenses": 0, "generalAndAdministrativeExpenses": 51315000000, "sellingAndMarketingExpenses": 44828000000, "sellingGeneralAndAdministrativeExpenses": 51315000000, "otherExpenses": -251000000, "operatingExpenses": 51687000000, "costAndExpenses": 134763000000, "interestIncome": 654000000, "interestExpense": 3341000000, "depreciationAndAmortization": 7132000000, "ebitda": 21940000000, "ebitdaratio": 0.1406311093, "operatingIncome": 21450000000, "operatingIncomeRatio": 0.1374903052, "totalOtherIncomeExpensesNet": -1048000000, "incomeBeforeTax": 17513000000, "incomeBeforeTaxRatio": 0.1122549051, "incomeTaxExpense": 5731000000, "netIncome": 11543000000, "netIncomeRatio": 0.0739883726, "eps": 56.1, "epsdiluted": 56.1, "weightedAverageShsOut": 205600000, "weightedAverageShsOutDil": 205600000, "link": "https://www.sec.gov/Archives/edgar/data/910631/000119312514140770/0001193125-14-140770-index.htm", "finalLink": "https://www.sec.gov/Archives/edgar/data/910631/000119312514140770/d710586d20f.htm", "calculatedOtherExpenses": 170000000, "calculatedOperatingExpenses": 51485000000, "calculatedNetInterest": -2687000000, "calculatedOtherIncome": -1250000000, "calculatedIncomeNonControlling": 239000000, "calculatedEbitda": 28582000000}, {"date": "2012-12-31", "symbol": "KOF", "reportedCurrency": "MXN", "cik": "0000910631", "fillingDate": "2013-03-15", "acceptedDate": "2013-03-15 06:09:04", "calendarYear": "2012", "period": "FY", "revenue": 147739000000, "costOfRevenue": 79109000000, "grossProfit": 68630000000, "grossProfitRatio": 0.4645354307, "researchAndDevelopmentExpenses": 0, "generalAndAdministrativeExpenses": 46440000000, "sellingAndMarketingExpenses": 40223000000, "sellingGeneralAndAdministrativeExpenses": 46440000000, "otherExpenses": -538000000, "operatingExpenses": 46674000000, "costAndExpenses": 125783000000, "interestIncome": 424000000, "interestExpense": 1955000000, "depreciationAndAmortization": 5692000000, "ebitda": 21842000000, "ebitdaratio": 0.1478418021, "operatingIncome": 21956000000, "operatingIncomeRatio": 0.1486134331, "totalOtherIncomeExpensesNet": -253000000, "incomeBeforeTax": 20172000000, "incomeBeforeTaxRatio": 0.1365380841, "incomeTaxExpense": 6274000000, "netIncome": 13333000000, "netIncomeRatio": 0.0902469896, "eps": 66.2, "epsdiluted": 66.2, "weightedAverageShsOut": 201500001, "weightedAverageShsOutDil": 201520000, "link": "https://www.sec.gov/Archives/edgar/data/910631/000119312513108518/0001193125-13-108518-index.htm", "finalLink": "https://www.sec.gov/Archives/edgar/data/910631/000119312513108518/d499035d20f.htm", "calculatedOtherExpenses": 234000000, "calculatedOperatingExpenses": 46674000000, "calculatedNetInterest": -1531000000, "calculatedOtherIncome": -253000000, "calculatedIncomeNonControlling": 565000000, "calculatedEbitda": 27648000000}, {"date": "2011-12-31", "symbol": "KOF", "reportedCurrency": "MXN", "cik": "0000910631", "fillingDate": "2012-04-26", "acceptedDate": "2012-04-25 19:22:10", "calendarYear": "2011", "period": "FY", "revenue": 124715000000, "costOfRevenue": 67488000000, "grossProfit": 57227000000, "grossProfitRatio": 0.4588622058, "researchAndDevelopmentExpenses": 0, "generalAndAdministrativeExpenses": 5184000000, "sellingAndMarketingExpenses": 31891000000, "sellingGeneralAndAdministrativeExpenses": 37075000000, "otherExpenses": 0, "operatingExpenses": 37075000000, "costAndExpenses": 104563000000, "interestIncome": 601000000, "interestExpense": 1736000000, "depreciationAndAmortization": 4559000000, "ebitda": 15197000000, "ebitdaratio": 0.1218538267, "operatingIncome": 20152000000, "operatingIncomeRatio": 0.1615844125, "totalOtherIncomeExpensesNet": 3307000000, "incomeBeforeTax": 16768000000, "incomeBeforeTaxRatio": 0.1344505472, "incomeTaxExpense": 5599000000, "netIncome": 10615000000, "netIncomeRatio": 0.0851140601, "eps": 55.58, "epsdiluted": 55.58, "weightedAverageShsOut": 191003020, "weightedAverageShsOutDil": 191003020, "link": "https://www.sec.gov/Archives/edgar/data/910631/000129281412001068/0001292814-12-001068-index.htm", "finalLink": "https://www.sec.gov/Archives/edgar/data/910631/000129281412001068/kofform20f_2011.htm", "calculatedOtherExpenses": 0, "calculatedOperatingExpenses": 37075000000, "calculatedNetInterest": -1135000000, "calculatedOtherIncome": -2249000000, "calculatedIncomeNonControlling": 554000000, "calculatedEbitda": 24711000000}, {"date": "2010-12-31", "symbol": "KOF", "reportedCurrency": "MXN", "cik": "0000910631", "fillingDate": "2011-06-17", "acceptedDate": "2011-06-17 17:14:30", "calendarYear": "2010", "period": "FY", "revenue": 103456000000, "costOfRevenue": 55534000000, "grossProfit": 47922000000, "grossProfitRatio": 0.4632114135, "researchAndDevelopmentExpenses": 0, "generalAndAdministrativeExpenses": 4449000000, "sellingAndMarketingExpenses": 26394000000, "sellingGeneralAndAdministrativeExpenses": 30843000000, "otherExpenses": 0, "operatingExpenses": 30843000000, "costAndExpenses": 86377000000, "interestIncome": 285000000, "interestExpense": 1748000000, "depreciationAndAmortization": 4027000000, "ebitda": 17608000000, "ebitdaratio": 0.1701979586, "operatingIncome": 17079000000, "operatingIncomeRatio": 0.1650846737, "totalOtherIncomeExpensesNet": -1301000000, "incomeBeforeTax": 14559000000, "incomeBeforeTaxRatio": 0.1407264924, "incomeTaxExpense": 4260000000, "netIncome": 9800000000, "netIncomeRatio": 0.0947262604, "eps": 53.07, "epsdiluted": 53.07, "weightedAverageShsOut": 184653020, "weightedAverageShsOutDil": 184653020, "link": "https://www.sec.gov/Archives/edgar/data/910631/000129281411001761/0001292814-11-001761-index.htm", "finalLink": "https://www.sec.gov/Archives/edgar/data/910631/000129281411001761/kofform20f2010.htm", "calculatedOtherExpenses": 0, "calculatedOperatingExpenses": 30843000000, "calculatedNetInterest": -1463000000, "calculatedOtherIncome": -1057000000, "calculatedIncomeNonControlling": 499000000, "calculatedEbitda": 21106000000}, {"date": "2009-12-31", "symbol": "KOF", "reportedCurrency": "MXN", "cik": "0000910631", "fillingDate": "2010-06-10", "acceptedDate": "2010-06-10 17:01:05", "calendarYear": "2009", "period": "FY", "revenue": 102767000000, "costOfRevenue": 54952000000, "grossProfit": 47815000000, "grossProfitRatio": 0.4652758181, "researchAndDevelopmentExpenses": 0, "generalAndAdministrativeExpenses": 5308000000, "sellingAndMarketingExpenses": 26672000000, "sellingGeneralAndAdministrativeExpenses": 31980000000, "otherExpenses": 0, "operatingExpenses": 31980000000, "costAndExpenses": 86932000000, "interestIncome": 286000000, "interestExpense": 1895000000, "depreciationAndAmortization": 3779000000, "ebitda": 10477000000, "ebitdaratio": 0.1019490693, "operatingIncome": 15835000000, "operatingIncomeRatio": 0.1540864285, "totalOtherIncomeExpensesNet": 4431000000, "incomeBeforeTax": 13013000000, "incomeBeforeTaxRatio": 0.1266262516, "incomeTaxExpense": 4043000000, "netIncome": 8523000000, "netIncomeRatio": 0.0829351835, "eps": 46.16, "epsdiluted": 46.16, "weightedAverageShsOut": 184653020, "weightedAverageShsOutDil": 184653020, "link": "https://www.sec.gov/Archives/edgar/data/910631/000129281410001984/0001292814-10-001984-index.htm", "finalLink": "https://www.sec.gov/Archives/edgar/data/910631/000129281410001984/kofform20f2009.htm", "calculatedOtherExpenses": 0, "calculatedOperatingExpenses": 31980000000, "calculatedNetInterest": -1609000000, "calculatedOtherIncome": -1213000000, "calculatedIncomeNonControlling": 447000000, "calculatedEbitda": 19614000000}, {"date": "2008-12-31", "symbol": "KOF", "reportedCurrency": "MXN", "cik": "0000910631", "fillingDate": "2009-06-30", "acceptedDate": "2009-06-30 16:25:44", "calendarYear": "2008", "period": "FY", "revenue": 82976000000, "costOfRevenue": 43895000000, "grossProfit": 39081000000, "grossProfitRatio": 0.470991612, "researchAndDevelopmentExpenses": 0, "generalAndAdministrativeExpenses": 4095000000, "sellingAndMarketingExpenses": 21291000000, "sellingGeneralAndAdministrativeExpenses": 25386000000, "otherExpenses": 0, "operatingExpenses": 25386000000, "costAndExpenses": 69281000000, "interestIncome": 433000000, "interestExpense": 2207000000, "depreciationAndAmortization": 3262000000, "ebitda": 14128000000, "ebitdaratio": 0.170266101, "operatingIncome": 13695000000, "operatingIncomeRatio": 0.1650477246, "totalOtherIncomeExpensesNet": -3609000000, "incomeBeforeTax": 8312000000, "incomeBeforeTaxRatio": 0.1001735442, "incomeTaxExpense": 2486000000, "netIncome": 5826000000, "netIncomeRatio": 0.0702130737, "eps": 31.55, "epsdiluted": 31.55, "weightedAverageShsOut": 184650000, "weightedAverageShsOutDil": 184653020, "link": "https://www.sec.gov/Archives/edgar/data/910631/000129281409001534/0001292814-09-001534-index.htm", "finalLink": "https://www.sec.gov/Archives/edgar/data/910631/000129281409001534/kof20f2008.htm", "calculatedOtherExpenses": 0, "calculatedOperatingExpenses": 25386000000, "calculatedNetInterest": -1774000000, "calculatedOtherIncome": -3609000000, "calculatedIncomeNonControlling": 0, "calculatedEbitda": 16957000000}, {"date": "2007-12-31", "symbol": "KOF", "reportedCurrency": "MXN", "cik": "0000910631", "fillingDate": "2008-06-30", "acceptedDate": "2008-06-30 14:50:30", "calendarYear": "2007", "period": "FY", "revenue": 69105192000, "costOfRevenue": 35805291000, "grossProfit": 33299901000, "grossProfitRatio": 0.4818726356, "researchAndDevelopmentExpenses": 0, "generalAndAdministrativeExpenses": 20219037000, "sellingAndMarketingExpenses": 1665000000, "sellingGeneralAndAdministrativeExpenses": 21884037000, "otherExpenses": -10893000, "operatingExpenses": 21873144000, "costAndExpenses": 57678435000, "interestIncome": 0, "interestExpense": 196000000, "depreciationAndAmortization": 3322365000, "ebitda": 14226258000, "ebitdaratio": 0.2058638083, "operatingIncome": 11426757000, "operatingIncomeRatio": 0.1653530895, "totalOtherIncomeExpensesNet": 522864000, "incomeBeforeTax": 10424601000, "incomeBeforeTaxRatio": 0.150851198, "incomeTaxExpense": 3333258000, "netIncome": 6895269000, "netIncomeRatio": 0.099779319, "eps": 37.4, "epsdiluted": 37.4, "weightedAverageShsOut": 184653020, "weightedAverageShsOutDil": 184653020, "link": "https://www.sec.gov/Archives/edgar/data/910631/000129281408001883/0001292814-08-001883-index.htm", "finalLink": "https://www.sec.gov/Archives/edgar/data/910631/000129281408001883/kofform20f2007.htm", "calculatedOtherExpenses": -10893000, "calculatedOperatingExpenses": 21873144000, "calculatedNetInterest": -196000000, "calculatedOtherIncome": -806156000, "calculatedIncomeNonControlling": 196074000, "calculatedEbitda": 14749122000}, {"date": "2006-12-31", "symbol": "KOF", "reportedCurrency": "MXN", "cik": "0000910631", "fillingDate": "2007-06-25", "acceptedDate": "2007-06-25 17:26:50", "calendarYear": "2006", "period": "FY", "revenue": 57710070000, "costOfRevenue": 30182820000, "grossProfit": 27527250000, "grossProfitRatio": 0.4769921437, "researchAndDevelopmentExpenses": 0, "generalAndAdministrativeExpenses": 0, "sellingAndMarketingExpenses": 0, "sellingGeneralAndAdministrativeExpenses": 18081625000, "otherExpenses": 0, "operatingExpenses": 18081625000, "costAndExpenses": 48264445000, "interestIncome": 0, "interestExpense": 2126615000, "depreciationAndAmortization": 3540760000, "ebitda": 12964795000, "ebitdaratio": 0.2246539469, "operatingIncome": 9445625000, "operatingIncomeRatio": 0.1636737748, "totalOtherIncomeExpensesNet": 21590000, "incomeBeforeTax": 7653655000, "incomeBeforeTaxRatio": 0.1326225215, "incomeTaxExpense": 2601595000, "netIncome": 4879340000, "netIncomeRatio": 0.0845491957, "eps": 28.52, "epsdiluted": 28.52, "weightedAverageShsOut": 171110362, "weightedAverageShsOutDil": 184650000, "link": "https://www.sec.gov/Archives/edgar/data/910631/000129281407001855/0001292814-07-001855-index.htm", "finalLink": "https://www.sec.gov/Archives/edgar/data/910631/000129281407001855/kof_form20f2006.htm", "calculatedOtherExpenses": 0, "calculatedOperatingExpenses": 18081625000, "calculatedNetInterest": -2126615000, "calculatedOtherIncome": 334645000, "calculatedIncomeNonControlling": 172720000, "calculatedEbitda": 12986385000}, {"date": "2005-12-31", "symbol": "KOF", "reportedCurrency": "MXN", "cik": "0000910631", "fillingDate": "2006-04-18", "acceptedDate": "2006-04-18 17:28:11", "calendarYear": "2005", "period": "FY", "revenue": 50240795000, "costOfRevenue": 25507845000, "grossProfit": 24732950000, "grossProfitRatio": 0.4922881893, "researchAndDevelopmentExpenses": 0, "generalAndAdministrativeExpenses": 0, "sellingAndMarketingExpenses": 0, "sellingGeneralAndAdministrativeExpenses": 16039265000, "otherExpenses": 0, "operatingExpenses": 16039265000, "costAndExpenses": 41547110000, "interestIncome": 0, "interestExpense": 2452065000, "depreciationAndAmortization": 2547600000, "ebitda": 10508850000, "ebitdaratio": 0.2091696598, "operatingIncome": 8693685000, "operatingIncomeRatio": 0.173040355, "totalOtherIncomeExpensesNet": 732435000, "incomeBeforeTax": 7250045000, "incomeBeforeTaxRatio": 0.144305937, "incomeTaxExpense": 2568830000, "netIncome": 4606910000, "netIncomeRatio": 0.0916965984, "eps": 26.54, "epsdiluted": 26.54, "weightedAverageShsOut": 178760673, "weightedAverageShsOutDil": 184650000, "link": "https://www.sec.gov/Archives/edgar/data/910631/000129281406001009/0001292814-06-001009-index.htm", "finalLink": "https://www.sec.gov/Archives/edgar/data/910631/000129281406001009/kof_form20f.htm", "calculatedOtherExpenses": 0, "calculatedOperatingExpenses": 16039265000, "calculatedNetInterest": -2452065000, "calculatedOtherIncome": 1008425000, "calculatedIncomeNonControlling": 74305000, "calculatedEbitda": 11241285000}, {"date": "2004-12-31", "symbol": "KOF", "reportedCurrency": "MXN", "cik": "0000910631", "fillingDate": "2005-04-04", "acceptedDate": "2005-04-04 16:08:10", "calendarYear": "2004", "period": "FY", "revenue": 46345338000, "costOfRevenue": 23889006000, "grossProfit": 22456332000, "grossProfitRatio": 0.4845434939, "researchAndDevelopmentExpenses": 0, "generalAndAdministrativeExpenses": 0, "sellingAndMarketingExpenses": 0, "sellingGeneralAndAdministrativeExpenses": 14793192000, "otherExpenses": 0, "operatingExpenses": 14793192000, "costAndExpenses": 38682198000, "interestIncome": 0, "interestExpense": 0, "depreciationAndAmortization": 1632582000, "ebitda": 8240652000, "ebitdaratio": 0.1778097292, "operatingIncome": 7663140000, "operatingIncomeRatio": 0.16534867, "totalOtherIncomeExpensesNet": 1055070000, "incomeBeforeTax": 6463692000, "incomeBeforeTaxRatio": 0.1394680086, "incomeTaxExpense": 1055070000, "netIncome": 5386410000, "netIncomeRatio": 0.1162233405, "eps": 29.21, "epsdiluted": 29.21, "weightedAverageShsOut": 184600000, "weightedAverageShsOutDil": 184600000, "link": "https://www.sec.gov/Archives/edgar/data/910631/000129281405000362/0001292814-05-000362-index.htm", "finalLink": "https://www.sec.gov/Archives/edgar/data/910631/000129281405000362/kof_form20f.htm", "calculatedOtherExpenses": 0, "calculatedOperatingExpenses": 14793192000, "calculatedNetInterest": 0, "calculatedOtherIncome": -1199448000, "calculatedIncomeNonControlling": 22212000, "calculatedEbitda": 9295722000}, {"date": "2003-12-31", "symbol": "KOF", "reportedCurrency": "MXN", "cik": "0000910631", "fillingDate": "2004-04-05", "acceptedDate": "2004-04-05 17:13:05", "calendarYear": "2003", "period": "FY", "revenue": 35614853905, "costOfRevenue": 17922699848, "grossProfit": 17692154057, "grossProfitRatio": 0.4967633478, "researchAndDevelopmentExpenses": 0, "generalAndAdministrativeExpenses": 0, "sellingAndMarketingExpenses": 0, "sellingGeneralAndAdministrativeExpenses": 11003315739, "otherExpenses": 0, "operatingExpenses": 11003315739, "costAndExpenses": 28926015587, "interestIncome": 0, "interestExpense": 1549203713.64, "depreciationAndAmortization": 1717113467, "ebitda": 9797138568, "ebitdaratio": 0.2750857436, "operatingIncome": 6688838318, "operatingIncomeRatio": 0.187810354, "totalOtherIncomeExpensesNet": -1391186783, "incomeBeforeTax": 3977482838, "incomeBeforeTaxRatio": 0.111680448, "incomeTaxExpense": 1652910700, "netIncome": 2324572138, "netIncomeRatio": 0.0652697367, "eps": 13.56, "epsdiluted": 13.56, "weightedAverageShsOut": 170425000, "weightedAverageShsOutDil": 170425000, "link": "https://www.sec.gov/Archives/edgar/data/910631/000089109204001555/0000891092-04-001555-index.htm", "finalLink": "https://www.sec.gov/Archives/edgar/data/910631/000089109204001555/e17118_20f.htm", "calculatedOtherExpenses": 0, "calculatedOperatingExpenses": 11003315739, "calculatedNetInterest": -1549203713.64, "calculatedOtherIncome": -1162151766.36, "calculatedIncomeNonControlling": 0, "calculatedEbitda": 8405951785}, {"date": "2002-12-31", "symbol": "KOF", "reportedCurrency": "MXN", "cik": "0000910631", "fillingDate": "2003-06-27", "acceptedDate": "2003-06-27 14:46:14", "calendarYear": "2002", "period": "FY", "revenue": 17503116226.75, "costOfRevenue": 8076124372.47, "grossProfit": 9426991854.279999, "grossProfitRatio": 0.5385893422, "researchAndDevelopmentExpenses": 0, "generalAndAdministrativeExpenses": 0, "sellingAndMarketingExpenses": 0, "sellingGeneralAndAdministrativeExpenses": 4979179034.06, "otherExpenses": 37080518.0899992, "operatingExpenses": 5016259552.15, "costAndExpenses": 13092383924.62, "interestIncome": 0, "interestExpense": 0, "depreciationAndAmortization": 1239740213.25, "ebitda": 5602368621.08, "ebitdaratio": 0.3200783534, "operatingIncome": 4410732302.13, "operatingIncomeRatio": 0.2519969727, "totalOtherIncomeExpensesNet": 48103894.3, "incomeBeforeTax": 4377838796.87, "incomeBeforeTaxRatio": 0.2501176785, "incomeTaxExpense": 1830628502.78, "netIncome": 2547210294.09, "netIncomeRatio": 0.1455289596, "eps": 17.87, "epsdiluted": 17.87, "weightedAverageShsOut": 142500000, "weightedAverageShsOutDil": 142500000, "link": "https://www.sec.gov/Archives/edgar/data/910631/000089109203001425/0000891092-03-001425-index.htm", "finalLink": "https://www.sec.gov/Archives/edgar/data/910631/000089109203001425/e14932_20f.htm", "calculatedOtherExpenses": 37080518.089998245, "calculatedOperatingExpenses": 5016259552.149999, "calculatedNetInterest": 0, "calculatedOtherIncome": -32893505.26000023, "calculatedIncomeNonControlling": 0.0, "calculatedEbitda": 5650472515.38}, {"date": "2001-12-31", "symbol": "KOF", "reportedCurrency": "MXN", "cik": "0000910631", "fillingDate": "2002-07-01", "acceptedDate": "2002-07-03 15:46:58", "calendarYear": "2001", "period": "FY", "revenue": 17384450451.84, "costOfRevenue": 8199196750.08, "grossProfit": 9185253701.76, "grossProfitRatio": 0.5283603141, "researchAndDevelopmentExpenses": 0, "generalAndAdministrativeExpenses": 0, "sellingAndMarketingExpenses": 0, "sellingGeneralAndAdministrativeExpenses": 5304472894.08, "otherExpenses": 110404690.56000042, "operatingExpenses": 5414877584.64, "costAndExpenses": 13614074334.72, "interestIncome": 0, "interestExpense": 0, "depreciationAndAmortization": 896398047.36, "ebitda": 4732967865.6, "ebitdaratio": 0.2722529469, "operatingIncome": 3770376117.12, "operatingIncomeRatio": 0.2168820998, "totalOtherIncomeExpensesNet": -66193701.12, "incomeBeforeTax": 3662345232, "incomeBeforeTaxRatio": 0.2106678748, "incomeTaxExpense": 1406493365.76, "netIncome": 2228621316.48, "netIncomeRatio": 0.1281962477, "eps": 15.59, "epsdiluted": 15.59, "weightedAverageShsOut": 142500000, "weightedAverageShsOutDil": 142500000, "link": "https://www.sec.gov/Archives/edgar/data/910631/999999999702037978/9999999997-02-037978-index.htm", "finalLink": "https://www.sec.gov/Archives/edgar/data/910631/999999999702037978/9999999997-02-037978.paper", "calculatedOtherExpenses": 110404690.56000042, "calculatedOperatingExpenses": 5414877584.64, "calculatedNetInterest": 0, "calculatedOtherIncome": -108030885.11999989, "calculatedIncomeNonControlling": 27230549.759999752, "calculatedEbitda": 4666774164.48}, {"date": "2000-12-31", "symbol": "KOF", "reportedCurrency": "MXN", "cik": "0000910631", "fillingDate": "2000-12-31", "acceptedDate": "2000-12-30 19:00:00", "calendarYear": "2000", "period": "FY", "revenue": 16634045734.65, "costOfRevenue": 7385163034.05, "grossProfit": 9248882700.599998, "grossProfitRatio": 0.5560212379, "researchAndDevelopmentExpenses": 0, "generalAndAdministrativeExpenses": 0, "sellingAndMarketingExpenses": 0, "sellingGeneralAndAdministrativeExpenses": 5317125384.6, "otherExpenses": 982679088.1499996, "operatingExpenses": 6299804472.75, "costAndExpenses": 13684967506.8, "interestIncome": 0, "interestExpense": 338226358.05, "depreciationAndAmortization": 982679088.15, "ebitda": 4409916142.95, "ebitdaratio": 0.2651138643, "operatingIncome": 2949078227.85, "operatingIncomeRatio": 0.1772916989, "totalOtherIncomeExpensesNet": -478158826.95, "incomeBeforeTax": 2268914670, "incomeBeforeTaxRatio": 0.1364018535, "incomeTaxExpense": 973079092.35, "netIncome": 1295835577.65, "netIncomeRatio": 0.07790261, "eps": 8.67, "epsdiluted": 8.67, "weightedAverageShsOut": 142500000, "weightedAverageShsOutDil": 142500000, "link": "", "finalLink": "", "calculatedOtherExpenses": 982679088.1499982, "calculatedOperatingExpenses": 6299804472.749998, "calculatedNetInterest": -338226358.05, "calculatedOtherIncome": -341937199.7999999, "calculatedIncomeNonControlling": 0.0, "calculatedEbitda": 3931757316.0}, {"date": "1999-12-31", "symbol": "KOF", "reportedCurrency": "MXN", "cik": "0000910631", "fillingDate": "1999-12-31", "acceptedDate": "1999-12-30 19:00:00", "calendarYear": "1999", "period": "FY", "revenue": 14155018465.98, "costOfRevenue": 6723699754.98, "grossProfit": 7431318711, "grossProfitRatio": 0.5249953385, "researchAndDevelopmentExpenses": 0, "generalAndAdministrativeExpenses": 0, "sellingAndMarketingExpenses": 0, "sellingGeneralAndAdministrativeExpenses": 4513886383.08, "otherExpenses": 869215017.6599998, "operatingExpenses": 5383101400.74, "costAndExpenses": 12106801155.72, "interestIncome": 0, "interestExpense": 0, "depreciationAndAmortization": 869215017.66, "ebitda": 2926192306.44, "ebitdaratio": 0.2067247255, "operatingIncome": 2048217310.26, "operatingIncomeRatio": 0.1446990207, "totalOtherIncomeExpensesNet": -8759978.52, "incomeBeforeTax": 1703948262.42, "incomeBeforeTaxRatio": 0.1203776785, "incomeTaxExpense": 730796005.02, "netIncome": 973152257.4, "netIncomeRatio": 0.0687496282, "eps": 6.62, "epsdiluted": 6.62, "weightedAverageShsOut": 142500000, "weightedAverageShsOutDil": 142500000, "link": "", "finalLink": "", "calculatedOtherExpenses": 869215017.6600001, "calculatedOperatingExpenses": 5383101400.74, "calculatedNetInterest": 0, "calculatedOtherIncome": -344269047.8399999, "calculatedIncomeNonControlling": 1.1920928955078125e-07, "calculatedEbitda": 2917432327.92}, {"date": "1998-12-31", "symbol": "KOF", "reportedCurrency": "MXN", "cik": "0000910631", "fillingDate": "1998-12-31", "acceptedDate": "1998-12-30 19:00:00", "calendarYear": "1998", "period": "FY", "revenue": 12730706100, "costOfRevenue": 6516190800, "grossProfit": 6214515300, "grossProfitRatio": 0.4881516588, "researchAndDevelopmentExpenses": 0, "generalAndAdministrativeExpenses": 0, "sellingAndMarketingExpenses": 0, "sellingGeneralAndAdministrativeExpenses": 3896064900, "otherExpenses": 678522600, "operatingExpenses": 4574587500, "costAndExpenses": 11090778300, "interestIncome": 0, "interestExpense": 0, "depreciationAndAmortization": 678522600, "ebitda": 2478684600, "ebitdaratio": 0.1947012664, "operatingIncome": 1639927800, "operatingIncomeRatio": 0.1288167198, "totalOtherIncomeExpensesNet": -160234200, "incomeBeforeTax": 1032620400, "incomeBeforeTaxRatio": 0.0811125787, "incomeTaxExpense": 384759900, "netIncome": 647860500, "netIncomeRatio": 0.0508895968, "eps": 0.49, "epsdiluted": 0.49, "weightedAverageShsOut": 142500000, "weightedAverageShsOutDil": 142500000, "link": "", "finalLink": "", "calculatedOtherExpenses": 678522600, "calculatedOperatingExpenses": 4574587500, "calculatedNetInterest": 0, "calculatedOtherIncome": -607307400, "calculatedIncomeNonControlling": 0, "calculatedEbitda": 2318450400}, {"date": "1997-12-31", "symbol": "KOF", "reportedCurrency": "MXN", "cik": "0000910631", "fillingDate": "1997-12-31", "acceptedDate": "1997-12-30 19:00:00", "calendarYear": "1997", "period": "FY", "revenue": 9305966600, "costOfRevenue": 4618719800, "grossProfit": 4687246800, "grossProfitRatio": 0.5036818851, "researchAndDevelopmentExpenses": 0, "generalAndAdministrativeExpenses": 0, "sellingAndMarketingExpenses": 0, "sellingGeneralAndAdministrativeExpenses": 2985358600, "otherExpenses": 515968000, "operatingExpenses": 3501326600, "costAndExpenses": 8120046400, "interestIncome": 0, "interestExpense": 0, "depreciationAndAmortization": 514355600, "ebitda": 1688989000, "ebitdaratio": 0.1814952785, "operatingIncome": 1185920200, "operatingIncomeRatio": 0.1274365416, "totalOtherIncomeExpensesNet": 11286800, "incomeBeforeTax": 906975000, "incomeBeforeTaxRatio": 0.0974616651, "incomeTaxExpense": 197519000, "netIncome": 709456000, "netIncomeRatio": 0.0762366802, "eps": 0.48, "epsdiluted": 0.48, "weightedAverageShsOut": 142643000, "weightedAverageShsOutDil": 142643000, "link": "", "finalLink": "", "calculatedOtherExpenses": 515968000, "calculatedOperatingExpenses": 3501326600, "calculatedNetInterest": 0, "calculatedOtherIncome": -278945200, "calculatedIncomeNonControlling": 0, "calculatedEbitda": 1700275800}, {"date": "1996-12-31", "symbol": "KOF", "reportedCurrency": "MXN", "cik": "0000910631", "fillingDate": "1996-12-31", "acceptedDate": "1996-12-30 19:00:00", "calendarYear": "1996", "period": "FY", "revenue": 7635537750, "costOfRevenue": 4220447250, "grossProfit": 3415090500, "grossProfitRatio": 0.4472626044, "researchAndDevelopmentExpenses": 0, "generalAndAdministrativeExpenses": 0, "sellingAndMarketingExpenses": 0, "sellingGeneralAndAdministrativeExpenses": 2571158500, "otherExpenses": 201536000, "operatingExpenses": 2772694500, "costAndExpenses": 6993141750, "interestIncome": 0, "interestExpense": 0, "depreciationAndAmortization": 201536000, "ebitda": 620353000, "ebitdaratio": 0.0812454892, "operatingIncome": 642396000, "operatingIncomeRatio": 0.0841323848, "totalOtherIncomeExpensesNet": 223579000, "incomeBeforeTax": 673098750, "incomeBeforeTaxRatio": 0.0881534179, "incomeTaxExpense": 148003000, "netIncome": 525095750, "netIncomeRatio": 0.0687699763, "eps": 3.39, "epsdiluted": 3.39, "weightedAverageShsOut": 126956522, "weightedAverageShsOutDil": 126956522, "link": "", "finalLink": "", "calculatedOtherExpenses": 201536000, "calculatedOperatingExpenses": 2772694500, "calculatedNetInterest": 0, "calculatedOtherIncome": 30702750, "calculatedIncomeNonControlling": 0, "calculatedEbitda": 843932000}, {"date": "1995-12-31", "symbol": "KOF", "reportedCurrency": "MXN", "cik": "0000910631", "fillingDate": "1995-12-31", "acceptedDate": "1995-12-30 19:00:00", "calendarYear": "1995", "period": "FY", "revenue": 6131639000, "costOfRevenue": 3398675500, "grossProfit": 2732963500, "grossProfitRatio": 0.4457150038, "researchAndDevelopmentExpenses": 0, "generalAndAdministrativeExpenses": 0, "sellingAndMarketingExpenses": 0, "sellingGeneralAndAdministrativeExpenses": 2153547500, "otherExpenses": 205723500, "operatingExpenses": 2359271000, "costAndExpenses": 5757946500, "interestIncome": 0, "interestExpense": 0, "depreciationAndAmortization": 205723500, "ebitda": 387561500, "ebitdaratio": 0.0632068359, "operatingIncome": 373692500, "operatingIncomeRatio": 0.060944961, "totalOtherIncomeExpensesNet": 191854500, "incomeBeforeTax": 461529500, "incomeBeforeTaxRatio": 0.0752701684, "incomeTaxExpense": 104017500, "netIncome": 357512000, "netIncomeRatio": 0.0583061071, "eps": 2.31, "epsdiluted": 2.31, "weightedAverageShsOut": 154666667, "weightedAverageShsOutDil": 154666667, "link": "", "finalLink": "", "calculatedOtherExpenses": 205723500, "calculatedOperatingExpenses": 2359271000, "calculatedNetInterest": 0, "calculatedOtherIncome": 87837000, "calculatedIncomeNonControlling": 0, "calculatedEbitda": 579416000}, {"date": "1994-12-31", "symbol": "KOF", "reportedCurrency": "MXN", "cik": "0000910631", "fillingDate": "1994-12-31", "acceptedDate": "1994-12-30 19:00:00", "calendarYear": "1994", "period": "FY", "revenue": 3822849500, "costOfRevenue": 1907060000, "grossProfit": 1915789500, "grossProfitRatio": 0.501141753, "researchAndDevelopmentExpenses": 0, "generalAndAdministrativeExpenses": 0, "sellingAndMarketingExpenses": 0, "sellingGeneralAndAdministrativeExpenses": 1393362500, "otherExpenses": 65807000, "operatingExpenses": 1459169500, "costAndExpenses": 3366229500, "interestIncome": 0, "interestExpense": 0, "depreciationAndAmortization": 65807000, "ebitda": 468035500, "ebitdaratio": 0.1224310557, "operatingIncome": 456620000, "operatingIncomeRatio": 0.1194449324, "totalOtherIncomeExpensesNet": 54391500, "incomeBeforeTax": 476765000, "incomeBeforeTaxRatio": 0.1247145617, "incomeTaxExpense": 176604500, "netIncome": 300160500, "netIncomeRatio": 0.0785174776, "eps": 1.88, "epsdiluted": 1.88, "weightedAverageShsOut": 159642857, "weightedAverageShsOutDil": 159642857, "link": "", "finalLink": "", "calculatedOtherExpenses": 65807000, "calculatedOperatingExpenses": 1459169500, "calculatedNetInterest": 0, "calculatedOtherIncome": 20145000, "calculatedIncomeNonControlling": 0, "calculatedEbitda": 522427000}]}