{"originalCurrency": "USD", "convertedCurrency": "USD", "report": [{"date": "2024-02-03", "symbol": "KR", "reportedCurrency": "USD", "cik": "0000056873", "fillingDate": "2024-04-02", "acceptedDate": "2024-04-02 16:15:17", "calendarYear": "2023", "period": "FY", "revenue": 150039000000, "costOfRevenue": 119800000000, "grossProfit": 30239000000, "grossProfitRatio": 0.2015409327, "researchAndDevelopmentExpenses": 0, "generalAndAdministrativeExpenses": 861000000, "sellingAndMarketingExpenses": 24397000000, "sellingGeneralAndAdministrativeExpenses": 25258000000, "otherExpenses": 0, "operatingExpenses": 25258000000, "costAndExpenses": 145058000000, "interestIncome": 0, "interestExpense": 441000000, "depreciationAndAmortization": 3750000000, "ebitda": 8731000000, "ebitdaratio": 0.0581915369, "operatingIncome": 4981000000, "operatingIncomeRatio": 0.0331980352, "totalOtherIncomeExpensesNet": -2145000000, "incomeBeforeTax": 2836000000, "incomeBeforeTaxRatio": 0.0189017522, "incomeTaxExpense": 667000000, "netIncome": 2164000000, "netIncomeRatio": 0.0144229167, "eps": 2.99, "epsdiluted": 2.96, "weightedAverageShsOut": 718000000, "weightedAverageShsOutDil": 725000000, "link": "https://www.sec.gov/Archives/edgar/data/56873/000155837024004603/0001558370-24-004603-index.htm", "finalLink": "https://www.sec.gov/Archives/edgar/data/56873/000155837024004603/kr-20240203x10k.htm", "calculatedOtherExpenses": 0, "calculatedOperatingExpenses": 25258000000, "calculatedNetInterest": -441000000, "calculatedOtherIncome": -1704000000, "calculatedIncomeNonControlling": 5000000, "calculatedEbitda": 8731000000}, {"date": "2023-01-28", "symbol": "KR", "reportedCurrency": "USD", "cik": "0000056873", "fillingDate": "2023-03-28", "acceptedDate": "2023-03-28 08:09:40", "calendarYear": "2022", "period": "FY", "revenue": 148258000000, "costOfRevenue": 116480000000, "grossProfit": 31778000000, "grossProfitRatio": 0.214342565, "researchAndDevelopmentExpenses": 0, "generalAndAdministrativeExpenses": 24687000000, "sellingAndMarketingExpenses": 1030000000, "sellingGeneralAndAdministrativeExpenses": 24687000000, "otherExpenses": 2965000000, "operatingExpenses": 27652000000, "costAndExpenses": 144132000000, "interestIncome": 535000000, "interestExpense": 535000000, "depreciationAndAmortization": 3618000000, "ebitda": 7744000000, "ebitdaratio": 0.052233269, "operatingIncome": 4126000000, "operatingIncomeRatio": 0.0278298642, "totalOtherIncomeExpensesNet": -1224000000, "incomeBeforeTax": 2902000000, "incomeBeforeTaxRatio": 0.0195739859, "incomeTaxExpense": 653000000, "netIncome": 2244000000, "netIncomeRatio": 0.0151357768, "eps": 3.1, "epsdiluted": 3.06, "weightedAverageShsOut": 718000000, "weightedAverageShsOutDil": 727000000, "link": "https://www.sec.gov/Archives/edgar/data/56873/000155837023004767/0001558370-23-004767-index.htm", "finalLink": "https://www.sec.gov/Archives/edgar/data/56873/000155837023004767/kr-20230128x10k.htm", "calculatedOtherExpenses": 2965000000, "calculatedOperatingExpenses": 27652000000, "calculatedNetInterest": 0, "calculatedOtherIncome": -1224000000, "calculatedIncomeNonControlling": 5000000, "calculatedEbitda": 7744000000}, {"date": "2022-01-29", "symbol": "KR", "reportedCurrency": "USD", "cik": "0000056873", "fillingDate": "2022-03-29", "acceptedDate": "2022-03-29 15:21:50", "calendarYear": "2021", "period": "FY", "revenue": 137888000000, "costOfRevenue": 107539000000, "grossProfit": 30349000000, "grossProfitRatio": 0.2200989209, "researchAndDevelopmentExpenses": 0, "generalAndAdministrativeExpenses": 24048000000, "sellingAndMarketingExpenses": 984000000, "sellingGeneralAndAdministrativeExpenses": 24048000000, "otherExpenses": 2824000000, "operatingExpenses": 26872000000, "costAndExpenses": 134411000000, "interestIncome": 571000000, "interestExpense": 571000000, "depreciationAndAmortization": 3395000000, "ebitda": 6872000000, "ebitdaratio": 0.0498375493, "operatingIncome": 3477000000, "operatingIncomeRatio": 0.0252161174, "totalOtherIncomeExpensesNet": -1426000000, "incomeBeforeTax": 2051000000, "incomeBeforeTaxRatio": 0.0148743908, "incomeTaxExpense": 385000000, "netIncome": 1655000000, "netIncomeRatio": 0.0120024948, "eps": 2.2, "epsdiluted": 2.17, "weightedAverageShsOut": 744000000, "weightedAverageShsOutDil": 754000000, "link": "https://www.sec.gov/Archives/edgar/data/56873/000155837022004595/0001558370-22-004595-index.htm", "finalLink": "https://www.sec.gov/Archives/edgar/data/56873/000155837022004595/kr-20220129x10k.htm", "calculatedOtherExpenses": 2824000000, "calculatedOperatingExpenses": 26872000000, "calculatedNetInterest": 0, "calculatedOtherIncome": -1426000000, "calculatedIncomeNonControlling": 11000000, "calculatedEbitda": 6872000000}, {"date": "2021-01-30", "symbol": "KR", "reportedCurrency": "USD", "cik": "0000056873", "fillingDate": "2021-03-30", "acceptedDate": "2021-03-30 14:54:31", "calendarYear": "2020", "period": "FY", "revenue": 132498000000, "costOfRevenue": 101597000000, "grossProfit": 30901000000, "grossProfitRatio": 0.2332186146, "researchAndDevelopmentExpenses": 0, "generalAndAdministrativeExpenses": 874000000, "sellingAndMarketingExpenses": 888000000, "sellingGeneralAndAdministrativeExpenses": 874000000, "otherExpenses": 27247000000, "operatingExpenses": 28121000000, "costAndExpenses": 129718000000, "interestIncome": 544000000, "interestExpense": 544000000, "depreciationAndAmortization": 3402000000, "ebitda": 6182000000, "ebitdaratio": 0.046657308, "operatingIncome": 2780000000, "operatingIncomeRatio": 0.0209814488, "totalOtherIncomeExpensesNet": 590000000, "incomeBeforeTax": 3370000000, "incomeBeforeTaxRatio": 0.0254343462, "incomeTaxExpense": 782000000, "netIncome": 2585000000, "netIncomeRatio": 0.0195097284, "eps": 3.31, "epsdiluted": 3.27, "weightedAverageShsOut": 773000000, "weightedAverageShsOutDil": 781000000, "link": "https://www.sec.gov/Archives/edgar/data/56873/000155837021003706/0001558370-21-003706-index.htm", "finalLink": "https://www.sec.gov/Archives/edgar/data/56873/000155837021003706/kr-20210130x10k.htm", "calculatedOtherExpenses": 27247000000, "calculatedOperatingExpenses": 28121000000, "calculatedNetInterest": 0, "calculatedOtherIncome": 590000000, "calculatedIncomeNonControlling": 3000000, "calculatedEbitda": 6182000000}, {"date": "2020-02-01", "symbol": "KR", "reportedCurrency": "USD", "cik": "0000056873", "fillingDate": "2020-04-01", "acceptedDate": "2020-04-01 09:01:18", "calendarYear": "2019", "period": "FY", "revenue": 122286000000, "costOfRevenue": 95294000000, "grossProfit": 26992000000, "grossProfitRatio": 0.2207284562, "researchAndDevelopmentExpenses": 0, "generalAndAdministrativeExpenses": 884000000, "sellingAndMarketingExpenses": 854000000, "sellingGeneralAndAdministrativeExpenses": 884000000, "otherExpenses": 23857000000, "operatingExpenses": 24741000000, "costAndExpenses": 120035000000, "interestIncome": 603000000, "interestExpense": 603000000, "depreciationAndAmortization": 2956000000, "ebitda": 5207000000, "ebitdaratio": 0.042580508, "operatingIncome": 2251000000, "operatingIncomeRatio": 0.0184076673, "totalOtherIncomeExpensesNet": -270000000, "incomeBeforeTax": 1981000000, "incomeBeforeTaxRatio": 0.0161997285, "incomeTaxExpense": 469000000, "netIncome": 1659000000, "netIncomeRatio": 0.0135665571, "eps": 2.05, "epsdiluted": 2.04, "weightedAverageShsOut": 799000000, "weightedAverageShsOutDil": 805000000, "link": "https://www.sec.gov/Archives/edgar/data/56873/000155837020003501/0001558370-20-003501-index.htm", "finalLink": "https://www.sec.gov/Archives/edgar/data/56873/000155837020003501/kr-20200201x10k.htm", "calculatedOtherExpenses": 23857000000, "calculatedOperatingExpenses": 24741000000, "calculatedNetInterest": 0, "calculatedOtherIncome": -270000000, "calculatedIncomeNonControlling": -147000000, "calculatedEbitda": 5207000000}, {"date": "2019-02-02", "symbol": "KR", "reportedCurrency": "USD", "cik": "0000056873", "fillingDate": "2019-04-02", "acceptedDate": "2019-04-02 16:39:37", "calendarYear": "2018", "period": "FY", "revenue": 121162000000, "costOfRevenue": 94894000000, "grossProfit": 26268000000, "grossProfitRatio": 0.2168006471, "researchAndDevelopmentExpenses": 0, "generalAndAdministrativeExpenses": 21189000000, "sellingAndMarketingExpenses": 752000000, "sellingGeneralAndAdministrativeExpenses": 21189000000, "otherExpenses": 2465000000, "operatingExpenses": 23654000000, "costAndExpenses": 118548000000, "interestIncome": 0, "interestExpense": 620000000, "depreciationAndAmortization": 2439000000, "ebitda": 5053000000, "ebitdaratio": 0.0417044948, "operatingIncome": 2614000000, "operatingIncomeRatio": 0.021574421, "totalOtherIncomeExpensesNet": 1364000000, "incomeBeforeTax": 3978000000, "incomeBeforeTaxRatio": 0.0328320761, "incomeTaxExpense": 900000000, "netIncome": 3110000000, "netIncomeRatio": 0.0256681138, "eps": 3.84, "epsdiluted": 3.8, "weightedAverageShsOut": 810000000, "weightedAverageShsOutDil": 818000000, "link": "https://www.sec.gov/Archives/edgar/data/56873/000155837019002756/0001558370-19-002756-index.htm", "finalLink": "https://www.sec.gov/Archives/edgar/data/56873/000155837019002756/kr-20190202x10k.htm", "calculatedOtherExpenses": 2465000000, "calculatedOperatingExpenses": 23654000000, "calculatedNetInterest": -620000000, "calculatedOtherIncome": 1984000000, "calculatedIncomeNonControlling": -32000000, "calculatedEbitda": 5053000000}, {"date": "2018-02-03", "symbol": "KR", "reportedCurrency": "USD", "cik": "0000056873", "fillingDate": "2018-04-03", "acceptedDate": "2018-04-03 17:16:37", "calendarYear": "2017", "period": "FY", "revenue": 122662000000, "costOfRevenue": 95662000000, "grossProfit": 27000000000, "grossProfitRatio": 0.2201170697, "researchAndDevelopmentExpenses": 0, "generalAndAdministrativeExpenses": 911000000, "sellingAndMarketingExpenses": 707000000, "sellingGeneralAndAdministrativeExpenses": 911000000, "otherExpenses": 2436000000, "operatingExpenses": 24915000000, "costAndExpenses": 120577000000, "interestIncome": 0, "interestExpense": 601000000, "depreciationAndAmortization": 2436000000, "ebitda": 4521000000, "ebitdaratio": 0.0368573804, "operatingIncome": 2085000000, "operatingIncomeRatio": 0.0169979293, "totalOtherIncomeExpensesNet": -601000000, "incomeBeforeTax": 1484000000, "incomeBeforeTaxRatio": 0.0120982863, "incomeTaxExpense": -405000000, "netIncome": 1907000000, "netIncomeRatio": 0.0155467871, "eps": 2.11, "epsdiluted": 2.09, "weightedAverageShsOut": 895000000, "weightedAverageShsOutDil": 904000000, "link": "https://www.sec.gov/Archives/edgar/data/56873/000155837018002753/0001558370-18-002753-index.htm", "finalLink": "https://www.sec.gov/Archives/edgar/data/56873/000155837018002753/kr-20180203x10k.htm", "calculatedOtherExpenses": 24004000000, "calculatedOperatingExpenses": 24915000000, "calculatedNetInterest": -601000000, "calculatedOtherIncome": 0, "calculatedIncomeNonControlling": -18000000, "calculatedEbitda": 4521000000}, {"date": "2017-01-28", "symbol": "KR", "reportedCurrency": "USD", "cik": "0000056873", "fillingDate": "2017-03-28", "acceptedDate": "2017-03-28 16:47:20", "calendarYear": "2016", "period": "FY", "revenue": 115337000000, "costOfRevenue": 89502000000, "grossProfit": 25835000000, "grossProfitRatio": 0.2239957689, "researchAndDevelopmentExpenses": 0, "generalAndAdministrativeExpenses": 881000000, "sellingAndMarketingExpenses": 717000000, "sellingGeneralAndAdministrativeExpenses": 881000000, "otherExpenses": 2340000000, "operatingExpenses": 22399000000, "costAndExpenses": 111901000000, "interestIncome": 0, "interestExpense": 522000000, "depreciationAndAmortization": 2340000000, "ebitda": 5776000000, "ebitdaratio": 0.0500793327, "operatingIncome": 3436000000, "operatingIncomeRatio": 0.0297909604, "totalOtherIncomeExpensesNet": -522000000, "incomeBeforeTax": 2914000000, "incomeBeforeTaxRatio": 0.0252650927, "incomeTaxExpense": 957000000, "netIncome": 1975000000, "netIncomeRatio": 0.0171237331, "eps": 2.08, "epsdiluted": 2.05, "weightedAverageShsOut": 942000000, "weightedAverageShsOutDil": 958000000, "link": "https://www.sec.gov/Archives/edgar/data/56873/000155837017002198/0001558370-17-002198-index.htm", "finalLink": "https://www.sec.gov/Archives/edgar/data/56873/000155837017002198/kr-20170128x10k.htm", "calculatedOtherExpenses": 21518000000, "calculatedOperatingExpenses": 22399000000, "calculatedNetInterest": -522000000, "calculatedOtherIncome": 0, "calculatedIncomeNonControlling": -18000000, "calculatedEbitda": 5776000000}, {"date": "2016-01-30", "symbol": "KR", "reportedCurrency": "USD", "cik": "0000056873", "fillingDate": "2016-03-29", "acceptedDate": "2016-03-29 15:38:40", "calendarYear": "2015", "period": "FY", "revenue": 109830000000, "costOfRevenue": 85496000000, "grossProfit": 24334000000, "grossProfitRatio": 0.2215605936, "researchAndDevelopmentExpenses": 0, "generalAndAdministrativeExpenses": 723000000, "sellingAndMarketingExpenses": 679000000, "sellingGeneralAndAdministrativeExpenses": 723000000, "otherExpenses": 2089000000, "operatingExpenses": 20758000000, "costAndExpenses": 106254000000, "interestIncome": 0, "interestExpense": 482000000, "depreciationAndAmortization": 2089000000, "ebitda": 5665000000, "ebitdaratio": 0.0515797141, "operatingIncome": 3576000000, "operatingIncomeRatio": 0.03255941, "totalOtherIncomeExpensesNet": -482000000, "incomeBeforeTax": 3094000000, "incomeBeforeTaxRatio": 0.0281708094, "incomeTaxExpense": 1045000000, "netIncome": 2039000000, "netIncomeRatio": 0.0185650551, "eps": 2.09, "epsdiluted": 2.06, "weightedAverageShsOut": 966000000, "weightedAverageShsOutDil": 980000000, "link": "https://www.sec.gov/Archives/edgar/data/56873/000110465916108277/0001104659-16-108277-index.htm", "finalLink": "https://www.sec.gov/Archives/edgar/data/56873/000110465916108277/a15-23178_110k.htm", "calculatedOtherExpenses": 20035000000, "calculatedOperatingExpenses": 20758000000, "calculatedNetInterest": -482000000, "calculatedOtherIncome": 0, "calculatedIncomeNonControlling": 10000000, "calculatedEbitda": 5665000000}, {"date": "2015-01-31", "symbol": "KR", "reportedCurrency": "USD", "cik": "0000056873", "fillingDate": "2015-03-31", "acceptedDate": "2015-03-31 13:33:42", "calendarYear": "2014", "period": "FY", "revenue": 108465000000, "costOfRevenue": 85512000000, "grossProfit": 22953000000, "grossProfitRatio": 0.2116166505, "researchAndDevelopmentExpenses": 0, "generalAndAdministrativeExpenses": 707000000, "sellingAndMarketingExpenses": 648000000, "sellingGeneralAndAdministrativeExpenses": 707000000, "otherExpenses": 1948000000, "operatingExpenses": 19816000000, "costAndExpenses": 105328000000, "interestIncome": 0, "interestExpense": 488000000, "depreciationAndAmortization": 1948000000, "ebitda": 5085000000, "ebitdaratio": 0.0468814825, "operatingIncome": 3137000000, "operatingIncomeRatio": 0.028921772, "totalOtherIncomeExpensesNet": -488000000, "incomeBeforeTax": 2649000000, "incomeBeforeTaxRatio": 0.0244226248, "incomeTaxExpense": 902000000, "netIncome": 1728000000, "netIncomeRatio": 0.0159314064, "eps": 1.75, "epsdiluted": 1.72, "weightedAverageShsOut": 980000000, "weightedAverageShsOutDil": 994000000, "link": "https://www.sec.gov/Archives/edgar/data/56873/000110465915024557/0001104659-15-024557-index.htm", "finalLink": "https://www.sec.gov/Archives/edgar/data/56873/000110465915024557/a15-1850_110k.htm", "calculatedOtherExpenses": 19109000000, "calculatedOperatingExpenses": 19816000000, "calculatedNetInterest": -488000000, "calculatedOtherIncome": 0, "calculatedIncomeNonControlling": 19000000, "calculatedEbitda": 5085000000}, {"date": "2014-02-01", "symbol": "KR", "reportedCurrency": "USD", "cik": "0000056873", "fillingDate": "2014-04-01", "acceptedDate": "2014-04-01 15:13:54", "calendarYear": "2013", "period": "FY", "revenue": 98375000000, "costOfRevenue": 78138000000, "grossProfit": 20237000000, "grossProfitRatio": 0.2057128335, "researchAndDevelopmentExpenses": 0, "generalAndAdministrativeExpenses": 613000000, "sellingAndMarketingExpenses": 587000000, "sellingGeneralAndAdministrativeExpenses": 613000000, "otherExpenses": 1703000000, "operatingExpenses": 17512000000, "costAndExpenses": 95650000000, "interestIncome": 0, "interestExpense": 443000000, "depreciationAndAmortization": 1703000000, "ebitda": 4428000000, "ebitdaratio": 0.0450114358, "operatingIncome": 2725000000, "operatingIncomeRatio": 0.0277001271, "totalOtherIncomeExpensesNet": -443000000, "incomeBeforeTax": 2282000000, "incomeBeforeTaxRatio": 0.0231969504, "incomeTaxExpense": 751000000, "netIncome": 1519000000, "netIncomeRatio": 0.0154409149, "eps": 1.47, "epsdiluted": 1.45, "weightedAverageShsOut": 1028000000, "weightedAverageShsOutDil": 1040000000, "link": "https://www.sec.gov/Archives/edgar/data/56873/000110465914024819/0001104659-14-024819-index.htm", "finalLink": "https://www.sec.gov/Archives/edgar/data/56873/000110465914024819/a14-2996_110k.htm", "calculatedOtherExpenses": 16899000000, "calculatedOperatingExpenses": 17512000000, "calculatedNetInterest": -443000000, "calculatedOtherIncome": 0, "calculatedIncomeNonControlling": 12000000, "calculatedEbitda": 4428000000}, {"date": "2013-02-02", "symbol": "KR", "reportedCurrency": "USD", "cik": "0000056873", "fillingDate": "2013-04-02", "acceptedDate": "2013-04-02 14:02:39", "calendarYear": "2012", "period": "FY", "revenue": 96751300000, "costOfRevenue": 76858200000, "grossProfit": 19893100000, "grossProfitRatio": 0.205610674, "researchAndDevelopmentExpenses": 0, "generalAndAdministrativeExpenses": 628400000, "sellingAndMarketingExpenses": 553000000, "sellingGeneralAndAdministrativeExpenses": 628400000, "otherExpenses": 1652000000, "operatingExpenses": 17129600000, "costAndExpenses": 93987800000, "interestIncome": 0, "interestExpense": 462000000, "depreciationAndAmortization": 1651500000, "ebitda": 4415000000, "ebitdaratio": 0.0456324618, "operatingIncome": 2763500000, "operatingIncomeRatio": 0.0285629237, "totalOtherIncomeExpensesNet": -462000000, "incomeBeforeTax": 2301500000, "incomeBeforeTaxRatio": 0.0237877941, "incomeTaxExpense": 793800000, "netIncome": 1496500000, "netIncomeRatio": 0.0154674924, "eps": 1.39, "epsdiluted": 1.39, "weightedAverageShsOut": 1066800000, "weightedAverageShsOutDil": 1073200000, "link": "https://www.sec.gov/Archives/edgar/data/56873/000110465913026395/0001104659-13-026395-index.htm", "finalLink": "https://www.sec.gov/Archives/edgar/data/56873/000110465913026395/a13-2426_110k.htm", "calculatedOtherExpenses": 16501200000, "calculatedOperatingExpenses": 17129600000, "calculatedNetInterest": -462000000, "calculatedOtherIncome": 0, "calculatedIncomeNonControlling": 11200000, "calculatedEbitda": 4415000000}, {"date": "2012-01-28", "symbol": "KR", "reportedCurrency": "USD", "cik": "0000056873", "fillingDate": "2012-03-27", "acceptedDate": "2012-03-27 15:28:04", "calendarYear": "2011", "period": "FY", "revenue": 90374400000, "costOfRevenue": 71494600000, "grossProfit": 18879800000, "grossProfitRatio": 0.2089065045, "researchAndDevelopmentExpenses": 0, "generalAndAdministrativeExpenses": 15963600000, "sellingAndMarketingExpenses": 0, "sellingGeneralAndAdministrativeExpenses": 15963600000, "otherExpenses": 1638000000, "operatingExpenses": 17601400000, "costAndExpenses": 89096000000, "interestIncome": 0, "interestExpense": 434900000, "depreciationAndAmortization": 1637800000, "ebitda": 2916200000, "ebitdaratio": 0.0322679874, "operatingIncome": 1278400000, "operatingIncomeRatio": 0.0141455988, "totalOtherIncomeExpensesNet": -434900000, "incomeBeforeTax": 843500000, "incomeBeforeTaxRatio": 0.0093333953, "incomeTaxExpense": 247400000, "netIncome": 602100000, "netIncomeRatio": 0.0066622849, "eps": 0.51, "epsdiluted": 0.51, "weightedAverageShsOut": 1179200000, "weightedAverageShsOutDil": 1186400000, "link": "https://www.sec.gov/Archives/edgar/data/56873/000110465912021358/0001104659-12-021358-index.htm", "finalLink": "https://www.sec.gov/Archives/edgar/data/56873/000110465912021358/a12-1263_110k.htm", "calculatedOtherExpenses": 1637800000, "calculatedOperatingExpenses": 17601400000, "calculatedNetInterest": -434900000, "calculatedOtherIncome": 0, "calculatedIncomeNonControlling": -6000000, "calculatedEbitda": 2916200000}, {"date": "2011-01-29", "symbol": "KR", "reportedCurrency": "USD", "cik": "0000056873", "fillingDate": "2011-03-29", "acceptedDate": "2011-03-29 14:04:28", "calendarYear": "2010", "period": "FY", "revenue": 82189400000, "costOfRevenue": 63927800000, "grossProfit": 18261600000, "grossProfitRatio": 0.2221892361, "researchAndDevelopmentExpenses": 0, "generalAndAdministrativeExpenses": 14461200000, "sellingAndMarketingExpenses": 0, "sellingGeneralAndAdministrativeExpenses": 14461200000, "otherExpenses": 1600000000, "operatingExpenses": 16061100000, "costAndExpenses": 79988900000, "interestIncome": 0, "interestExpense": 447600000, "depreciationAndAmortization": 1599900000, "ebitda": 3800400000, "ebitdaratio": 0.0462395394, "operatingIncome": 2181900000, "operatingIncomeRatio": 0.026547219, "totalOtherIncomeExpensesNet": -18600000, "incomeBeforeTax": 1734300000, "incomeBeforeTaxRatio": 0.0211012612, "incomeTaxExpense": 601300000, "netIncome": 1116300000, "netIncomeRatio": 0.0135820434, "eps": 0.88, "epsdiluted": 0.87, "weightedAverageShsOut": 1270400000, "weightedAverageShsOutDil": 1276600000, "link": "https://www.sec.gov/Archives/edgar/data/56873/000110465911017372/0001104659-11-017372-index.htm", "finalLink": "https://www.sec.gov/Archives/edgar/data/56873/000110465911017372/a11-2299_110k.htm", "calculatedOtherExpenses": 1618500000, "calculatedOperatingExpenses": 16079700000, "calculatedNetInterest": -447600000, "calculatedOtherIncome": 0, "calculatedIncomeNonControlling": 16700000, "calculatedEbitda": 3781800000}, {"date": "2010-01-30", "symbol": "KR", "reportedCurrency": "USD", "cik": "0000056873", "fillingDate": "2010-03-30", "acceptedDate": "2010-03-30 13:51:40", "calendarYear": "2009", "period": "FY", "revenue": 76733200000, "costOfRevenue": 58958300000, "grossProfit": 17774900000, "grossProfitRatio": 0.2316454937, "researchAndDevelopmentExpenses": 0, "generalAndAdministrativeExpenses": 14045900000, "sellingAndMarketingExpenses": 0, "sellingGeneralAndAdministrativeExpenses": 14045900000, "otherExpenses": 1525000000, "operatingExpenses": 15570800000, "costAndExpenses": 74529100000, "interestIncome": 0, "interestExpense": 502300000, "depreciationAndAmortization": 1524900000, "ebitda": 3729000000, "ebitdaratio": 0.0485969567, "operatingIncome": 1091000000, "operatingIncomeRatio": 0.0142180959, "totalOtherIncomeExpensesNet": -1112700000, "incomeBeforeTax": 589100000, "incomeBeforeTaxRatio": 0.0076772505, "incomeTaxExpense": 532400000, "netIncome": 70000000, "netIncomeRatio": 0.0009122518, "eps": 0.055, "epsdiluted": 0.055, "weightedAverageShsOut": 1293200000, "weightedAverageShsOutDil": 1300200000, "link": "https://www.sec.gov/Archives/edgar/data/56873/000110465910017258/0001104659-10-017258-index.htm", "finalLink": "https://www.sec.gov/Archives/edgar/data/56873/000110465910017258/a09-36165_110k.htm", "calculatedOtherExpenses": 2638000000, "calculatedOperatingExpenses": 16683900000, "calculatedNetInterest": -502300000, "calculatedOtherIncome": 400000, "calculatedIncomeNonControlling": -13300000, "calculatedEbitda": 2615900000}, {"date": "2009-01-31", "symbol": "KR", "reportedCurrency": "USD", "cik": "0000056873", "fillingDate": "2009-03-31", "acceptedDate": "2009-03-31 15:23:57", "calendarYear": "2008", "period": "FY", "revenue": 76000000000, "costOfRevenue": 58564000000, "grossProfit": 17436000000, "grossProfitRatio": 0.2294210526, "researchAndDevelopmentExpenses": 0, "generalAndAdministrativeExpenses": 13543000000, "sellingAndMarketingExpenses": 0, "sellingGeneralAndAdministrativeExpenses": 13543000000, "otherExpenses": 1442000000, "operatingExpenses": 14985000000, "costAndExpenses": 73549000000, "interestIncome": 0, "interestExpense": 485000000, "depreciationAndAmortization": 1442000000, "ebitda": 3893000000, "ebitdaratio": 0.0512236842, "operatingIncome": 2451000000, "operatingIncomeRatio": 0.03225, "totalOtherIncomeExpensesNet": -485000000, "incomeBeforeTax": 1966000000, "incomeBeforeTaxRatio": 0.0258684211, "incomeTaxExpense": 717000000, "netIncome": 1249000000, "netIncomeRatio": 0.0164342105, "eps": 0.96, "epsdiluted": 0.95, "weightedAverageShsOut": 1304000000, "weightedAverageShsOutDil": 1316000000, "link": "https://www.sec.gov/Archives/edgar/data/56873/000110465909021710/0001104659-09-021710-index.htm", "finalLink": "https://www.sec.gov/Archives/edgar/data/56873/000110465909021710/a09-1837_110k.htm", "calculatedOtherExpenses": 1442000000, "calculatedOperatingExpenses": 14985000000, "calculatedNetInterest": -485000000, "calculatedOtherIncome": 0, "calculatedIncomeNonControlling": 0, "calculatedEbitda": 3893000000}, {"date": "2008-02-02", "symbol": "KR", "reportedCurrency": "USD", "cik": "0000056873", "fillingDate": "2008-04-01", "acceptedDate": "2008-04-01 17:13:20", "calendarYear": "2007", "period": "FY", "revenue": 70235000000, "costOfRevenue": 53779000000, "grossProfit": 16456000000, "grossProfitRatio": 0.2342991386, "researchAndDevelopmentExpenses": 0, "generalAndAdministrativeExpenses": 12799000000, "sellingAndMarketingExpenses": 0, "sellingGeneralAndAdministrativeExpenses": 12799000000, "otherExpenses": 1356000000, "operatingExpenses": 14155000000, "costAndExpenses": 67934000000, "interestIncome": 0, "interestExpense": 474000000, "depreciationAndAmortization": 1356000000, "ebitda": 3657000000, "ebitdaratio": 0.0520680572, "operatingIncome": 2301000000, "operatingIncomeRatio": 0.0327614437, "totalOtherIncomeExpensesNet": -474000000, "incomeBeforeTax": 1827000000, "incomeBeforeTaxRatio": 0.0260126717, "incomeTaxExpense": 646000000, "netIncome": 1181000000, "netIncomeRatio": 0.0168149783, "eps": 0.88, "epsdiluted": 0.87, "weightedAverageShsOut": 1380000000, "weightedAverageShsOutDil": 1394000000, "link": "https://www.sec.gov/Archives/edgar/data/56873/000110465908021727/0001104659-08-021727-index.htm", "finalLink": "https://www.sec.gov/Archives/edgar/data/56873/000110465908021727/a08-9380_110k.htm", "calculatedOtherExpenses": 1356000000, "calculatedOperatingExpenses": 14155000000, "calculatedNetInterest": -474000000, "calculatedOtherIncome": 0, "calculatedIncomeNonControlling": 0, "calculatedEbitda": 3657000000}, {"date": "2007-02-03", "symbol": "KR", "reportedCurrency": "USD", "cik": "0000056873", "fillingDate": "2007-04-04", "acceptedDate": "2007-04-04 11:40:49", "calendarYear": "2006", "period": "FY", "revenue": 66111000000, "costOfRevenue": 50115000000, "grossProfit": 15996000000, "grossProfitRatio": 0.2419567092, "researchAndDevelopmentExpenses": 0, "generalAndAdministrativeExpenses": 12488000000, "sellingAndMarketingExpenses": 0, "sellingGeneralAndAdministrativeExpenses": 12488000000, "otherExpenses": 1272000000, "operatingExpenses": 13760000000, "costAndExpenses": 63875000000, "interestIncome": 0, "interestExpense": 488000000, "depreciationAndAmortization": 1272000000, "ebitda": 3508000000, "ebitdaratio": 0.0530622741, "operatingIncome": 2236000000, "operatingIncomeRatio": 0.0338219056, "totalOtherIncomeExpensesNet": -99000000, "incomeBeforeTax": 1748000000, "incomeBeforeTaxRatio": 0.0264403806, "incomeTaxExpense": 633000000, "netIncome": 1115000000, "netIncomeRatio": 0.0168655746, "eps": 0.78, "epsdiluted": 0.77, "weightedAverageShsOut": 1430000000, "weightedAverageShsOutDil": 1446000000, "link": "https://www.sec.gov/Archives/edgar/data/56873/000120677407000901/0001206774-07-000901-index.htm", "finalLink": "https://www.sec.gov/Archives/edgar/data/56873/000120677407000901/kroger_10k.htm", "calculatedOtherExpenses": 1272000000, "calculatedOperatingExpenses": 13760000000, "calculatedNetInterest": -488000000, "calculatedOtherIncome": 0, "calculatedIncomeNonControlling": 0, "calculatedEbitda": 3508000000}, {"date": "2006-01-28", "symbol": "KR", "reportedCurrency": "USD", "cik": "0000056873", "fillingDate": "2006-04-07", "acceptedDate": "2006-04-07 17:19:42", "calendarYear": "2005", "period": "FY", "revenue": 60553000000, "costOfRevenue": 45565000000, "grossProfit": 14988000000, "grossProfitRatio": 0.2475187026, "researchAndDevelopmentExpenses": 0, "generalAndAdministrativeExpenses": 11688000000, "sellingAndMarketingExpenses": 0, "sellingGeneralAndAdministrativeExpenses": 11688000000, "otherExpenses": 1265000000, "operatingExpenses": 12953000000, "costAndExpenses": 58518000000, "interestIncome": 0, "interestExpense": 510000000, "depreciationAndAmortization": 1265000000, "ebitda": 3300000000, "ebitdaratio": 0.0544977127, "operatingIncome": 2035000000, "operatingIncomeRatio": 0.0336069229, "totalOtherIncomeExpensesNet": -510000000, "incomeBeforeTax": 1525000000, "incomeBeforeTaxRatio": 0.0251845491, "incomeTaxExpense": 567000000, "netIncome": 958000000, "netIncomeRatio": 0.0158208512, "eps": 0.66, "epsdiluted": 0.66, "weightedAverageShsOut": 1448000000, "weightedAverageShsOutDil": 1462000000, "link": "https://www.sec.gov/Archives/edgar/data/56873/000120677406000702/0001206774-06-000702-index.htm", "finalLink": "https://www.sec.gov/Archives/edgar/data/56873/000120677406000702/kc120844.htm", "calculatedOtherExpenses": 1265000000, "calculatedOperatingExpenses": 12953000000, "calculatedNetInterest": -510000000, "calculatedOtherIncome": 0, "calculatedIncomeNonControlling": 0, "calculatedEbitda": 3300000000}, {"date": "2005-01-29", "symbol": "KR", "reportedCurrency": "USD", "cik": "0000056873", "fillingDate": "2005-04-15", "acceptedDate": "2005-04-15 09:19:34", "calendarYear": "2004", "period": "FY", "revenue": 56434000000, "costOfRevenue": 42140000000, "grossProfit": 14294000000, "grossProfitRatio": 0.2532870256, "researchAndDevelopmentExpenses": 0, "generalAndAdministrativeExpenses": 11291000000, "sellingAndMarketingExpenses": 0, "sellingGeneralAndAdministrativeExpenses": 11291000000, "otherExpenses": 2156000000, "operatingExpenses": 13447000000, "costAndExpenses": 55587000000, "interestIncome": 0, "interestExpense": 557000000, "depreciationAndAmortization": 1256000000, "ebitda": 3003000000, "ebitdaratio": 0.0532126023, "operatingIncome": 847000000, "operatingIncomeRatio": 0.0150086827, "totalOtherIncomeExpensesNet": -900000000, "incomeBeforeTax": 290000000, "incomeBeforeTaxRatio": 0.0051387461, "incomeTaxExpense": 390000000, "netIncome": -100000000, "netIncomeRatio": -0.0017719814, "eps": -0.0679, "epsdiluted": -0.0679, "weightedAverageShsOut": 1472000000, "weightedAverageShsOutDil": 1472000000, "link": "https://www.sec.gov/Archives/edgar/data/56873/000119312505077143/0001193125-05-077143-index.htm", "finalLink": "https://www.sec.gov/Archives/edgar/data/56873/000119312505077143/d10k.htm", "calculatedOtherExpenses": 2156000000, "calculatedOperatingExpenses": 13447000000, "calculatedNetInterest": -557000000, "calculatedOtherIncome": 0, "calculatedIncomeNonControlling": 0, "calculatedEbitda": 2103000000}, {"date": "2004-01-31", "symbol": "KR", "reportedCurrency": "USD", "cik": "0000056873", "fillingDate": "2004-04-14", "acceptedDate": "2004-04-14 16:46:11", "calendarYear": "2003", "period": "FY", "revenue": 53791000000, "costOfRevenue": 39637000000, "grossProfit": 14154000000, "grossProfitRatio": 0.2631295198, "researchAndDevelopmentExpenses": 0, "generalAndAdministrativeExpenses": 11007000000, "sellingAndMarketingExpenses": 0, "sellingGeneralAndAdministrativeExpenses": 11007000000, "otherExpenses": 1773000000, "operatingExpenses": 12780000000, "costAndExpenses": 52417000000, "interestIncome": 0, "interestExpense": 604000000, "depreciationAndAmortization": 1209000000, "ebitda": 3147000000, "ebitdaratio": 0.0585042107, "operatingIncome": 1374000000, "operatingIncomeRatio": 0.0255433065, "totalOtherIncomeExpensesNet": -564000000, "incomeBeforeTax": 770000000, "incomeBeforeTaxRatio": 0.0143146623, "incomeTaxExpense": 455000000, "netIncome": 315000000, "netIncomeRatio": 0.0058559982, "eps": 0.21, "epsdiluted": 0.21, "weightedAverageShsOut": 1494000000, "weightedAverageShsOutDil": 1508000000, "link": "https://www.sec.gov/Archives/edgar/data/56873/000119312504062346/0001193125-04-062346-index.htm", "finalLink": "https://www.sec.gov/Archives/edgar/data/56873/000119312504062346/d10k.htm", "calculatedOtherExpenses": 1773000000, "calculatedOperatingExpenses": 12780000000, "calculatedNetInterest": -604000000, "calculatedOtherIncome": 0, "calculatedIncomeNonControlling": 0, "calculatedEbitda": 2583000000}, {"date": "2003-02-01", "symbol": "KR", "reportedCurrency": "USD", "cik": "0000056873", "fillingDate": "2003-05-02", "acceptedDate": "2003-05-02 13:47:17", "calendarYear": "2002", "period": "FY", "revenue": 51760000000, "costOfRevenue": 37810000000, "grossProfit": 13950000000, "grossProfitRatio": 0.2695131376, "researchAndDevelopmentExpenses": 0, "generalAndAdministrativeExpenses": 10274000000, "sellingAndMarketingExpenses": 0, "sellingGeneralAndAdministrativeExpenses": 10274000000, "otherExpenses": 1087000000, "operatingExpenses": 11361000000, "costAndExpenses": 49171000000, "interestIncome": 0, "interestExpense": 660000000, "depreciationAndAmortization": 1087000000, "ebitda": 3692000000, "ebitdaratio": 0.0713292117, "operatingIncome": 2573000000, "operatingIncomeRatio": 0.0497102009, "totalOtherIncomeExpensesNet": -16000000, "incomeBeforeTax": 1973000000, "incomeBeforeTaxRatio": 0.038118238, "incomeTaxExpense": 740000000, "netIncome": 1205000000, "netIncomeRatio": 0.0232805255, "eps": 0.77, "epsdiluted": 0.76, "weightedAverageShsOut": 1558000000, "weightedAverageShsOutDil": 1582000000, "link": "https://www.sec.gov/Archives/edgar/data/56873/000095016803001570/0000950168-03-001570-index.htm", "finalLink": "https://www.sec.gov/Archives/edgar/data/56873/000095016803001570/d10k.htm", "calculatedOtherExpenses": 1103000000, "calculatedOperatingExpenses": 11377000000, "calculatedNetInterest": -660000000, "calculatedOtherIncome": 60000000, "calculatedIncomeNonControlling": 28000000, "calculatedEbitda": 3660000000}, {"date": "2002-02-02", "symbol": "KR", "reportedCurrency": "USD", "cik": "0000056873", "fillingDate": "2002-05-01", "acceptedDate": "2002-05-01 16:30:27", "calendarYear": "2001", "period": "FY", "revenue": 50098000000, "costOfRevenue": 36398000000, "grossProfit": 13700000000, "grossProfitRatio": 0.2734640105, "researchAndDevelopmentExpenses": 0, "generalAndAdministrativeExpenses": 10133000000, "sellingAndMarketingExpenses": 0, "sellingGeneralAndAdministrativeExpenses": 10133000000, "otherExpenses": 1167000000, "operatingExpenses": 11300000000, "costAndExpenses": 47698000000, "interestIncome": 0, "interestExpense": 689000000, "depreciationAndAmortization": 1076000000, "ebitda": 3608000000, "ebitdaratio": 0.0720188431, "operatingIncome": 2359000000, "operatingIncomeRatio": 0.0470877081, "totalOtherIncomeExpensesNet": -132000000, "incomeBeforeTax": 1711000000, "incomeBeforeTaxRatio": 0.03415306, "incomeTaxExpense": 668000000, "netIncome": 1043000000, "netIncomeRatio": 0.0208191944, "eps": 0.63, "epsdiluted": 0.63, "weightedAverageShsOut": 1650000000, "weightedAverageShsOutDil": 1650000000, "link": "https://www.sec.gov/Archives/edgar/data/56873/000095010902002476/0000950109-02-002476-index.htm", "finalLink": "https://www.sec.gov/Archives/edgar/data/56873/000095010902002476/d10k.htm", "calculatedOtherExpenses": 1208000000, "calculatedOperatingExpenses": 11341000000, "calculatedNetInterest": -689000000, "calculatedOtherIncome": 41000000, "calculatedIncomeNonControlling": 0, "calculatedEbitda": 3435000000}, {"date": "2001-02-03", "symbol": "KR", "reportedCurrency": "USD", "cik": "0000056873", "fillingDate": "2001-05-02", "acceptedDate": "2001-05-02 00:00:00", "calendarYear": "2000", "period": "FY", "revenue": 49000000000, "costOfRevenue": 35806000000, "grossProfit": 13194000000, "grossProfitRatio": 0.2692653061, "researchAndDevelopmentExpenses": 0, "generalAndAdministrativeExpenses": 9797000000, "sellingAndMarketingExpenses": 0, "sellingGeneralAndAdministrativeExpenses": 9797000000, "otherExpenses": 1008000000, "operatingExpenses": 10805000000, "costAndExpenses": 46611000000, "interestIncome": 0, "interestExpense": 884000000, "depreciationAndAmortization": 1008000000, "ebitda": 3603000000, "ebitdaratio": 0.0735306122, "operatingIncome": 2389000000, "operatingIncomeRatio": 0.048755102, "totalOtherIncomeExpensesNet": -206000000, "incomeBeforeTax": 1508000000, "incomeBeforeTaxRatio": 0.0307755102, "incomeTaxExpense": 628000000, "netIncome": 877000000, "netIncomeRatio": 0.0178979592, "eps": 0.54, "epsdiluted": 0.52, "weightedAverageShsOut": 1646000000, "weightedAverageShsOutDil": 1692000000, "link": "https://www.sec.gov/Archives/edgar/data/56873/000095015201501370/0000950152-01-501370-index.htm", "finalLink": "https://www.sec.gov/Archives/edgar/data/56873/000095015201501370/l87047ae10-k.txt", "calculatedOtherExpenses": 1008000000, "calculatedOperatingExpenses": 10805000000, "calculatedNetInterest": -884000000, "calculatedOtherIncome": 3000000, "calculatedIncomeNonControlling": 3000000, "calculatedEbitda": 3397000000}, {"date": "2000-01-29", "symbol": "KR", "reportedCurrency": "USD", "cik": "0000056873", "fillingDate": "2000-04-27", "acceptedDate": "2000-04-27 00:00:00", "calendarYear": "1999", "period": "FY", "revenue": 45352000000, "costOfRevenue": 33331000000, "grossProfit": 12021000000, "grossProfitRatio": 0.2650599753, "researchAndDevelopmentExpenses": 0, "generalAndAdministrativeExpenses": 8896000000, "sellingAndMarketingExpenses": 0, "sellingGeneralAndAdministrativeExpenses": 8896000000, "otherExpenses": 961000000, "operatingExpenses": 9857000000, "costAndExpenses": 43188000000, "interestIncome": 0, "interestExpense": 1045000000, "depreciationAndAmortization": 961000000, "ebitda": 3508000000, "ebitdaratio": 0.0773505027, "operatingIncome": 2164000000, "operatingIncomeRatio": 0.0477156465, "totalOtherIncomeExpensesNet": -383000000, "incomeBeforeTax": 1129000000, "incomeBeforeTaxRatio": 0.0248941612, "incomeTaxExpense": 491000000, "netIncome": 628000000, "netIncomeRatio": 0.0138472394, "eps": 0.37, "epsdiluted": 0.36, "weightedAverageShsOut": 1658000000, "weightedAverageShsOutDil": 1716000000, "link": "https://www.sec.gov/Archives/edgar/data/56873/000095015200003212/0000950152-00-003212-index.html", "finalLink": "https://www.sec.gov/Archives/edgar/data/56873/000095015200003212/", "calculatedOtherExpenses": 961000000, "calculatedOperatingExpenses": 9857000000, "calculatedNetInterest": -1045000000, "calculatedOtherIncome": 10000000, "calculatedIncomeNonControlling": 10000000, "calculatedEbitda": 3125000000}, {"date": "1999-01-02", "symbol": "KR", "reportedCurrency": "USD", "cik": "0000056873", "fillingDate": "1999-03-26", "acceptedDate": "1999-03-26 00:00:00", "calendarYear": "1998", "period": "FY", "revenue": 28203300000, "costOfRevenue": 21505900000, "grossProfit": 6697400000, "grossProfitRatio": 0.237468665, "researchAndDevelopmentExpenses": 0, "generalAndAdministrativeExpenses": 415000000, "sellingAndMarketingExpenses": 4855500000, "sellingGeneralAndAdministrativeExpenses": 5270500000, "otherExpenses": 447100000, "operatingExpenses": 5717600000, "costAndExpenses": 27223500000, "interestIncome": 0, "interestExpense": 305900000, "depreciationAndAmortization": 447100000, "ebitda": 1426900000, "ebitdaratio": 0.0505933703, "operatingIncome": 979800000, "operatingIncomeRatio": 0.0347406155, "totalOtherIncomeExpensesNet": -266800000, "incomeBeforeTax": 713000000, "incomeBeforeTaxRatio": 0.0252807296, "incomeTaxExpense": 263100000, "netIncome": 410800000, "netIncomeRatio": 0.0145656714, "eps": 0.15, "epsdiluted": 0.14, "weightedAverageShsOut": 1632000000, "weightedAverageShsOutDil": 1702000000, "link": "https://www.sec.gov/Archives/edgar/data/56873/000095015299002475/0000950152-99-002475-index.html", "finalLink": "https://www.sec.gov/Archives/edgar/data/56873/", "calculatedOtherExpenses": 447100000, "calculatedOperatingExpenses": 5717600000, "calculatedNetInterest": -305900000, "calculatedOtherIncome": 39100000, "calculatedIncomeNonControlling": 39100000, "calculatedEbitda": 1426900000}, {"date": "1997-12-27", "symbol": "KR", "reportedCurrency": "USD", "cik": "0000056873", "fillingDate": "1998-03-23", "acceptedDate": "1998-03-23 00:00:00", "calendarYear": "1997", "period": "FY", "revenue": 26567300000, "costOfRevenue": 19982500000, "grossProfit": 6584800000, "grossProfitRatio": 0.2478535643, "researchAndDevelopmentExpenses": 0, "generalAndAdministrativeExpenses": 5192000000, "sellingAndMarketingExpenses": 400000, "sellingGeneralAndAdministrativeExpenses": 5192400000, "otherExpenses": 394100000, "operatingExpenses": 5586500000, "costAndExpenses": 25569000000, "interestIncome": 0, "interestExpense": 318400000, "depreciationAndAmortization": 394100000, "ebitda": 1392400000, "ebitdaratio": 0.0524102939, "operatingIncome": 998300000, "operatingIncomeRatio": 0.0375762686, "totalOtherIncomeExpensesNet": -286000000, "incomeBeforeTax": 712300000, "incomeBeforeTaxRatio": 0.0268111551, "incomeTaxExpense": 268300000, "netIncome": 411600000, "netIncomeRatio": 0.0154927298, "eps": 0.46, "epsdiluted": 0.32, "weightedAverageShsOut": 1010175439, "weightedAverageShsOutDil": 1046909091, "link": "https://www.sec.gov/Archives/edgar/data/56873/000095013198001893/0000950131-98-001893-index.html", "finalLink": "https://www.sec.gov/Archives/edgar/data/56873/", "calculatedOtherExpenses": 394100000, "calculatedOperatingExpenses": 5586500000, "calculatedNetInterest": -318400000, "calculatedOtherIncome": 32400000, "calculatedIncomeNonControlling": 32400000, "calculatedEbitda": 1392400000}, {"date": "1996-12-28", "symbol": "KR", "reportedCurrency": "USD", "cik": "0000056873", "fillingDate": "1997-03-19", "acceptedDate": "1997-03-19 00:00:00", "calendarYear": "1996", "period": "FY", "revenue": 25170900000, "costOfRevenue": 19028500000, "grossProfit": 6142400000, "grossProfitRatio": 0.2440278258, "researchAndDevelopmentExpenses": 0, "generalAndAdministrativeExpenses": 4918000000, "sellingAndMarketingExpenses": 300000, "sellingGeneralAndAdministrativeExpenses": 4918300000, "otherExpenses": 356800000, "operatingExpenses": 5275100000, "costAndExpenses": 24303600000, "interestIncome": 0, "interestExpense": 302900000, "depreciationAndAmortization": 356800000, "ebitda": 1224100000, "ebitdaratio": 0.0486315547, "operatingIncome": 867300000, "operatingIncomeRatio": 0.0344564557, "totalOtherIncomeExpensesNet": -300000000, "incomeBeforeTax": 567300000, "incomeBeforeTaxRatio": 0.0225379307, "incomeTaxExpense": 214600000, "netIncome": 349800000, "netIncomeRatio": 0.0138970001, "eps": 0.35, "epsdiluted": 0.34, "weightedAverageShsOut": 999428571, "weightedAverageShsOutDil": 1044179104, "link": "https://www.sec.gov/Archives/edgar/data/56873/000095013197001919/0000950131-97-001919-index.html", "finalLink": "https://www.sec.gov/Archives/edgar/data/56873/", "calculatedOtherExpenses": 356800000, "calculatedOperatingExpenses": 5275100000, "calculatedNetInterest": -302900000, "calculatedOtherIncome": 2900000, "calculatedIncomeNonControlling": 2900000, "calculatedEbitda": 1224100000}, {"date": "1995-12-30", "symbol": "KR", "reportedCurrency": "USD", "cik": "0000056873", "fillingDate": "1996-03-22", "acceptedDate": "1996-03-22 00:00:00", "calendarYear": "1995", "period": "FY", "revenue": 23937800000, "costOfRevenue": 18084800000, "grossProfit": 5853000000, "grossProfitRatio": 0.244508685, "researchAndDevelopmentExpenses": 0, "generalAndAdministrativeExpenses": 4706000000, "sellingAndMarketingExpenses": 300000, "sellingGeneralAndAdministrativeExpenses": 4706300000, "otherExpenses": 324500000, "operatingExpenses": 5030800000, "costAndExpenses": 23115600000, "interestIncome": 0, "interestExpense": 328700000, "depreciationAndAmortization": 324500000, "ebitda": 1146700000, "ebitdaratio": 0.0479033161, "operatingIncome": 822200000, "operatingIncomeRatio": 0.0343473502, "totalOtherIncomeExpensesNet": -312600000, "incomeBeforeTax": 509600000, "incomeBeforeTaxRatio": 0.021288506, "incomeTaxExpense": 190700000, "netIncome": 302800000, "netIncomeRatio": 0.0126494498, "eps": 0.32, "epsdiluted": 0.3, "weightedAverageShsOut": 963304000, "weightedAverageShsOutDil": 1033856000, "link": "https://www.sec.gov/Archives/edgar/data/56873/000095013196001197/0000950131-96-001197-index.html", "finalLink": "https://www.sec.gov/Archives/edgar/data/56873/", "calculatedOtherExpenses": 324500000, "calculatedOperatingExpenses": 5030800000, "calculatedNetInterest": -328700000, "calculatedOtherIncome": 16100000, "calculatedIncomeNonControlling": 16100000, "calculatedEbitda": 1146700000}, {"date": "1994-12-31", "symbol": "KR", "reportedCurrency": "USD", "cik": "0000056873", "fillingDate": "1995-03-30", "acceptedDate": "1995-03-30 00:00:00", "calendarYear": "1994", "period": "FY", "revenue": 22959100000, "costOfRevenue": 17389600000, "grossProfit": 5569500000, "grossProfitRatio": 0.2425835507, "researchAndDevelopmentExpenses": 0, "generalAndAdministrativeExpenses": 4527500000, "sellingAndMarketingExpenses": 0, "sellingGeneralAndAdministrativeExpenses": 4527500000, "otherExpenses": 293100000, "operatingExpenses": 4820600000, "costAndExpenses": 22210200000, "interestIncome": 0, "interestExpense": 354200000, "depreciationAndAmortization": 293100000, "ebitda": 1042000000, "ebitdaratio": 0.0453850543, "operatingIncome": 748900000, "operatingIncomeRatio": 0.0326188744, "totalOtherIncomeExpensesNet": -327500000, "incomeBeforeTax": 421400000, "incomeBeforeTaxRatio": 0.018354378, "incomeTaxExpense": 152500000, "netIncome": 242200000, "netIncomeRatio": 0.010549194, "eps": 0.27, "epsdiluted": 0.25, "weightedAverageShsOut": 908296000, "weightedAverageShsOutDil": 1037712000, "link": "https://www.sec.gov/Archives/edgar/data/56873/000005687395000014/0000056873-95-000014-index.html", "finalLink": "https://www.sec.gov/Archives/edgar/data/56873/", "calculatedOtherExpenses": 293100000, "calculatedOperatingExpenses": 4820600000, "calculatedNetInterest": -354200000, "calculatedOtherIncome": 26700000, "calculatedIncomeNonControlling": 26700000, "calculatedEbitda": 1042000000}, {"date": "1993-12-31", "symbol": "KR", "reportedCurrency": "USD", "cik": "0000056873", "fillingDate": "1994-03-11", "acceptedDate": "1994-03-11 00:00:00", "calendarYear": "1993", "period": "FY", "revenue": 22384300000, "costOfRevenue": 17029800000, "grossProfit": 5354500000, "grossProfitRatio": 0.2392078376, "researchAndDevelopmentExpenses": 0, "generalAndAdministrativeExpenses": 0, "sellingAndMarketingExpenses": 0, "sellingGeneralAndAdministrativeExpenses": 4314800000, "otherExpenses": 343100000, "operatingExpenses": 4657900000, "costAndExpenses": 21687700000, "interestIncome": 0, "interestExpense": 412700000, "depreciationAndAmortization": 343100000, "ebitda": 1039700000, "ebitdaratio": 0.0464477335, "operatingIncome": 696600000, "operatingIncomeRatio": 0.0311200261, "totalOtherIncomeExpensesNet": -412700000, "incomeBeforeTax": 283900000, "incomeBeforeTaxRatio": 0.0126829966, "incomeTaxExpense": 113100000, "netIncome": -12200000, "netIncomeRatio": -0.0005450249, "eps": -0.0148, "epsdiluted": -0.0122, "weightedAverageShsOut": 825217391, "weightedAverageShsOutDil": 998947368, "link": "https://www.sec.gov/Archives/edgar/data/56873/000005687394000035/0000056873-94-000035-index.html", "finalLink": "https://www.sec.gov/Archives/edgar/data/56873/", "calculatedOtherExpenses": 343100000, "calculatedOperatingExpenses": 4657900000, "calculatedNetInterest": -412700000, "calculatedOtherIncome": 0, "calculatedIncomeNonControlling": 183000000, "calculatedEbitda": 1039700000}, {"date": "1992-12-31", "symbol": "KR", "reportedCurrency": "USD", "cik": "0000056873", "fillingDate": "1992-12-31", "acceptedDate": "1992-12-31 00:00:00", "calendarYear": "1992", "period": "FY", "revenue": 22144600000, "costOfRevenue": 17078800000, "grossProfit": 5065800000, "grossProfitRatio": 0.2287600589, "researchAndDevelopmentExpenses": 0, "generalAndAdministrativeExpenses": 0, "sellingAndMarketingExpenses": 0, "sellingGeneralAndAdministrativeExpenses": 4165700000, "otherExpenses": 251800000, "operatingExpenses": 4417500000, "costAndExpenses": 21496300000, "interestIncome": 0, "interestExpense": 474800000, "depreciationAndAmortization": 251800000, "ebitda": 900100000, "ebitdaratio": 0.0406464781, "operatingIncome": 648300000, "operatingIncomeRatio": 0.0292757602, "totalOtherIncomeExpensesNet": -474800000, "incomeBeforeTax": 173500000, "incomeBeforeTaxRatio": 0.0078348672, "incomeTaxExpense": 72300000, "netIncome": -5900000, "netIncomeRatio": -0.0002664306, "eps": -0.01, "epsdiluted": -0.01, "weightedAverageShsOut": 590000000, "weightedAverageShsOutDil": 590000000, "link": null, "finalLink": null, "calculatedOtherExpenses": 251800000, "calculatedOperatingExpenses": 4417500000, "calculatedNetInterest": -474800000, "calculatedOtherIncome": 0, "calculatedIncomeNonControlling": 107100000, "calculatedEbitda": 900100000}, {"date": "1991-12-31", "symbol": "KR", "reportedCurrency": "USD", "cik": "0000056873", "fillingDate": "1991-12-31", "acceptedDate": "1991-12-31 00:00:00", "calendarYear": "1991", "period": "FY", "revenue": 21350500000, "costOfRevenue": 16480600000, "grossProfit": 4869900000, "grossProfitRatio": 0.2280930189, "researchAndDevelopmentExpenses": 0, "generalAndAdministrativeExpenses": 0, "sellingAndMarketingExpenses": 0, "sellingGeneralAndAdministrativeExpenses": 3928200000, "otherExpenses": 242000000, "operatingExpenses": 4170200000, "costAndExpenses": 20650800000, "interestIncome": 0, "interestExpense": 531100000, "depreciationAndAmortization": 242000000, "ebitda": 937600000, "ebitdaratio": 0.0439146624, "operatingIncome": 699700000, "operatingIncomeRatio": 0.0327720662, "totalOtherIncomeExpensesNet": 4100000, "incomeBeforeTax": 168600000, "incomeBeforeTaxRatio": 0.0078967706, "incomeTaxExpense": 67900000, "netIncome": 100700000, "netIncomeRatio": 0.0047165172, "eps": 0.14, "epsdiluted": 0.14, "weightedAverageShsOut": 719285714, "weightedAverageShsOutDil": 719285714, "link": null, "finalLink": null, "calculatedOtherExpenses": 242000000, "calculatedOperatingExpenses": 4170200000, "calculatedNetInterest": -531100000, "calculatedOtherIncome": 0, "calculatedIncomeNonControlling": 0, "calculatedEbitda": 941700000}, {"date": "1990-12-31", "symbol": "KR", "reportedCurrency": "USD", "cik": "0000056873", "fillingDate": "1990-12-31", "acceptedDate": "1990-12-31 00:00:00", "calendarYear": "1990", "period": "FY", "revenue": 20261000000, "costOfRevenue": 15669700000, "grossProfit": 4591300000, "grossProfitRatio": 0.2266077686, "researchAndDevelopmentExpenses": 0, "generalAndAdministrativeExpenses": 0, "sellingAndMarketingExpenses": 0, "sellingGeneralAndAdministrativeExpenses": 3673100000, "otherExpenses": 244700000, "operatingExpenses": 3917800000, "costAndExpenses": 19587500000, "interestIncome": 0, "interestExpense": 531300000, "depreciationAndAmortization": 244700000, "ebitda": 885700000, "ebitdaratio": 0.0437145254, "operatingIncome": 673500000, "operatingIncomeRatio": 0.0332412023, "totalOtherIncomeExpensesNet": 32500000, "incomeBeforeTax": 142200000, "incomeBeforeTaxRatio": 0.0070184098, "incomeTaxExpense": 58900000, "netIncome": 83300000, "netIncomeRatio": 0.0041113469, "eps": 0.12, "epsdiluted": 0.12, "weightedAverageShsOut": 694166667, "weightedAverageShsOutDil": 694166667, "link": null, "finalLink": null, "calculatedOtherExpenses": 244700000, "calculatedOperatingExpenses": 3917800000, "calculatedNetInterest": -531300000, "calculatedOtherIncome": 0, "calculatedIncomeNonControlling": 0, "calculatedEbitda": 918200000}, {"date": "1989-12-31", "symbol": "KR", "reportedCurrency": "USD", "cik": "0000056873", "fillingDate": "1989-12-31", "acceptedDate": "1989-12-31 00:00:00", "calendarYear": "1989", "period": "FY", "revenue": 19103700000, "costOfRevenue": 14845600000, "grossProfit": 4258100000, "grossProfitRatio": 0.2228939944, "researchAndDevelopmentExpenses": 0, "generalAndAdministrativeExpenses": 0, "sellingAndMarketingExpenses": 0, "sellingGeneralAndAdministrativeExpenses": 3410500000, "otherExpenses": 241200000, "operatingExpenses": 3651700000, "costAndExpenses": 18497300000, "interestIncome": 0, "interestExpense": 615200000, "depreciationAndAmortization": 241200000, "ebitda": 813700000, "ebitdaratio": 0.0425938431, "operatingIncome": 606400000, "operatingIncomeRatio": 0.031742542, "totalOtherIncomeExpensesNet": 33900000, "incomeBeforeTax": -8800000, "incomeBeforeTaxRatio": -0.0004606437, "incomeTaxExpense": 7500000, "netIncome": -16300000, "netIncomeRatio": -0.0008532379, "eps": -0.03, "epsdiluted": -0.03, "weightedAverageShsOut": 543333333, "weightedAverageShsOutDil": 543333333, "link": null, "finalLink": null, "calculatedOtherExpenses": 241200000, "calculatedOperatingExpenses": 3651700000, "calculatedNetInterest": -615200000, "calculatedOtherIncome": 0, "calculatedIncomeNonControlling": 0, "calculatedEbitda": 847600000}, {"date": "1988-12-31", "symbol": "KR", "reportedCurrency": "USD", "cik": "0000056873", "fillingDate": "1988-12-31", "acceptedDate": "1988-12-31 00:00:00", "calendarYear": "1988", "period": "FY", "revenue": 19053000000, "costOfRevenue": 14823700000, "grossProfit": 4229300000, "grossProfitRatio": 0.2219755419, "researchAndDevelopmentExpenses": 0, "generalAndAdministrativeExpenses": 0, "sellingAndMarketingExpenses": 0, "sellingGeneralAndAdministrativeExpenses": 3531100000, "otherExpenses": 253800000, "operatingExpenses": 3784900000, "costAndExpenses": 18608600000, "interestIncome": 0, "interestExpense": 392600000, "depreciationAndAmortization": 253800000, "ebitda": 882700000, "ebitdaratio": 0.0463286622, "operatingIncome": 444400000, "operatingIncomeRatio": 0.0233244109, "totalOtherIncomeExpensesNet": -184500000, "incomeBeforeTax": 51800000, "incomeBeforeTaxRatio": 0.002718732, "incomeTaxExpense": 17300000, "netIncome": 34500000, "netIncomeRatio": 0.0018107385, "eps": 0.03, "epsdiluted": 0.03, "weightedAverageShsOut": 647208000, "weightedAverageShsOutDil": 647208000, "link": null, "finalLink": null, "calculatedOtherExpenses": 253800000, "calculatedOperatingExpenses": 3784900000, "calculatedNetInterest": -392600000, "calculatedOtherIncome": 0, "calculatedIncomeNonControlling": 0, "calculatedEbitda": 698200000}, {"date": "1987-12-31", "symbol": "KR", "reportedCurrency": "USD", "cik": "0000056873", "fillingDate": "1987-12-31", "acceptedDate": "1987-12-31 00:00:00", "calendarYear": "1987", "period": "FY", "revenue": 17659700000, "costOfRevenue": 13696400000, "grossProfit": 3963300000, "grossProfitRatio": 0.224426236, "researchAndDevelopmentExpenses": 0, "generalAndAdministrativeExpenses": 0, "sellingAndMarketingExpenses": 0, "sellingGeneralAndAdministrativeExpenses": 3328900000, "otherExpenses": 223000000, "operatingExpenses": 3551900000, "costAndExpenses": 17248300000, "interestIncome": 0, "interestExpense": 69800000, "depreciationAndAmortization": 223000000, "ebitda": 615900000, "ebitdaratio": 0.0348760171, "operatingIncome": 411400000, "operatingIncomeRatio": 0.023295979, "totalOtherIncomeExpensesNet": 18500000, "incomeBeforeTax": 323100000, "incomeBeforeTaxRatio": 0.018295894, "incomeTaxExpense": 139800000, "netIncome": 183300000, "netIncomeRatio": 0.0103795648, "eps": 0.28, "epsdiluted": 0.28, "weightedAverageShsOut": 666545455, "weightedAverageShsOutDil": 666545455, "link": null, "finalLink": null, "calculatedOtherExpenses": 223000000, "calculatedOperatingExpenses": 3551900000, "calculatedNetInterest": -69800000, "calculatedOtherIncome": -18500000, "calculatedIncomeNonControlling": 0, "calculatedEbitda": 634400000}, {"date": "1986-12-31", "symbol": "KR", "reportedCurrency": "USD", "cik": "0000056873", "fillingDate": "1986-12-31", "acceptedDate": "1986-12-31 00:00:00", "calendarYear": "1986", "period": "FY", "revenue": 17122500000, "costOfRevenue": 16560700000, "grossProfit": 561800000, "grossProfitRatio": 0.0328106293, "researchAndDevelopmentExpenses": 0, "generalAndAdministrativeExpenses": 0, "sellingAndMarketingExpenses": 0, "sellingGeneralAndAdministrativeExpenses": 0, "otherExpenses": 211200000, "operatingExpenses": 211200000, "costAndExpenses": 16771900000, "interestIncome": 0, "interestExpense": 259300000, "depreciationAndAmortization": 211200000, "ebitda": 707300000, "ebitdaratio": 0.0413082202, "operatingIncome": 350600000, "operatingIncomeRatio": 0.0204759819, "totalOtherIncomeExpensesNet": -145500000, "incomeBeforeTax": 95600000, "incomeBeforeTaxRatio": 0.0055832968, "incomeTaxExpense": 39800000, "netIncome": 51500000, "netIncomeRatio": 0.0030077384, "eps": 0.065, "epsdiluted": 0.065, "weightedAverageShsOut": 741538462, "weightedAverageShsOutDil": 741538462, "link": null, "finalLink": null, "calculatedOtherExpenses": 211200000, "calculatedOperatingExpenses": 211200000, "calculatedNetInterest": -259300000, "calculatedOtherIncome": 4300000, "calculatedIncomeNonControlling": 4300000, "calculatedEbitda": 561800000}, {"date": "1985-12-31", "symbol": "KR", "reportedCurrency": "USD", "cik": "0000056873", "fillingDate": "1985-12-31", "acceptedDate": "1985-12-31 00:00:00", "calendarYear": "1985", "period": "FY", "revenue": 17123500000, "costOfRevenue": 13079100000, "grossProfit": 4044400000, "grossProfitRatio": 0.2361900312, "researchAndDevelopmentExpenses": 0, "generalAndAdministrativeExpenses": 0, "sellingAndMarketingExpenses": 0, "sellingGeneralAndAdministrativeExpenses": 3426900000, "otherExpenses": 209600000, "operatingExpenses": 3636500000, "costAndExpenses": 16715600000, "interestIncome": 0, "interestExpense": 69500000, "depreciationAndAmortization": 209600000, "ebitda": 599700000, "ebitdaratio": 0.0350220457, "operatingIncome": 407900000, "operatingIncomeRatio": 0.0238210646, "totalOtherIncomeExpensesNet": 17800000, "incomeBeforeTax": 320600000, "incomeBeforeTaxRatio": 0.0187228078, "incomeTaxExpense": 139800000, "netIncome": 180800000, "netIncomeRatio": 0.0105585891, "eps": 0.26, "epsdiluted": 0.26, "weightedAverageShsOut": 695384615, "weightedAverageShsOutDil": 695384615, "link": null, "finalLink": null, "calculatedOtherExpenses": 209600000, "calculatedOperatingExpenses": 3636500000, "calculatedNetInterest": -69500000, "calculatedOtherIncome": -17800000, "calculatedIncomeNonControlling": 0, "calculatedEbitda": 617500000}]}