{"originalCurrency": "USD", "convertedCurrency": "USD", "report": [{"date": "2023-12-31", "symbol": "KRC", "reportedCurrency": "USD", "cik": "0001025996", "fillingDate": "2024-02-09", "acceptedDate": "2024-02-09 17:14:24", "calendarYear": "2023", "period": "FY", "revenue": 1129694000, "costOfRevenue": 351070000, "grossProfit": 778624000, "grossProfitRatio": 0.6892344299, "researchAndDevelopmentExpenses": 0, "generalAndAdministrativeExpenses": 93434000, "sellingAndMarketingExpenses": 0, "sellingGeneralAndAdministrativeExpenses": 93434000, "otherExpenses": -93434000, "operatingExpenses": 448712000, "costAndExpenses": 799782000, "interestIncome": 22592000, "interestExpense": 114216000, "depreciationAndAmortization": 356302000, "ebitda": 708806000, "ebitdaratio": 0.6274318532, "operatingIncome": -2083000, "operatingIncomeRatio": -0.0018438621, "totalOtherIncomeExpensesNet": -21881000, "incomeBeforeTax": 238288000, "incomeBeforeTaxRatio": 0.2109314558, "incomeTaxExpense": 119615000, "netIncome": 212241000, "netIncomeRatio": 0.1878747696, "eps": 1.8, "epsdiluted": 1.8, "weightedAverageShsOut": 117160173, "weightedAverageShsOutDil": 117506255, "link": "https://www.sec.gov/Archives/edgar/data/1025996/000102599624000094/0001025996-24-000094-index.htm", "finalLink": "https://www.sec.gov/Archives/edgar/data/1025996/000102599624000094/krc-20231231.htm", "calculatedOtherExpenses": 687273000, "calculatedOperatingExpenses": 780707000, "calculatedNetInterest": -91624000, "calculatedOtherIncome": 331995000, "calculatedIncomeNonControlling": -93568000, "calculatedEbitda": 354219000}, {"date": "2022-12-31", "symbol": "KRC", "reportedCurrency": "USD", "cik": "0001025996", "fillingDate": "2023-02-10", "acceptedDate": "2023-02-10 17:19:54", "calendarYear": "2022", "period": "FY", "revenue": 1096987000, "costOfRevenue": 321057000, "grossProfit": 775930000, "grossProfitRatio": 0.7073283457, "researchAndDevelopmentExpenses": 0, "generalAndAdministrativeExpenses": 93642000, "sellingAndMarketingExpenses": 0, "sellingGeneralAndAdministrativeExpenses": 93642000, "otherExpenses": 357611000, "operatingExpenses": 451253000, "costAndExpenses": 772310000, "interestIncome": 1765000, "interestExpense": 84278000, "depreciationAndAmortization": 357611000, "ebitda": 684053000, "ebitdaratio": 0.6235743906, "operatingIncome": 326442000, "operatingIncomeRatio": 0.2975805547, "totalOtherIncomeExpensesNet": -66949000, "incomeBeforeTax": 259493000, "incomeBeforeTaxRatio": 0.236550661, "incomeTaxExpense": 84278000, "netIncome": 175215000, "netIncomeRatio": 0.1597238618, "eps": 1.5, "epsdiluted": 1.49, "weightedAverageShsOut": 116806575, "weightedAverageShsOutDil": 117220047, "link": "https://www.sec.gov/Archives/edgar/data/1025996/000102599623000072/0001025996-23-000072-index.htm", "finalLink": "https://www.sec.gov/Archives/edgar/data/1025996/000102599623000072/krc-20221231.htm", "calculatedOtherExpenses": 355846000, "calculatedOperatingExpenses": 449488000, "calculatedNetInterest": -82513000, "calculatedOtherIncome": 15564000, "calculatedIncomeNonControlling": 0, "calculatedEbitda": 684053000}, {"date": "2021-12-31", "symbol": "KRC", "reportedCurrency": "USD", "cik": "0001025996", "fillingDate": "2022-02-10", "acceptedDate": "2022-02-10 17:01:01", "calendarYear": "2021", "period": "FY", "revenue": 955040000, "costOfRevenue": 269581000, "grossProfit": 685459000, "grossProfitRatio": 0.7177280533, "researchAndDevelopmentExpenses": 0, "generalAndAdministrativeExpenses": 92749000, "sellingAndMarketingExpenses": 0, "sellingGeneralAndAdministrativeExpenses": 92749000, "otherExpenses": 310043000, "operatingExpenses": 402792000, "costAndExpenses": 672373000, "interestIncome": 3916000, "interestExpense": 78555000, "depreciationAndAmortization": 310043000, "ebitda": 596626000, "ebitdaratio": 0.624713101, "operatingIncome": 286583000, "operatingIncomeRatio": 0.3000743424, "totalOtherIncomeExpensesNet": 372327000, "incomeBeforeTax": 658910000, "incomeBeforeTaxRatio": 0.6899292176, "incomeTaxExpense": 109321000, "netIncome": 628144000, "netIncomeRatio": 0.6577148601, "eps": 5.38, "epsdiluted": 5.36, "weightedAverageShsOut": 116429130, "weightedAverageShsOutDil": 116948643, "link": "https://www.sec.gov/Archives/edgar/data/1025996/000102599622000074/0001025996-22-000074-index.htm", "finalLink": "https://www.sec.gov/Archives/edgar/data/1025996/000102599622000074/krc-20211231.htm", "calculatedOtherExpenses": 306127000, "calculatedOperatingExpenses": 398876000, "calculatedNetInterest": -74639000, "calculatedOtherIncome": 446966000, "calculatedIncomeNonControlling": -78555000, "calculatedEbitda": 596626000}, {"date": "2020-12-31", "symbol": "KRC", "reportedCurrency": "USD", "cik": "0001025996", "fillingDate": "2021-02-12", "acceptedDate": "2021-02-12 16:39:57", "calendarYear": "2020", "period": "FY", "revenue": 898397000, "costOfRevenue": 260720000, "grossProfit": 637677000, "grossProfitRatio": 0.7097942224, "researchAndDevelopmentExpenses": 0, "generalAndAdministrativeExpenses": 99264000, "sellingAndMarketingExpenses": 0, "sellingGeneralAndAdministrativeExpenses": 99264000, "otherExpenses": 299308000, "operatingExpenses": 398572000, "costAndExpenses": 659292000, "interestIncome": 3424000, "interestExpense": 70772000, "depreciationAndAmortization": 299308000, "ebitda": 541837000, "ebitdaratio": 0.6031153265, "operatingIncome": 242529000, "operatingIncomeRatio": 0.269957491, "totalOtherIncomeExpensesNet": -35236000, "incomeBeforeTax": 207293000, "incomeBeforeTaxRatio": 0.2307365229, "incomeTaxExpense": 90960000, "netIncome": 116333000, "netIncomeRatio": 0.1294895241, "eps": 1.03, "epsdiluted": 1.02, "weightedAverageShsOut": 113241341, "weightedAverageShsOutDil": 113719622, "link": "https://www.sec.gov/Archives/edgar/data/1025996/000102599621000062/0001025996-21-000062-index.htm", "finalLink": "https://www.sec.gov/Archives/edgar/data/1025996/000102599621000062/krc-20201231.htm", "calculatedOtherExpenses": 295884000, "calculatedOperatingExpenses": 395148000, "calculatedNetInterest": -67348000, "calculatedOtherIncome": 32112000, "calculatedIncomeNonControlling": 0, "calculatedEbitda": 541837000}, {"date": "2019-12-31", "symbol": "KRC", "reportedCurrency": "USD", "cik": "0001025996", "fillingDate": "2020-02-13", "acceptedDate": "2020-02-13 17:17:39", "calendarYear": "2019", "period": "FY", "revenue": 837454000, "costOfRevenue": 253862000, "grossProfit": 583592000, "grossProfitRatio": 0.6968645442, "researchAndDevelopmentExpenses": 0, "generalAndAdministrativeExpenses": 88139000, "sellingAndMarketingExpenses": 0, "sellingGeneralAndAdministrativeExpenses": 88139000, "otherExpenses": 273130000, "operatingExpenses": 361269000, "costAndExpenses": 615131000, "interestIncome": 4641000, "interestExpense": 48537000, "depreciationAndAmortization": 273130000, "ebitda": 500094000, "ebitdaratio": 0.5971599634, "operatingIncome": 226964000, "operatingIncomeRatio": 0.2710166767, "totalOtherIncomeExpensesNet": -11735000, "incomeBeforeTax": 215229000, "incomeBeforeTaxRatio": 0.2570039668, "incomeTaxExpense": 68323000, "netIncome": 146906000, "netIncomeRatio": 0.1754197843, "eps": 1.42, "epsdiluted": 1.41, "weightedAverageShsOut": 103200568, "weightedAverageShsOutDil": 103849168, "link": "https://www.sec.gov/Archives/edgar/data/1025996/000102599620000050/0001025996-20-000050-index.htm", "finalLink": "https://www.sec.gov/Archives/edgar/data/1025996/000102599620000050/a123119krckrlp10-k.htm", "calculatedOtherExpenses": 268489000, "calculatedOperatingExpenses": 356628000, "calculatedNetInterest": -43896000, "calculatedOtherIncome": 32161000, "calculatedIncomeNonControlling": 0, "calculatedEbitda": 500094000}, {"date": "2018-12-31", "symbol": "KRC", "reportedCurrency": "USD", "cik": "0001025996", "fillingDate": "2019-02-15", "acceptedDate": "2019-02-14 18:50:05", "calendarYear": "2018", "period": "FY", "revenue": 747298000, "costOfRevenue": 210783000, "grossProfit": 536515000, "grossProfitRatio": 0.7179398312, "researchAndDevelopmentExpenses": 0, "generalAndAdministrativeExpenses": 90471000, "sellingAndMarketingExpenses": 0, "sellingGeneralAndAdministrativeExpenses": 90471000, "otherExpenses": 259966000, "operatingExpenses": 350437000, "costAndExpenses": 561220000, "interestIncome": -559000, "interestExpense": 50280000, "depreciationAndAmortization": 254281000, "ebitda": 440359000, "ebitdaratio": 0.5892682705, "operatingIncome": 186078000, "operatingIncomeRatio": 0.2490010678, "totalOtherIncomeExpensesNet": 142128000, "incomeBeforeTax": 277926000, "incomeBeforeTaxRatio": 0.3719078601, "incomeTaxExpense": 19511000, "netIncome": 258415000, "netIncomeRatio": 0.3457991323, "eps": 2.58, "epsdiluted": 2.57, "weightedAverageShsOut": 99972000, "weightedAverageShsOutDil": 100482000, "link": "https://www.sec.gov/Archives/edgar/data/1025996/000102599619000051/0001025996-19-000051-index.htm", "finalLink": "https://www.sec.gov/Archives/edgar/data/1025996/000102599619000051/form10-k.htm", "calculatedOtherExpenses": 259966000, "calculatedOperatingExpenses": 350437000, "calculatedNetInterest": -50839000, "calculatedOtherIncome": 142687000, "calculatedIncomeNonControlling": 0, "calculatedEbitda": 440359000}, {"date": "2017-12-31", "symbol": "KRC", "reportedCurrency": "USD", "cik": "0001025996", "fillingDate": "2018-02-13", "acceptedDate": "2018-02-12 19:36:12", "calendarYear": "2017", "period": "FY", "revenue": 719001000, "costOfRevenue": 202757000, "grossProfit": 516244000, "grossProfitRatio": 0.718001783, "researchAndDevelopmentExpenses": 0, "generalAndAdministrativeExpenses": 60581000, "sellingAndMarketingExpenses": 0, "sellingGeneralAndAdministrativeExpenses": 60581000, "otherExpenses": 249155000, "operatingExpenses": 309736000, "costAndExpenses": 512493000, "interestIncome": 5503000, "interestExpense": 66040000, "depreciationAndAmortization": 245886000, "ebitda": 457897000, "ebitdaratio": 0.6368516873, "operatingIncome": 206508000, "operatingIncomeRatio": 0.2872151777, "totalOtherIncomeExpensesNet": 34644000, "incomeBeforeTax": 180615000, "incomeBeforeTaxRatio": 0.2512027104, "incomeTaxExpense": 16003000, "netIncome": 164612000, "netIncomeRatio": 0.2289454396, "eps": 1.52, "epsdiluted": 1.51, "weightedAverageShsOut": 98114000, "weightedAverageShsOutDil": 98727000, "link": "https://www.sec.gov/Archives/edgar/data/1025996/000102599618000107/0001025996-18-000107-index.htm", "finalLink": "https://www.sec.gov/Archives/edgar/data/1025996/000102599618000107/form10-k.htm", "calculatedOtherExpenses": 249155000, "calculatedOperatingExpenses": 309736000, "calculatedNetInterest": -60537000, "calculatedOtherIncome": 34644000, "calculatedIncomeNonControlling": 0, "calculatedEbitda": 452394000}, {"date": "2016-12-31", "symbol": "KRC", "reportedCurrency": "USD", "cik": "0001025996", "fillingDate": "2017-02-15", "acceptedDate": "2017-02-14 21:14:22", "calendarYear": "2016", "period": "FY", "revenue": 642572000, "costOfRevenue": 172577000, "grossProfit": 469995000, "grossProfitRatio": 0.7314277622, "researchAndDevelopmentExpenses": 0, "generalAndAdministrativeExpenses": 57029000, "sellingAndMarketingExpenses": 0, "sellingGeneralAndAdministrativeExpenses": 57029000, "otherExpenses": 217234000, "operatingExpenses": 274263000, "costAndExpenses": 446840000, "interestIncome": 1764000, "interestExpense": 55803000, "depreciationAndAmortization": 217234000, "ebitda": 414730000, "ebitdaratio": 0.645421836, "operatingIncome": 195732000, "operatingIncomeRatio": 0.3046071102, "totalOtherIncomeExpensesNet": 162105000, "incomeBeforeTax": 303798000, "incomeBeforeTaxRatio": 0.4727843728, "incomeTaxExpense": 10010000, "netIncome": 293788000, "netIncomeRatio": 0.457206352, "eps": 3, "epsdiluted": 2.97, "weightedAverageShsOut": 92342000, "weightedAverageShsOutDil": 93023000, "link": "https://www.sec.gov/Archives/edgar/data/1025996/000102599617000049/0001025996-17-000049-index.htm", "finalLink": "https://www.sec.gov/Archives/edgar/data/1025996/000102599617000049/form10k.htm", "calculatedOtherExpenses": 217234000, "calculatedOperatingExpenses": 274263000, "calculatedNetInterest": -54039000, "calculatedOtherIncome": 162105000, "calculatedIncomeNonControlling": 0, "calculatedEbitda": 412966000}, {"date": "2015-12-31", "symbol": "KRC", "reportedCurrency": "USD", "cik": "0001025996", "fillingDate": "2016-02-12", "acceptedDate": "2016-02-12 17:19:44", "calendarYear": "2015", "period": "FY", "revenue": 581275000, "costOfRevenue": 158697000, "grossProfit": 422578000, "grossProfitRatio": 0.7269846458, "researchAndDevelopmentExpenses": 0, "generalAndAdministrativeExpenses": 48265000, "sellingAndMarketingExpenses": 0, "sellingGeneralAndAdministrativeExpenses": 48265000, "otherExpenses": 204839000, "operatingExpenses": 253104000, "costAndExpenses": 411801000, "interestIncome": 243000, "interestExpense": 57682000, "depreciationAndAmortization": 204294000, "ebitda": 374011000, "ebitdaratio": 0.6434321104, "operatingIncome": 169474000, "operatingIncomeRatio": 0.291555632, "totalOtherIncomeExpensesNet": 126569000, "incomeBeforeTax": 238604000, "incomeBeforeTaxRatio": 0.4104838502, "incomeTaxExpense": 4523000, "netIncome": 234081000, "netIncomeRatio": 0.4027026795, "eps": 2.44, "epsdiluted": 2.42, "weightedAverageShsOut": 89854000, "weightedAverageShsOutDil": 90396000, "link": "https://www.sec.gov/Archives/edgar/data/1025996/000102599616000298/0001025996-16-000298-index.htm", "finalLink": "https://www.sec.gov/Archives/edgar/data/1025996/000102599616000298/form10k.htm", "calculatedOtherExpenses": 204839000, "calculatedOperatingExpenses": 253104000, "calculatedNetInterest": -57439000, "calculatedOtherIncome": 126569000, "calculatedIncomeNonControlling": 0, "calculatedEbitda": 373768000}, {"date": "2014-12-31", "symbol": "KRC", "reportedCurrency": "USD", "cik": "0001025996", "fillingDate": "2015-02-10", "acceptedDate": "2015-02-10 17:24:00", "calendarYear": "2014", "period": "FY", "revenue": 521725000, "costOfRevenue": 148786000, "grossProfit": 372939000, "grossProfitRatio": 0.7148191097, "researchAndDevelopmentExpenses": 0, "generalAndAdministrativeExpenses": 46152000, "sellingAndMarketingExpenses": 0, "sellingGeneralAndAdministrativeExpenses": 46152000, "otherExpenses": 202475000, "operatingExpenses": 248627000, "costAndExpenses": 397413000, "interestIncome": 561000, "interestExpense": 67571000, "depreciationAndAmortization": 202417000, "ebitda": 327290000, "ebitdaratio": 0.6273228233, "operatingIncome": 57302000, "operatingIncomeRatio": 0.1098318079, "totalOtherIncomeExpensesNet": 2011000, "incomeBeforeTax": 59313000, "incomeBeforeTaxRatio": 0.113686329, "incomeTaxExpense": -120906000, "netIncome": 180219000, "netIncomeRatio": 0.3454291054, "eps": 1.99, "epsdiluted": 1.95, "weightedAverageShsOut": 83090000, "weightedAverageShsOutDil": 84968000, "link": "https://www.sec.gov/Archives/edgar/data/1025996/000102599615000075/0001025996-15-000075-index.htm", "finalLink": "https://www.sec.gov/Archives/edgar/data/1025996/000102599615000075/form10k.htm", "calculatedOtherExpenses": 269485000, "calculatedOperatingExpenses": 315637000, "calculatedNetInterest": -67010000, "calculatedOtherIncome": 69021000, "calculatedIncomeNonControlling": 0, "calculatedEbitda": 259719000}, {"date": "2013-12-31", "symbol": "KRC", "reportedCurrency": "USD", "cik": "0001025996", "fillingDate": "2014-02-14", "acceptedDate": "2014-02-13 21:08:44", "calendarYear": "2013", "period": "FY", "revenue": 465098000, "costOfRevenue": 140266000, "grossProfit": 324832000, "grossProfitRatio": 0.6984162478, "researchAndDevelopmentExpenses": 0, "generalAndAdministrativeExpenses": 39660000, "sellingAndMarketingExpenses": 0, "sellingGeneralAndAdministrativeExpenses": 39660000, "otherExpenses": 193138000, "operatingExpenses": 232798000, "costAndExpenses": 373064000, "interestIncome": 1635000, "interestExpense": 75870000, "depreciationAndAmortization": 192734000, "ebitda": 286403000, "ebitdaratio": 0.6157906506, "operatingIncome": 17799000, "operatingIncomeRatio": 0.038269354, "totalOtherIncomeExpensesNet": -1962000, "incomeBeforeTax": 15837000, "incomeBeforeTaxRatio": 0.0340508882, "incomeTaxExpense": -28043000, "netIncome": 43880000, "netIncomeRatio": 0.0943457078, "eps": 0.37, "epsdiluted": 0.36, "weightedAverageShsOut": 77344000, "weightedAverageShsOutDil": 79109000, "link": "https://www.sec.gov/Archives/edgar/data/1025996/000102599614000069/0001025996-14-000069-index.htm", "finalLink": "https://www.sec.gov/Archives/edgar/data/1025996/000102599614000069/krc10k12312013.htm", "calculatedOtherExpenses": 267373000, "calculatedOperatingExpenses": 307033000, "calculatedNetInterest": -74235000, "calculatedOtherIncome": 72273000, "calculatedIncomeNonControlling": 0, "calculatedEbitda": 210533000}, {"date": "2012-12-31", "symbol": "KRC", "reportedCurrency": "USD", "cik": "0001025996", "fillingDate": "2013-02-12", "acceptedDate": "2013-02-11 20:49:48", "calendarYear": "2012", "period": "FY", "revenue": 404912000, "costOfRevenue": 117004000, "grossProfit": 287908000, "grossProfitRatio": 0.7110384479, "researchAndDevelopmentExpenses": 0, "generalAndAdministrativeExpenses": 36188000, "sellingAndMarketingExpenses": 0, "sellingGeneralAndAdministrativeExpenses": 36188000, "otherExpenses": 163070000, "operatingExpenses": 199258000, "costAndExpenses": 316262000, "interestIncome": 848000, "interestExpense": 79114000, "depreciationAndAmortization": 162917000, "ebitda": 252415000, "ebitdaratio": 0.6233823646, "operatingIncome": 88650000, "operatingIncomeRatio": 0.2189364603, "totalOtherIncomeExpensesNet": -4937000, "incomeBeforeTax": 5447000, "incomeBeforeTaxRatio": 0.0134523057, "incomeTaxExpense": -265467000, "netIncome": 270914000, "netIncomeRatio": 0.6690688347, "eps": 3.56, "epsdiluted": 3.56, "weightedAverageShsOut": 69023024, "weightedAverageShsOutDil": 69640000, "link": "https://www.sec.gov/Archives/edgar/data/1025996/000102599613000036/0001025996-13-000036-index.htm", "finalLink": "https://www.sec.gov/Archives/edgar/data/1025996/000102599613000036/krc10k12312012.htm", "calculatedOtherExpenses": 163070000, "calculatedOperatingExpenses": 199258000, "calculatedNetInterest": -78266000, "calculatedOtherIncome": -4937000, "calculatedIncomeNonControlling": 0, "calculatedEbitda": 251567000}, {"date": "2011-12-31", "symbol": "KRC", "reportedCurrency": "USD", "cik": "0001025996", "fillingDate": "2012-02-08", "acceptedDate": "2012-02-08 14:31:10", "calendarYear": "2011", "period": "FY", "revenue": 367131000, "costOfRevenue": 72869000, "grossProfit": 294262000, "grossProfitRatio": 0.8015177144, "researchAndDevelopmentExpenses": 0, "generalAndAdministrativeExpenses": 28148000, "sellingAndMarketingExpenses": 1779000, "sellingGeneralAndAdministrativeExpenses": 29927000, "otherExpenses": 133864000, "operatingExpenses": 196312000, "costAndExpenses": 269181000, "interestIncome": 571000, "interestExpense": 89409000, "depreciationAndAmortization": 136597000, "ebitda": 234652000, "ebitdaratio": 0.6391506029, "operatingIncome": 97950000, "operatingIncomeRatio": 0.2667984997, "totalOtherIncomeExpensesNet": -3482000, "incomeBeforeTax": 5059000, "incomeBeforeTaxRatio": 0.0137798225, "incomeTaxExpense": -60956000, "netIncome": 66015000, "netIncomeRatio": 0.1798132002, "eps": 0.87, "epsdiluted": 0.87, "weightedAverageShsOut": 56717000, "weightedAverageShsOutDil": 56717000, "link": "https://www.sec.gov/Archives/edgar/data/1025996/000102599612000038/0001025996-12-000038-index.htm", "finalLink": "https://www.sec.gov/Archives/edgar/data/1025996/000102599612000038/krc10k12312011.htm", "calculatedOtherExpenses": 166385000, "calculatedOperatingExpenses": 196312000, "calculatedNetInterest": -88838000, "calculatedOtherIncome": -4053000, "calculatedIncomeNonControlling": 0, "calculatedEbitda": 234547000}, {"date": "2010-12-31", "symbol": "KRC", "reportedCurrency": "USD", "cik": "0001025996", "fillingDate": "2011-02-11", "acceptedDate": "2011-02-10 19:22:52", "calendarYear": "2010", "period": "FY", "revenue": 301980000, "costOfRevenue": 85561000, "grossProfit": 216419000, "grossProfitRatio": 0.7166666667, "researchAndDevelopmentExpenses": 0, "generalAndAdministrativeExpenses": 28947000, "sellingAndMarketingExpenses": 0, "sellingGeneralAndAdministrativeExpenses": 28947000, "otherExpenses": 102746000, "operatingExpenses": 131693000, "costAndExpenses": 217254000, "interestIncome": 964000, "interestExpense": 59941000, "depreciationAndAmortization": 103809000, "ebitda": 195347000, "ebitdaratio": 0.6468872111, "operatingIncome": 84726000, "operatingIncomeRatio": 0.2805682496, "totalOtherIncomeExpensesNet": -6812000, "incomeBeforeTax": 18937000, "incomeBeforeTaxRatio": 0.062709451, "incomeTaxExpense": -771000, "netIncome": 19708000, "netIncomeRatio": 0.0652626002, "eps": 0.07, "epsdiluted": 0.07, "weightedAverageShsOut": 49497487, "weightedAverageShsOutDil": 49497487, "link": "https://www.sec.gov/Archives/edgar/data/1025996/000095012311012065/0000950123-11-012065-index.htm", "finalLink": "https://www.sec.gov/Archives/edgar/data/1025996/000095012311012065/v57730e10vk.htm", "calculatedOtherExpenses": 102746000, "calculatedOperatingExpenses": 131693000, "calculatedNetInterest": -58977000, "calculatedOtherIncome": -6812000, "calculatedIncomeNonControlling": 0, "calculatedEbitda": 188535000}, {"date": "2009-12-31", "symbol": "KRC", "reportedCurrency": "USD", "cik": "0001025996", "fillingDate": "2010-02-11", "acceptedDate": "2010-02-11 17:30:26", "calendarYear": "2009", "period": "FY", "revenue": 279434000, "costOfRevenue": 49709000, "grossProfit": 229725000, "grossProfitRatio": 0.8221082617, "researchAndDevelopmentExpenses": 0, "generalAndAdministrativeExpenses": 39938000, "sellingAndMarketingExpenses": 0, "sellingGeneralAndAdministrativeExpenses": 39938000, "otherExpenses": 112526000, "operatingExpenses": 154061000, "costAndExpenses": 203770000, "interestIncome": 1300000, "interestExpense": 46119000, "depreciationAndAmortization": 87627000, "ebitda": 158382000, "ebitdaratio": 0.5667957371, "operatingIncome": 30845000, "operatingIncomeRatio": 0.1103838473, "totalOtherIncomeExpensesNet": 4909000, "incomeBeforeTax": 36990000, "incomeBeforeTaxRatio": 0.1323747289, "incomeTaxExpense": -36990000, "netIncome": 36990000, "netIncomeRatio": 0.1323747289, "eps": 0.53, "epsdiluted": 0.53, "weightedAverageShsOut": 38705000, "weightedAverageShsOutDil": 38732000, "link": "https://www.sec.gov/Archives/edgar/data/1025996/000119312510028880/0001193125-10-028880-index.htm", "finalLink": "https://www.sec.gov/Archives/edgar/data/1025996/000119312510028880/d10k.htm", "calculatedOtherExpenses": 158942000, "calculatedOperatingExpenses": 198880000, "calculatedNetInterest": -44819000, "calculatedOtherIncome": 50964000, "calculatedIncomeNonControlling": 36990000, "calculatedEbitda": 118472000}, {"date": "2008-12-31", "symbol": "KRC", "reportedCurrency": "USD", "cik": "0001025996", "fillingDate": "2009-02-12", "acceptedDate": "2009-02-12 16:51:57", "calendarYear": "2008", "period": "FY", "revenue": 289968000, "costOfRevenue": 70983000, "grossProfit": 218985000, "grossProfitRatio": 0.7552040225, "researchAndDevelopmentExpenses": 0, "generalAndAdministrativeExpenses": 38260000, "sellingAndMarketingExpenses": 0, "sellingGeneralAndAdministrativeExpenses": 38260000, "otherExpenses": 159926000, "operatingExpenses": 198186000, "costAndExpenses": 198186000, "interestIncome": -93000, "interestExpense": 40366000, "depreciationAndAmortization": 83275000, "ebitda": 175057000, "ebitdaratio": 0.603711444, "operatingIncome": -198186000, "operatingIncomeRatio": -0.683475418, "totalOtherIncomeExpensesNet": -93000, "incomeBeforeTax": 44121000, "incomeBeforeTaxRatio": 0.1521581692, "incomeTaxExpense": -44121000, "netIncome": 44121000, "netIncomeRatio": 0.1521581692, "eps": 1.06, "epsdiluted": 1.06, "weightedAverageShsOut": 32467000, "weightedAverageShsOutDil": 32670000, "link": "https://www.sec.gov/Archives/edgar/data/1025996/000119312509027247/0001193125-09-027247-index.htm", "finalLink": "https://www.sec.gov/Archives/edgar/data/1025996/000119312509027247/d10k.htm", "calculatedOtherExpenses": 378911000, "calculatedOperatingExpenses": 417171000, "calculatedNetInterest": -40459000, "calculatedOtherIncome": 282766000, "calculatedIncomeNonControlling": 44121000, "calculatedEbitda": -114911000}, {"date": "2007-12-31", "symbol": "KRC", "reportedCurrency": "USD", "cik": "0001025996", "fillingDate": "2008-02-26", "acceptedDate": "2008-02-26 13:18:39", "calendarYear": "2007", "period": "FY", "revenue": 258472000, "costOfRevenue": 62845000, "grossProfit": 195627000, "grossProfitRatio": 0.7568595438, "researchAndDevelopmentExpenses": 0, "generalAndAdministrativeExpenses": 36580000, "sellingAndMarketingExpenses": 0, "sellingGeneralAndAdministrativeExpenses": 36580000, "otherExpenses": 139321000, "operatingExpenses": 175901000, "costAndExpenses": 175901000, "interestIncome": 1606000, "interestExpense": 37502000, "depreciationAndAmortization": 86421000, "ebitda": 168992000, "ebitdaratio": 0.6538116314, "operatingIncome": -175901000, "operatingIncomeRatio": -0.6805417995, "totalOtherIncomeExpensesNet": 115951000, "incomeBeforeTax": 113822000, "incomeBeforeTaxRatio": 0.4403649138, "incomeTaxExpense": -113822000, "netIncome": 113822000, "netIncomeRatio": 0.4403649138, "eps": 3.22, "epsdiluted": 3.2, "weightedAverageShsOut": 32379997, "weightedAverageShsOutDil": 32526723, "link": "https://www.sec.gov/Archives/edgar/data/1025996/000119312508038438/0001193125-08-038438-index.htm", "finalLink": "https://www.sec.gov/Archives/edgar/data/1025996/000119312508038438/d10k.htm", "calculatedOtherExpenses": 334948000, "calculatedOperatingExpenses": 371528000, "calculatedNetInterest": -35896000, "calculatedOtherIncome": 325619000, "calculatedIncomeNonControlling": 113822000, "calculatedEbitda": -89480000}, {"date": "2006-12-31", "symbol": "KRC", "reportedCurrency": "USD", "cik": "0001025996", "fillingDate": "2007-02-28", "acceptedDate": "2007-02-28 17:29:04", "calendarYear": "2006", "period": "FY", "revenue": 251244000, "costOfRevenue": 61802000, "grossProfit": 189442000, "grossProfitRatio": 0.7540160163, "researchAndDevelopmentExpenses": 0, "generalAndAdministrativeExpenses": 22800000, "sellingAndMarketingExpenses": 0, "sellingGeneralAndAdministrativeExpenses": 22800000, "otherExpenses": 136058000, "operatingExpenses": 158858000, "costAndExpenses": 158858000, "interestIncome": 1653000, "interestExpense": 43541000, "depreciationAndAmortization": 69750000, "ebitda": 161727000, "ebitdaratio": 0.6437049243, "operatingIncome": -158858000, "operatingIncomeRatio": -0.6322857461, "totalOtherIncomeExpensesNet": 1164000, "incomeBeforeTax": 81864000, "incomeBeforeTaxRatio": 0.3258346468, "incomeTaxExpense": -81864000, "netIncome": 81864000, "netIncomeRatio": 0.3258346468, "eps": 2.31, "epsdiluted": 2.3, "weightedAverageShsOut": 31244062, "weightedAverageShsOutDil": 31389999, "link": "https://www.sec.gov/Archives/edgar/data/1025996/000119312507042889/0001193125-07-042889-index.htm", "finalLink": "https://www.sec.gov/Archives/edgar/data/1025996/000119312507042889/d10k.htm", "calculatedOtherExpenses": 325500000, "calculatedOperatingExpenses": 348300000, "calculatedNetInterest": -41888000, "calculatedOtherIncome": 282610000, "calculatedIncomeNonControlling": 81864000, "calculatedEbitda": -89108000}, {"date": "2005-12-31", "symbol": "KRC", "reportedCurrency": "USD", "cik": "0001025996", "fillingDate": "2006-03-01", "acceptedDate": "2006-02-28 21:47:07", "calendarYear": "2005", "period": "FY", "revenue": 241715000, "costOfRevenue": 57441000, "grossProfit": 184274000, "grossProfitRatio": 0.7623606313, "researchAndDevelopmentExpenses": 0, "generalAndAdministrativeExpenses": 66456000, "sellingAndMarketingExpenses": 0, "sellingGeneralAndAdministrativeExpenses": 66456000, "otherExpenses": 125824000, "operatingExpenses": 192280000, "costAndExpenses": 192280000, "interestIncome": 0, "interestExpense": 39153000, "depreciationAndAmortization": 67826000, "ebitda": 116519000, "ebitdaratio": 0.482051176, "operatingIncome": -192280000, "operatingIncomeRatio": -0.7954822829, "totalOtherIncomeExpensesNet": 742000, "incomeBeforeTax": 33819000, "incomeBeforeTaxRatio": 0.1399127071, "incomeTaxExpense": -33819000, "netIncome": 33819000, "netIncomeRatio": 0.1399127071, "eps": 0.84, "epsdiluted": 0.84, "weightedAverageShsOut": 28710726, "weightedAverageShsOutDil": 28710726, "link": "https://www.sec.gov/Archives/edgar/data/1025996/000119312506041778/0001193125-06-041778-index.htm", "finalLink": "https://www.sec.gov/Archives/edgar/data/1025996/000119312506041778/d10k.htm", "calculatedOtherExpenses": 310098000, "calculatedOperatingExpenses": 376554000, "calculatedNetInterest": -39153000, "calculatedOtherIncome": 265252000, "calculatedIncomeNonControlling": 33819000, "calculatedEbitda": -124454000}, {"date": "2004-12-31", "symbol": "KRC", "reportedCurrency": "USD", "cik": "0001025996", "fillingDate": "2005-03-02", "acceptedDate": "2005-03-02 06:13:15", "calendarYear": "2004", "period": "FY", "revenue": 221399000, "costOfRevenue": 51829000, "grossProfit": 169570000, "grossProfitRatio": 0.765902285, "researchAndDevelopmentExpenses": 0, "generalAndAdministrativeExpenses": 34021000, "sellingAndMarketingExpenses": 0, "sellingGeneralAndAdministrativeExpenses": 34021000, "otherExpenses": 112564000, "operatingExpenses": 146585000, "costAndExpenses": 146585000, "interestIncome": 0, "interestExpense": 37647000, "depreciationAndAmortization": 62071000, "ebitda": 136364000, "ebitdaratio": 0.6159196744, "operatingIncome": -146585000, "operatingIncomeRatio": -0.6620851946, "totalOtherIncomeExpensesNet": 521000, "incomeBeforeTax": 29939000, "incomeBeforeTaxRatio": 0.1352264464, "incomeTaxExpense": -29939000, "netIncome": 29939000, "netIncomeRatio": 0.1352264464, "eps": 1.06, "epsdiluted": 1.06, "weightedAverageShsOut": 28244459, "weightedAverageShsOutDil": 28422027, "link": "https://www.sec.gov/Archives/edgar/data/1025996/000119312505040236/0001193125-05-040236-index.htm", "finalLink": "https://www.sec.gov/Archives/edgar/data/1025996/000119312505040236/d10k.htm", "calculatedOtherExpenses": 282134000, "calculatedOperatingExpenses": 316155000, "calculatedNetInterest": -37647000, "calculatedOtherIncome": 214171000, "calculatedIncomeNonControlling": 29939000, "calculatedEbitda": -84514000}, {"date": "2003-12-31", "symbol": "KRC", "reportedCurrency": "USD", "cik": "0001025996", "fillingDate": "2004-03-12", "acceptedDate": "2004-03-12 16:47:31", "calendarYear": "2003", "period": "FY", "revenue": 227786000, "costOfRevenue": 49652000, "grossProfit": 178134000, "grossProfitRatio": 0.7820234782, "researchAndDevelopmentExpenses": 0, "generalAndAdministrativeExpenses": 19140000, "sellingAndMarketingExpenses": 0, "sellingGeneralAndAdministrativeExpenses": 19140000, "otherExpenses": 108768000, "operatingExpenses": 127908000, "costAndExpenses": 127908000, "interestIncome": 196000, "interestExpense": 33385000, "depreciationAndAmortization": 59831000, "ebitda": 159513000, "ebitdaratio": 0.7002756974, "operatingIncome": -127908000, "operatingIncomeRatio": -0.5615270473, "totalOtherIncomeExpensesNet": 196000, "incomeBeforeTax": 49612000, "incomeBeforeTaxRatio": 0.2178009184, "incomeTaxExpense": -49612000, "netIncome": 49612000, "netIncomeRatio": 0.2178009184, "eps": 1.81, "epsdiluted": 1.79, "weightedAverageShsOut": 27526684, "weightedAverageShsOutDil": 27737791, "link": "https://www.sec.gov/Archives/edgar/data/1025996/000119312504040609/0001193125-04-040609-index.htm", "finalLink": "https://www.sec.gov/Archives/edgar/data/1025996/000119312504040609/d10k.htm", "calculatedOtherExpenses": 286902000, "calculatedOperatingExpenses": 306042000, "calculatedNetInterest": -33189000, "calculatedOtherIncome": 210709000, "calculatedIncomeNonControlling": 49612000, "calculatedEbitda": -68077000}, {"date": "2002-12-31", "symbol": "KRC", "reportedCurrency": "USD", "cik": "0001025996", "fillingDate": "2003-03-05", "acceptedDate": "2003-03-04 18:02:35", "calendarYear": "2002", "period": "FY", "revenue": 202095000, "costOfRevenue": 46347000, "grossProfit": 155748000, "grossProfitRatio": 0.7706672604, "researchAndDevelopmentExpenses": 0, "generalAndAdministrativeExpenses": 12557000, "sellingAndMarketingExpenses": 0, "sellingGeneralAndAdministrativeExpenses": 12557000, "otherExpenses": 107482000, "operatingExpenses": 120039000, "costAndExpenses": 120039000, "interestIncome": 513000, "interestExpense": 35640000, "depreciationAndAmortization": 64495000, "ebitda": 145655000, "ebitdaratio": 0.7207254014, "operatingIncome": -120039000, "operatingIncomeRatio": -0.5939731314, "totalOtherIncomeExpensesNet": 896000, "incomeBeforeTax": 40312000, "incomeBeforeTaxRatio": 0.199470546, "incomeTaxExpense": -40312000, "netIncome": 40312000, "netIncomeRatio": 0.199470546, "eps": 1.4, "epsdiluted": 1.39, "weightedAverageShsOut": 27449676, "weightedAverageShsOutDil": 27722197, "link": "https://www.sec.gov/Archives/edgar/data/1025996/000089843003001782/0000898430-03-001782-index.htm", "finalLink": "https://www.sec.gov/Archives/edgar/data/1025996/000089843003001782/d10k.htm", "calculatedOtherExpenses": 263230000, "calculatedOperatingExpenses": 275787000, "calculatedNetInterest": -35127000, "calculatedOtherIncome": 195478000, "calculatedIncomeNonControlling": 40312000, "calculatedEbitda": -55544000}, {"date": "2001-12-31", "symbol": "KRC", "reportedCurrency": "USD", "cik": "0001025996", "fillingDate": "2002-03-13", "acceptedDate": "2002-03-13 00:00:00", "calendarYear": "2001", "period": "FY", "revenue": 209645000, "costOfRevenue": 45299000, "grossProfit": 164346000, "grossProfitRatio": 0.7839252069, "researchAndDevelopmentExpenses": 0, "generalAndAdministrativeExpenses": 12435000, "sellingAndMarketingExpenses": 0, "sellingGeneralAndAdministrativeExpenses": 12435000, "otherExpenses": 98719000, "operatingExpenses": 111154000, "costAndExpenses": 111154000, "interestIncome": 1030000, "interestExpense": 41679000, "depreciationAndAmortization": 54103000, "ebitda": 147880000, "ebitdaratio": 0.7053829092, "operatingIncome": -111154000, "operatingIncomeRatio": -0.5302010542, "totalOtherIncomeExpensesNet": 4714000, "incomeBeforeTax": 38431000, "incomeBeforeTaxRatio": 0.183314651, "incomeTaxExpense": -38431000, "netIncome": 38431000, "netIncomeRatio": 0.183314651, "eps": 1.13, "epsdiluted": 1.12, "weightedAverageShsOut": 27167000, "weightedAverageShsOutDil": 27373000, "link": "https://www.sec.gov/Archives/edgar/data/1025996/000089843002000867/0000898430-02-000867-index.htm", "finalLink": "https://www.sec.gov/Archives/edgar/data/1025996/000089843002000867/d10k.htm", "calculatedOtherExpenses": 263065000, "calculatedOperatingExpenses": 275500000, "calculatedNetInterest": -40649000, "calculatedOtherIncome": 190234000, "calculatedIncomeNonControlling": 38431000, "calculatedEbitda": -57051000}, {"date": "2000-12-31", "symbol": "KRC", "reportedCurrency": "USD", "cik": "0001025996", "fillingDate": "2001-03-28", "acceptedDate": "2001-03-28 00:00:00", "calendarYear": "2000", "period": "FY", "revenue": 187113000, "costOfRevenue": 0, "grossProfit": 187113000, "grossProfitRatio": 1, "researchAndDevelopmentExpenses": 0, "generalAndAdministrativeExpenses": 11114000, "sellingAndMarketingExpenses": 0, "sellingGeneralAndAdministrativeExpenses": 11114000, "otherExpenses": 80706000, "operatingExpenses": 91820000, "costAndExpenses": 91820000, "interestIncome": 0, "interestExpense": 0, "depreciationAndAmortization": 42377000, "ebitda": 137670000, "ebitdaratio": 0.7357586058, "operatingIncome": -91820000, "operatingIncomeRatio": -0.4907195117, "totalOtherIncomeExpensesNet": 138666000, "incomeBeforeTax": 46846000, "incomeBeforeTaxRatio": 0.2503620807, "incomeTaxExpense": -46846000, "netIncome": 46846000, "netIncomeRatio": 0.2503620807, "eps": 1.76, "epsdiluted": 1.75, "weightedAverageShsOut": 26599000, "weightedAverageShsOutDil": 26755000, "link": "https://www.sec.gov/Archives/edgar/data/1025996/000089843001001074/0000898430-01-001074-index.htm", "finalLink": "https://www.sec.gov/Archives/edgar/data/1025996/000089843001001074/0000898430-01-001074-0001.txt", "calculatedOtherExpenses": 267819000, "calculatedOperatingExpenses": 278933000, "calculatedNetInterest": 0, "calculatedOtherIncome": 138666000, "calculatedIncomeNonControlling": 46846000, "calculatedEbitda": -49443000}, {"date": "1999-12-31", "symbol": "KRC", "reportedCurrency": "USD", "cik": "0001025996", "fillingDate": "2000-03-21", "acceptedDate": "2000-03-21 00:00:00", "calendarYear": "1999", "period": "FY", "revenue": 159700000, "costOfRevenue": 0, "grossProfit": 159700000, "grossProfitRatio": 1, "researchAndDevelopmentExpenses": 0, "generalAndAdministrativeExpenses": 9091000, "sellingAndMarketingExpenses": 0, "sellingGeneralAndAdministrativeExpenses": 9091000, "otherExpenses": 68229000, "operatingExpenses": 77320000, "costAndExpenses": 77320000, "interestIncome": 0, "interestExpense": 0, "depreciationAndAmortization": 33794000, "ebitda": 116174000, "ebitdaratio": 0.7274514715, "operatingIncome": -77320000, "operatingIncomeRatio": -0.4841577959, "totalOtherIncomeExpensesNet": 117215000, "incomeBeforeTax": 39895000, "incomeBeforeTaxRatio": 0.2498121478, "incomeTaxExpense": -39895000, "netIncome": 39895000, "netIncomeRatio": 0.2498121478, "eps": 1.44, "epsdiluted": 1.44, "weightedAverageShsOut": 27701000, "weightedAverageShsOutDil": 27727000, "link": "https://www.sec.gov/Archives/edgar/data/1025996/000089843000000845/0000898430-00-000845-index.html", "finalLink": "https://www.sec.gov/Archives/edgar/data/1025996/000089843000000845/", "calculatedOtherExpenses": 227929000, "calculatedOperatingExpenses": 237020000, "calculatedNetInterest": 0, "calculatedOtherIncome": 117215000, "calculatedIncomeNonControlling": 39895000, "calculatedEbitda": -43526000}, {"date": "1998-12-31", "symbol": "KRC", "reportedCurrency": "USD", "cik": "0001025996", "fillingDate": "1999-03-26", "acceptedDate": "1999-03-26 00:00:00", "calendarYear": "1998", "period": "FY", "revenue": 136284000, "costOfRevenue": 0, "grossProfit": 136284000, "grossProfitRatio": 1, "researchAndDevelopmentExpenses": 0, "generalAndAdministrativeExpenses": 7739000, "sellingAndMarketingExpenses": 0, "sellingGeneralAndAdministrativeExpenses": 7739000, "otherExpenses": 57983000, "operatingExpenses": 65722000, "costAndExpenses": 65722000, "interestIncome": 0, "interestExpense": 0, "depreciationAndAmortization": 26200000, "ebitda": 96762000, "ebitdaratio": 0.7100026415, "operatingIncome": -65722000, "operatingIncomeRatio": -0.4822429632, "totalOtherIncomeExpensesNet": 104544000, "incomeBeforeTax": 38822000, "incomeBeforeTaxRatio": 0.2848610255, "incomeTaxExpense": -38822000, "netIncome": 38822000, "netIncomeRatio": 0.2848610255, "eps": 1.44, "epsdiluted": 1.43, "weightedAverageShsOut": 26989000, "weightedAverageShsOutDil": 27060000, "link": "https://www.sec.gov/Archives/edgar/data/1025996/000089843099001171/0000898430-99-001171-index.html", "finalLink": "https://www.sec.gov/Archives/edgar/data/1025996/", "calculatedOtherExpenses": 194267000, "calculatedOperatingExpenses": 202006000, "calculatedNetInterest": 0, "calculatedOtherIncome": 104544000, "calculatedIncomeNonControlling": 38822000, "calculatedEbitda": -39522000}, {"date": "1997-12-31", "symbol": "KRC", "reportedCurrency": "USD", "cik": "0001025996", "fillingDate": "1998-03-20", "acceptedDate": "1998-03-20 00:00:00", "calendarYear": "1997", "period": "FY", "revenue": 69182000, "costOfRevenue": 0, "grossProfit": 69182000, "grossProfitRatio": 1, "researchAndDevelopmentExpenses": 46000, "generalAndAdministrativeExpenses": 5027000, "sellingAndMarketingExpenses": 0, "sellingGeneralAndAdministrativeExpenses": 5027000, "otherExpenses": 27528000, "operatingExpenses": 32601000, "costAndExpenses": 32601000, "interestIncome": 0, "interestExpense": 0, "depreciationAndAmortization": 14023000, "ebitda": 50604000, "ebitdaratio": 0.731461941, "operatingIncome": -32601000, "operatingIncomeRatio": -0.4712352924, "totalOtherIncomeExpensesNet": 57363000, "incomeBeforeTax": 24762000, "incomeBeforeTaxRatio": 0.3579254719, "incomeTaxExpense": -24762000, "netIncome": 24762000, "netIncomeRatio": 0.3579254719, "eps": 1.2, "epsdiluted": 1.19, "weightedAverageShsOut": 18416667, "weightedAverageShsOutDil": 18571429, "link": "https://www.sec.gov/Archives/edgar/data/1025996/000089843098000999/0000898430-98-000999-index.html", "finalLink": "https://www.sec.gov/Archives/edgar/data/1025996/", "calculatedOtherExpenses": 96710000, "calculatedOperatingExpenses": 101783000, "calculatedNetInterest": 0, "calculatedOtherIncome": 57363000, "calculatedIncomeNonControlling": 24762000, "calculatedEbitda": -18578000}, {"date": "1996-12-31", "symbol": "KRC", "reportedCurrency": "USD", "cik": "0001025996", "fillingDate": "1997-03-28", "acceptedDate": "1997-03-28 00:00:00", "calendarYear": "1996", "period": "FY", "revenue": 39176000, "costOfRevenue": 0, "grossProfit": 39176000, "grossProfitRatio": 1, "researchAndDevelopmentExpenses": 650000, "generalAndAdministrativeExpenses": 2383000, "sellingAndMarketingExpenses": 0, "sellingGeneralAndAdministrativeExpenses": 2383000, "otherExpenses": 21118000, "operatingExpenses": 24151000, "costAndExpenses": 24151000, "interestIncome": 0, "interestExpense": 0, "depreciationAndAmortization": 9111000, "ebitda": 24136000, "ebitdaratio": 0.6160914846, "operatingIncome": -24151000, "operatingIncomeRatio": -0.6164743721, "totalOtherIncomeExpensesNet": 37418000, "incomeBeforeTax": 13267000, "incomeBeforeTaxRatio": 0.338651215, "incomeTaxExpense": -13267000, "netIncome": 13267000, "netIncomeRatio": 0.338651215, "eps": -0.52, "epsdiluted": -0.52, "weightedAverageShsOut": 14475000, "weightedAverageShsOutDil": 14475000, "link": "https://www.sec.gov/Archives/edgar/data/1025996/000089843097001247/0000898430-97-001247-index.html", "finalLink": "https://www.sec.gov/Archives/edgar/data/1025996/", "calculatedOtherExpenses": 60294000, "calculatedOperatingExpenses": 63327000, "calculatedNetInterest": 0, "calculatedOtherIncome": 37418000, "calculatedIncomeNonControlling": 13267000, "calculatedEbitda": -15040000}]}