{"originalCurrency": "USD", "convertedCurrency": "USD", "report": [{"date": "2023-12-31", "symbol": "KRG", "reportedCurrency": "USD", "cik": "0001286043", "fillingDate": "2024-02-20", "acceptedDate": "2024-02-20 16:16:56", "calendarYear": "2023", "period": "FY", "revenue": 827837000, "costOfRevenue": 636745000, "grossProfit": 191092000, "grossProfitRatio": 0.2308328814, "researchAndDevelopmentExpenses": 0, "generalAndAdministrativeExpenses": 56142000, "sellingAndMarketingExpenses": 0, "sellingGeneralAndAdministrativeExpenses": 56142000, "otherExpenses": -56142000, "operatingExpenses": 56142000, "costAndExpenses": 697720000, "interestIncome": 0, "interestExpense": 122749000, "depreciationAndAmortization": 426361000, "ebitda": 556478000, "ebitdaratio": 0.6722072099, "operatingIncome": 130116999, "operatingIncomeRatio": 0.1571770759, "totalOtherIncomeExpensesNet": -83224999, "incomeBeforeTax": 46892000, "incomeBeforeTaxRatio": 0.0566440012, "incomeTaxExpense": 533000, "netIncome": 47498000, "netIncomeRatio": 0.0573760293, "eps": 0.22, "epsdiluted": 0.22, "weightedAverageShsOut": 219344832, "weightedAverageShsOutDil": 219728283, "link": "https://www.sec.gov/Archives/edgar/data/1286043/000128604324000018/0001286043-24-000018-index.htm", "finalLink": "https://www.sec.gov/Archives/edgar/data/1286043/000128604324000018/krg-20231231.htm", "calculatedOtherExpenses": 4833001, "calculatedOperatingExpenses": 60975001, "calculatedNetInterest": -122749000, "calculatedOtherIncome": 39524001, "calculatedIncomeNonControlling": -1139000, "calculatedEbitda": 556477999}, {"date": "2022-12-31", "symbol": "KRG", "reportedCurrency": "USD", "cik": "0001286043", "fillingDate": "2023-02-21", "acceptedDate": "2023-02-21 09:02:16", "calendarYear": "2022", "period": "FY", "revenue": 801996000, "costOfRevenue": 211806000, "grossProfit": 590190000, "grossProfitRatio": 0.7359014259, "researchAndDevelopmentExpenses": 0, "generalAndAdministrativeExpenses": 54860000, "sellingAndMarketingExpenses": 0, "sellingGeneralAndAdministrativeExpenses": 54860000, "otherExpenses": 469805000, "operatingExpenses": 524665000, "costAndExpenses": 736471000, "interestIncome": 104276000, "interestExpense": 104276000, "depreciationAndAmortization": 469805000, "ebitda": 535826000, "ebitdaratio": 0.6681155517, "operatingIncome": 66021000, "operatingIncomeRatio": 0.0823208595, "totalOtherIncomeExpensesNet": -78132000, "incomeBeforeTax": -12111000, "incomeBeforeTaxRatio": -0.0151010728, "incomeTaxExpense": 43000, "netIncome": -12154000, "netIncomeRatio": -0.0151546891, "eps": -0.0555, "epsdiluted": -0.0555, "weightedAverageShsOut": 219074448, "weightedAverageShsOutDil": 219074448, "link": "https://www.sec.gov/Archives/edgar/data/1286043/000128604323000023/0001286043-23-000023-index.htm", "finalLink": "https://www.sec.gov/Archives/edgar/data/1286043/000128604323000023/krg-20221231.htm", "calculatedOtherExpenses": 469309000, "calculatedOperatingExpenses": 524169000, "calculatedNetInterest": 0, "calculatedOtherIncome": -78132000, "calculatedIncomeNonControlling": 0, "calculatedEbitda": 535826000}, {"date": "2021-12-31", "symbol": "KRG", "reportedCurrency": "USD", "cik": "0001286043", "fillingDate": "2022-02-28", "acceptedDate": "2022-02-28 16:35:56", "calendarYear": "2021", "period": "FY", "revenue": 373324000, "costOfRevenue": 105091000, "grossProfit": 268233000, "grossProfitRatio": 0.7184992125, "researchAndDevelopmentExpenses": 0, "generalAndAdministrativeExpenses": 33984000, "sellingAndMarketingExpenses": 0, "sellingGeneralAndAdministrativeExpenses": 33984000, "otherExpenses": 200460000, "operatingExpenses": 234444000, "costAndExpenses": 339535000, "interestIncome": 60447000, "interestExpense": 60447000, "depreciationAndAmortization": 200460000, "ebitda": 234188000, "ebitdaratio": 0.6273049683, "operatingIncome": 33728000, "operatingIncomeRatio": 0.0903451158, "totalOtherIncomeExpensesNet": -115760000, "incomeBeforeTax": -82032000, "incomeBeforeTaxRatio": -0.2197340648, "incomeTaxExpense": -310000, "netIncome": -81722000, "netIncomeRatio": -0.2189036869, "eps": -0.74, "epsdiluted": -0.74, "weightedAverageShsOut": 110637562, "weightedAverageShsOutDil": 110637562, "link": "https://www.sec.gov/Archives/edgar/data/1286043/000128604322000024/0001286043-22-000024-index.htm", "finalLink": "https://www.sec.gov/Archives/edgar/data/1286043/000128604322000024/krg-20211231.htm", "calculatedOtherExpenses": 200521000, "calculatedOperatingExpenses": 234505000, "calculatedNetInterest": 0, "calculatedOtherIncome": -115760000, "calculatedIncomeNonControlling": 0, "calculatedEbitda": 234188000}, {"date": "2020-12-31", "symbol": "KRG", "reportedCurrency": "USD", "cik": "0001286043", "fillingDate": "2021-02-22", "acceptedDate": "2021-02-22 16:32:08", "calendarYear": "2020", "period": "FY", "revenue": 266645000, "costOfRevenue": 76879000, "grossProfit": 189766000, "grossProfitRatio": 0.711680324, "researchAndDevelopmentExpenses": 0, "generalAndAdministrativeExpenses": 30840000, "sellingAndMarketingExpenses": 0, "sellingGeneralAndAdministrativeExpenses": 30840000, "otherExpenses": 128648000, "operatingExpenses": 159488000, "costAndExpenses": 236367000, "interestIncome": 50399000, "interestExpense": 50399000, "depreciationAndAmortization": 122484000, "ebitda": 157495000, "ebitdaratio": 0.5906542407, "operatingIncome": 35011000, "operatingIncomeRatio": 0.1313019183, "totalOtherIncomeExpensesNet": -51830000, "incomeBeforeTax": -16819000, "incomeBeforeTaxRatio": -0.063076375, "incomeTaxExpense": -696000, "netIncome": -16123000, "netIncomeRatio": -0.0604661629, "eps": -0.19, "epsdiluted": -0.19, "weightedAverageShsOut": 84142261, "weightedAverageShsOutDil": 84142261, "link": "https://www.sec.gov/Archives/edgar/data/1286043/000128604321000034/0001286043-21-000034-index.htm", "finalLink": "https://www.sec.gov/Archives/edgar/data/1286043/000128604321000034/krg-20201231.htm", "calculatedOtherExpenses": 123915000, "calculatedOperatingExpenses": 154755000, "calculatedNetInterest": 0, "calculatedOtherIncome": -51830000, "calculatedIncomeNonControlling": 0, "calculatedEbitda": 157495000}, {"date": "2019-12-31", "symbol": "KRG", "reportedCurrency": "USD", "cik": "0001286043", "fillingDate": "2020-02-20", "acceptedDate": "2020-02-20 16:35:29", "calendarYear": "2019", "period": "FY", "revenue": 315173000, "costOfRevenue": 84352000, "grossProfit": 230821000, "grossProfitRatio": 0.732362861, "researchAndDevelopmentExpenses": 0, "generalAndAdministrativeExpenses": 28214000, "sellingAndMarketingExpenses": 0, "sellingGeneralAndAdministrativeExpenses": 28214000, "otherExpenses": 132098000, "operatingExpenses": 160312000, "costAndExpenses": 244664000, "interestIncome": 59268000, "interestExpense": 59268000, "depreciationAndAmortization": 129649000, "ebitda": 201406000, "ebitdaratio": 0.6390331659, "operatingIncome": 71757000, "operatingIncomeRatio": 0.2276749595, "totalOtherIncomeExpensesNet": -72041000, "incomeBeforeTax": -284000, "incomeBeforeTaxRatio": -0.0009010924, "incomeTaxExpense": -282000, "netIncome": -534000, "netIncomeRatio": -0.0016943076, "eps": -0.0064, "epsdiluted": -0.0064, "weightedAverageShsOut": 83926296, "weightedAverageShsOutDil": 83926296, "link": "https://www.sec.gov/Archives/edgar/data/1286043/000128604320000032/0001286043-20-000032-index.htm", "finalLink": "https://www.sec.gov/Archives/edgar/data/1286043/000128604320000032/krg-20191231x10k.htm", "calculatedOtherExpenses": 130850000, "calculatedOperatingExpenses": 159064000, "calculatedNetInterest": 0, "calculatedOtherIncome": -72041000, "calculatedIncomeNonControlling": 532000, "calculatedEbitda": 201406000}, {"date": "2018-12-31", "symbol": "KRG", "reportedCurrency": "USD", "cik": "0001286043", "fillingDate": "2019-02-27", "acceptedDate": "2019-02-27 16:36:31", "calendarYear": "2018", "period": "FY", "revenue": 354184000, "costOfRevenue": 92734000, "grossProfit": 261450000, "grossProfitRatio": 0.7381756375, "researchAndDevelopmentExpenses": 0, "generalAndAdministrativeExpenses": 21320000, "sellingAndMarketingExpenses": 0, "sellingGeneralAndAdministrativeExpenses": 21320000, "otherExpenses": -646000, "operatingExpenses": 173483000, "costAndExpenses": 266217000, "interestIncome": 0, "interestExpense": 66785000, "depreciationAndAmortization": 152163000, "ebitda": 239206000, "ebitdaratio": 0.675372123, "operatingIncome": 21031000, "operatingIncomeRatio": 0.059378741, "totalOtherIncomeExpensesNet": -67860000, "incomeBeforeTax": -46678000, "incomeBeforeTaxRatio": -0.1317902559, "incomeTaxExpense": -227000, "netIncome": -46567000, "netIncomeRatio": -0.1314768595, "eps": -0.56, "epsdiluted": -0.56, "weightedAverageShsOut": 83155357, "weightedAverageShsOutDil": 83693385, "link": "https://www.sec.gov/Archives/edgar/data/1286043/000128604319000021/0001286043-19-000021-index.htm", "finalLink": "https://www.sec.gov/Archives/edgar/data/1286043/000128604319000021/krg-20181231x10k.htm", "calculatedOtherExpenses": 219099000, "calculatedOperatingExpenses": 240419000, "calculatedNetInterest": -66785000, "calculatedOtherIncome": -924000, "calculatedIncomeNonControlling": 116000, "calculatedEbitda": 173194000}, {"date": "2017-12-31", "symbol": "KRG", "reportedCurrency": "USD", "cik": "0001286043", "fillingDate": "2018-02-20", "acceptedDate": "2018-02-20 16:30:59", "calendarYear": "2017", "period": "FY", "revenue": 358819000, "costOfRevenue": 92823000, "grossProfit": 265996000, "grossProfitRatio": 0.7413096854, "researchAndDevelopmentExpenses": 0, "generalAndAdministrativeExpenses": 21749000, "sellingAndMarketingExpenses": 0, "sellingGeneralAndAdministrativeExpenses": 21749000, "otherExpenses": -415000, "operatingExpenses": 193840000, "costAndExpenses": 286663000, "interestIncome": 0, "interestExpense": 65702000, "depreciationAndAmortization": 172091000, "ebitda": 243832000, "ebitdaratio": 0.6795403811, "operatingIncome": 64745000, "operatingIncomeRatio": 0.1804391629, "totalOtherIncomeExpensesNet": -7826000, "incomeBeforeTax": -1372000, "incomeBeforeTaxRatio": -0.0038236548, "incomeTaxExpense": -100000, "netIncome": 11874000, "netIncomeRatio": 0.0330918931, "eps": 0.14, "epsdiluted": 0.14, "weightedAverageShsOut": 83585333, "weightedAverageShsOutDil": 83690418, "link": "https://www.sec.gov/Archives/edgar/data/1286043/000128604318000020/0001286043-18-000020-index.htm", "finalLink": "https://www.sec.gov/Archives/edgar/data/1286043/000128604318000020/krg-20171231x10k.htm", "calculatedOtherExpenses": 179502000, "calculatedOperatingExpenses": 201251000, "calculatedNetInterest": -65702000, "calculatedOtherIncome": -415000, "calculatedIncomeNonControlling": -13146000, "calculatedEbitda": 236836000}, {"date": "2016-12-31", "symbol": "KRG", "reportedCurrency": "USD", "cik": "0001286043", "fillingDate": "2017-02-27", "acceptedDate": "2017-02-27 16:17:19", "calendarYear": "2016", "period": "FY", "revenue": 354122000, "costOfRevenue": 90761000, "grossProfit": 263361000, "grossProfitRatio": 0.7437013233, "researchAndDevelopmentExpenses": 0, "generalAndAdministrativeExpenses": 23374000, "sellingAndMarketingExpenses": 0, "sellingGeneralAndAdministrativeExpenses": 23374000, "otherExpenses": -169000, "operatingExpenses": 197938000, "costAndExpenses": 288699000, "interestIncome": 0, "interestExpense": 65577000, "depreciationAndAmortization": 179084000, "ebitda": 244338000, "ebitdaratio": 0.6899825484, "operatingIncome": 65423000, "operatingIncomeRatio": 0.1847470646, "totalOtherIncomeExpensesNet": -169000, "incomeBeforeTax": -323000, "incomeBeforeTaxRatio": -0.000912115, "incomeTaxExpense": 814000, "netIncome": 1183000, "netIncomeRatio": 0.0033406566, "eps": 0.01, "epsdiluted": 0.01, "weightedAverageShsOut": 83436511, "weightedAverageShsOutDil": 83465500, "link": "https://www.sec.gov/Archives/edgar/data/1286043/000128604317000025/0001286043-17-000025-index.htm", "finalLink": "https://www.sec.gov/Archives/edgar/data/1286043/000128604317000025/krg-20161231x10k.htm", "calculatedOtherExpenses": 174564000, "calculatedOperatingExpenses": 197938000, "calculatedNetInterest": -65577000, "calculatedOtherIncome": -169000, "calculatedIncomeNonControlling": -2320000, "calculatedEbitda": 244507000}, {"date": "2015-12-31", "symbol": "KRG", "reportedCurrency": "USD", "cik": "0001286043", "fillingDate": "2016-02-26", "acceptedDate": "2016-02-26 16:30:54", "calendarYear": "2015", "period": "FY", "revenue": 347005000, "costOfRevenue": 90877000, "grossProfit": 256128000, "grossProfitRatio": 0.7381104019, "researchAndDevelopmentExpenses": 0, "generalAndAdministrativeExpenses": 18709000, "sellingAndMarketingExpenses": 0, "sellingGeneralAndAdministrativeExpenses": 18709000, "otherExpenses": -95000, "operatingExpenses": 181189000, "costAndExpenses": 272066000, "interestIncome": 0, "interestExpense": 56432000, "depreciationAndAmortization": 167312000, "ebitda": 242156000, "ebitdaratio": 0.6978458524, "operatingIncome": 71797000, "operatingIncomeRatio": 0.2069047996, "totalOtherIncomeExpensesNet": 6928000, "incomeBeforeTax": 25435000, "incomeBeforeTaxRatio": 0.0732986556, "incomeTaxExpense": 186000, "netIncome": 27117000, "netIncomeRatio": 0.078145848, "eps": 0.19, "epsdiluted": 0.18, "weightedAverageShsOut": 83421904, "weightedAverageShsOutDil": 83534381, "link": "https://www.sec.gov/Archives/edgar/data/1286043/000128604316000131/0001286043-16-000131-index.htm", "finalLink": "https://www.sec.gov/Archives/edgar/data/1286043/000128604316000131/krg-20151231x10k.htm", "calculatedOtherExpenses": 165622000, "calculatedOperatingExpenses": 184331000, "calculatedNetInterest": -56432000, "calculatedOtherIncome": 10070000, "calculatedIncomeNonControlling": -1868000, "calculatedEbitda": 239109000}, {"date": "2014-12-31", "symbol": "KRG", "reportedCurrency": "USD", "cik": "0001286043", "fillingDate": "2015-02-27", "acceptedDate": "2015-02-27 16:05:12", "calendarYear": "2014", "period": "FY", "revenue": 259527715, "costOfRevenue": 68650051, "grossProfit": 190877664, "grossProfitRatio": 0.7354808484, "researchAndDevelopmentExpenses": 0, "generalAndAdministrativeExpenses": 13042524, "sellingAndMarketingExpenses": 0, "sellingGeneralAndAdministrativeExpenses": 13042524, "otherExpenses": -244302, "operatingExpenses": 134040425, "costAndExpenses": 202690476, "interestIncome": 0, "interestExpense": 45512807, "depreciationAndAmortization": 120997901, "ebitda": 177590838, "ebitdaratio": 0.6842846746, "operatingIncome": 29328780, "operatingIncomeRatio": 0.1130082774, "totalOtherIncomeExpensesNet": -27752761, "incomeBeforeTax": -16428329, "incomeBeforeTaxRatio": -0.0633008656, "incomeTaxExpense": 24049, "netIncome": -5700782, "netIncomeRatio": -0.0219659854, "eps": -0.0977, "epsdiluted": -0.0977, "weightedAverageShsOut": 58353448, "weightedAverageShsOutDil": 58353448, "link": "https://www.sec.gov/Archives/edgar/data/1286043/000128604315000013/0001286043-15-000013-index.htm", "finalLink": "https://www.sec.gov/Archives/edgar/data/1286043/000128604315000013/form10k_2014.htm", "calculatedOtherExpenses": 148506360, "calculatedOperatingExpenses": 161548884, "calculatedNetInterest": -45512807, "calculatedOtherIncome": -244302, "calculatedIncomeNonControlling": -10751596, "calculatedEbitda": 150326681}, {"date": "2013-12-31", "symbol": "KRG", "reportedCurrency": "USD", "cik": "0001286043", "fillingDate": "2014-03-07", "acceptedDate": "2014-03-07 16:32:37", "calendarYear": "2013", "period": "FY", "revenue": 129488327, "costOfRevenue": 36992179, "grossProfit": 92496148, "grossProfitRatio": 0.7143203572, "researchAndDevelopmentExpenses": 0, "generalAndAdministrativeExpenses": 8210793, "sellingAndMarketingExpenses": 0, "sellingGeneralAndAdministrativeExpenses": 8210793, "otherExpenses": -62381, "operatingExpenses": 62689816, "costAndExpenses": 99681995, "interestIncome": 0, "interestExpense": 27993577, "depreciationAndAmortization": 54479023, "ebitda": 84222974, "ebitdaratio": 0.6504290846, "operatingIncome": 27591765, "operatingIncomeRatio": 0.2130830295, "totalOtherIncomeExpensesNet": -2276948, "incomeBeforeTax": -464193, "incomeBeforeTaxRatio": -0.0035848251, "incomeTaxExpense": 262404, "netIncome": -2849735, "netIncomeRatio": -0.0220076594, "eps": -0.12, "epsdiluted": -0.12, "weightedAverageShsOut": 23535434, "weightedAverageShsOutDil": 23535434, "link": "https://www.sec.gov/Archives/edgar/data/1286043/000128604314000012/0001286043-14-000012-index.htm", "finalLink": "https://www.sec.gov/Archives/edgar/data/1286043/000128604314000012/form10k_2013.htm", "calculatedOtherExpenses": 56693590, "calculatedOperatingExpenses": 64904383, "calculatedNetInterest": -27993577, "calculatedOtherIncome": -62381, "calculatedIncomeNonControlling": 2123138, "calculatedEbitda": 82070788}, {"date": "2012-12-31", "symbol": "KRG", "reportedCurrency": "USD", "cik": "0001286043", "fillingDate": "2013-03-08", "acceptedDate": "2013-03-08 16:10:05", "calendarYear": "2012", "period": "FY", "revenue": 101053870, "costOfRevenue": 31017583, "grossProfit": 70036287, "grossProfitRatio": 0.6930589299, "researchAndDevelopmentExpenses": 0, "generalAndAdministrativeExpenses": 7124078, "sellingAndMarketingExpenses": 0, "sellingGeneralAndAdministrativeExpenses": 7124078, "otherExpenses": 148506, "operatingExpenses": 47496492, "costAndExpenses": 78514075, "interestIncome": 0, "interestExpense": 25660381, "depreciationAndAmortization": 40372414, "ebitda": 55172541, "ebitdaratio": 0.5459715793, "operatingIncome": 21167980, "operatingIncomeRatio": 0.209472235, "totalOtherIncomeExpensesNet": -9111483, "incomeBeforeTax": -12232069, "incomeBeforeTaxRatio": -0.1210450327, "incomeTaxExpense": -105984, "netIncome": -4333847, "netIncomeRatio": -0.042886502, "eps": -0.26, "epsdiluted": -0.26, "weightedAverageShsOut": 16721315, "weightedAverageShsOutDil": 16721315, "link": "https://www.sec.gov/Archives/edgar/data/1286043/000128604313000015/0001286043-13-000015-index.htm", "finalLink": "https://www.sec.gov/Archives/edgar/data/1286043/000128604313000015/form10k_2012.htm", "calculatedOtherExpenses": 41744229, "calculatedOperatingExpenses": 48868307, "calculatedNetInterest": -25660381, "calculatedOtherIncome": -7739668, "calculatedIncomeNonControlling": -7792238, "calculatedEbitda": 61540394}, {"date": "2011-12-31", "symbol": "KRG", "reportedCurrency": "USD", "cik": "0001286043", "fillingDate": "2012-03-02", "acceptedDate": "2012-03-02 14:04:27", "calendarYear": "2011", "period": "FY", "revenue": 101909375, "costOfRevenue": 32745934, "grossProfit": 69163441, "grossProfitRatio": 0.6786759412, "researchAndDevelopmentExpenses": 0, "generalAndAdministrativeExpenses": 6284397, "sellingAndMarketingExpenses": 0, "sellingGeneralAndAdministrativeExpenses": 6284397, "otherExpenses": 37068830, "operatingExpenses": 43353227, "costAndExpenses": 76099161, "interestIncome": 0, "interestExpense": 25291512, "depreciationAndAmortization": 37068830, "ebitda": 58348725, "ebitdaratio": 0.5725550274, "operatingIncome": 25810214, "operatingIncomeRatio": 0.2532663359, "totalOtherIncomeExpensesNet": 4863947, "incomeBeforeTax": 5381355, "incomeBeforeTaxRatio": 0.0528052988, "incomeTaxExpense": -1294, "netIncome": 4981274, "netIncomeRatio": 0.048879448, "eps": -0.04, "epsdiluted": -0.04, "weightedAverageShsOut": 15889330, "weightedAverageShsOutDil": 15889330, "link": "https://www.sec.gov/Archives/edgar/data/1286043/000128604312000006/0001286043-12-000006-index.htm", "finalLink": "https://www.sec.gov/Archives/edgar/data/1286043/000128604312000006/form10k2011.htm", "calculatedOtherExpenses": 37068830, "calculatedOperatingExpenses": 43353227, "calculatedNetInterest": -25291512, "calculatedOtherIncome": 4862653, "calculatedIncomeNonControlling": 401375, "calculatedEbitda": 62879044}, {"date": "2010-12-31", "symbol": "KRG", "reportedCurrency": "USD", "cik": "0001286043", "fillingDate": "2011-03-15", "acceptedDate": "2011-03-15 13:30:55", "calendarYear": "2010", "period": "FY", "revenue": 101416102, "costOfRevenue": 35878746, "grossProfit": 65537356, "grossProfitRatio": 0.6462223918, "researchAndDevelopmentExpenses": 0, "generalAndAdministrativeExpenses": 5372056, "sellingAndMarketingExpenses": 0, "sellingGeneralAndAdministrativeExpenses": 5372056, "otherExpenses": 40732228, "operatingExpenses": 46104284, "costAndExpenses": 81983030, "interestIncome": 0, "interestExpense": 28532440, "depreciationAndAmortization": 40732228, "ebitda": 60200108, "ebitdaratio": 0.593595167, "operatingIncome": 19433072, "operatingIncomeRatio": 0.1916172246, "totalOtherIncomeExpensesNet": -86772, "incomeBeforeTax": -8920154, "incomeBeforeTaxRatio": -0.0879559934, "incomeTaxExpense": 265986, "netIncome": -8270830, "netIncomeRatio": -0.0815534204, "eps": -0.52, "epsdiluted": -0.52, "weightedAverageShsOut": 15810118, "weightedAverageShsOutDil": 15810118, "link": "https://www.sec.gov/Archives/edgar/data/1286043/000128604311000006/0001286043-11-000006-index.htm", "finalLink": "https://www.sec.gov/Archives/edgar/data/1286043/000128604311000006/form10k2010.htm", "calculatedOtherExpenses": 40732228, "calculatedOperatingExpenses": 46104284, "calculatedNetInterest": -28532440, "calculatedOtherIncome": 179214, "calculatedIncomeNonControlling": -915310, "calculatedEbitda": 60165300}, {"date": "2009-12-31", "symbol": "KRG", "reportedCurrency": "USD", "cik": "0001286043", "fillingDate": "2010-03-16", "acceptedDate": "2010-03-16 17:22:41", "calendarYear": "2009", "period": "FY", "revenue": 115292103, "costOfRevenue": 35380977, "grossProfit": 79911126, "grossProfitRatio": 0.6931188166, "researchAndDevelopmentExpenses": 0, "generalAndAdministrativeExpenses": 5711623, "sellingAndMarketingExpenses": 0, "sellingGeneralAndAdministrativeExpenses": 5711623, "otherExpenses": 32148318, "operatingExpenses": 49928844, "costAndExpenses": 85309821, "interestIncome": 0, "interestExpense": 27151054, "depreciationAndAmortization": 32148318, "ebitda": 60248504, "ebitdaratio": 0.5225726865, "operatingIncome": 29982282, "operatingIncomeRatio": 0.2600549493, "totalOtherIncomeExpensesNet": 2108137, "incomeBeforeTax": -1759473000, "incomeBeforeTaxRatio": -15.2610018745, "incomeTaxExpense": 22293000, "netIncome": -1781766, "netIncomeRatio": -0.0154543629, "eps": -0.14, "epsdiluted": -0.14, "weightedAverageShsOut": 13036613, "weightedAverageShsOutDil": 13036613, "link": "https://www.sec.gov/Archives/edgar/data/1286043/000128604310000009/0001286043-10-000009-index.htm", "finalLink": "https://www.sec.gov/Archives/edgar/data/1286043/000128604310000009/form10k2009.htm", "calculatedOtherExpenses": 44217221, "calculatedOperatingExpenses": 49928844, "calculatedNetInterest": -27151054, "calculatedOtherIncome": -1762304228, "calculatedIncomeNonControlling": -1779984234, "calculatedEbitda": 62130600}, {"date": "2008-12-31", "symbol": "KRG", "reportedCurrency": "USD", "cik": "0001286043", "fillingDate": "2009-03-16", "acceptedDate": "2009-03-16 15:55:11", "calendarYear": "2008", "period": "FY", "revenue": 142700308, "costOfRevenue": 33788008, "grossProfit": 108912300, "grossProfitRatio": 0.7632240009, "researchAndDevelopmentExpenses": 0, "generalAndAdministrativeExpenses": 5884152, "sellingAndMarketingExpenses": 0, "sellingGeneralAndAdministrativeExpenses": 5884152, "otherExpenses": 64532138, "operatingExpenses": 70416290, "costAndExpenses": 104204298, "interestIncome": 0, "interestExpense": 29372181, "depreciationAndAmortization": 35446575, "ebitda": 73942505, "ebitdaratio": 0.5181664009, "operatingIncome": 38496010, "operatingIncomeRatio": 0.2697682334, "totalOtherIncomeExpensesNet": 158024, "incomeBeforeTax": 9281773, "incomeBeforeTaxRatio": 0.065043819, "incomeTaxExpense": 1927830, "netIncome": 6093126, "netIncomeRatio": 0.0426987586, "eps": 0.8, "epsdiluted": 0.8, "weightedAverageShsOut": 7582102, "weightedAverageShsOutDil": 7585112, "link": "https://www.sec.gov/Archives/edgar/data/1286043/000111650209000398/0001116502-09-000398-index.htm", "finalLink": "https://www.sec.gov/Archives/edgar/data/1286043/000111650209000398/kite10k.htm", "calculatedOtherExpenses": 64532138, "calculatedOperatingExpenses": 70416290, "calculatedNetInterest": -29372181, "calculatedOtherIncome": 157944, "calculatedIncomeNonControlling": 1260817, "calculatedEbitda": 73942585}, {"date": "2007-12-31", "symbol": "KRG", "reportedCurrency": "USD", "cik": "0001286043", "fillingDate": "2008-03-17", "acceptedDate": "2008-03-17 14:37:18", "calendarYear": "2007", "period": "FY", "revenue": 138754776, "costOfRevenue": 32077014, "grossProfit": 106677762, "grossProfitRatio": 0.768822271, "researchAndDevelopmentExpenses": 0, "generalAndAdministrativeExpenses": 6298901, "sellingAndMarketingExpenses": 0, "sellingGeneralAndAdministrativeExpenses": 6298901, "otherExpenses": 58889394, "operatingExpenses": 65188295, "costAndExpenses": 97265309, "interestIncome": 0, "interestExpense": -25965141000, "depreciationAndAmortization": 32886267, "ebitda": 73597182, "ebitdaratio": 0.5304118829, "operatingIncome": 41489467, "operatingIncomeRatio": 0.2990128931, "totalOtherIncomeExpensesNet": 778552, "incomeBeforeTax": 12606641, "incomeBeforeTaxRatio": 0.0908555465, "incomeTaxExpense": 761628, "netIncome": 13522683, "netIncomeRatio": 0.0974574237, "eps": 1.88, "epsdiluted": 1.84, "weightedAverageShsOut": 7227068, "weightedAverageShsOutDil": 7295246, "link": "https://www.sec.gov/Archives/edgar/data/1286043/000116923208001357/0001169232-08-001357-index.htm", "finalLink": "https://www.sec.gov/Archives/edgar/data/1286043/000116923208001357/d73879_10k.htm", "calculatedOtherExpenses": 58889394, "calculatedOperatingExpenses": 65188295, "calculatedNetInterest": 25965141000, "calculatedOtherIncome": -25994023826, "calculatedIncomeNonControlling": -1677670, "calculatedEbitda": 74375734}, {"date": "2006-12-31", "symbol": "KRG", "reportedCurrency": "USD", "cik": "0001286043", "fillingDate": "2007-03-16", "acceptedDate": "2007-03-16 13:30:30", "calendarYear": "2006", "period": "FY", "revenue": 131927857, "costOfRevenue": 35901364, "grossProfit": 96026493, "grossProfitRatio": 0.727871241, "researchAndDevelopmentExpenses": 0, "generalAndAdministrativeExpenses": 5322594, "sellingAndMarketingExpenses": 0, "sellingGeneralAndAdministrativeExpenses": 5322594, "otherExpenses": 54503963, "operatingExpenses": 59826557, "costAndExpenses": 95727921, "interestIncome": 0, "interestExpense": -21470000, "depreciationAndAmortization": 31541571, "ebitda": 67741507, "ebitdaratio": 0.5134738678, "operatingIncome": 36199936, "operatingIncomeRatio": 0.274391905, "totalOtherIncomeExpensesNet": -25054754, "incomeBeforeTax": 11145182, "incomeBeforeTaxRatio": 0.0844793681, "incomeTaxExpense": 965532, "netIncome": 10179650, "netIncomeRatio": 0.0771607319, "eps": 1.4, "epsdiluted": 1.4, "weightedAverageShsOut": 7183307, "weightedAverageShsOutDil": 7225778, "link": "https://www.sec.gov/Archives/edgar/data/1286043/000116923207001456/0001169232-07-001456-index.htm", "finalLink": "https://www.sec.gov/Archives/edgar/data/1286043/000116923207001456/d0771254_10-k.htm", "calculatedOtherExpenses": 54503963, "calculatedOperatingExpenses": 59826557, "calculatedNetInterest": 21470000, "calculatedOtherIncome": -46524754, "calculatedIncomeNonControlling": 0, "calculatedEbitda": 67741507}, {"date": "2005-12-31", "symbol": "KRG", "reportedCurrency": "USD", "cik": "0001286043", "fillingDate": "2006-03-16", "acceptedDate": "2006-03-16 16:16:33", "calendarYear": "2005", "period": "FY", "revenue": 99364855, "costOfRevenue": 21823278, "grossProfit": 77541577, "grossProfitRatio": 0.7803722654, "researchAndDevelopmentExpenses": 0, "generalAndAdministrativeExpenses": 5327735, "sellingAndMarketingExpenses": 0, "sellingGeneralAndAdministrativeExpenses": 5327735, "otherExpenses": 41593044, "operatingExpenses": 46920779, "costAndExpenses": 68744057, "interestIncome": 0, "interestExpense": 18089000, "depreciationAndAmortization": 23648819, "ebitda": 54269617, "ebitdaratio": 0.5461651104, "operatingIncome": 30620798, "operatingIncomeRatio": 0.3081652763, "totalOtherIncomeExpensesNet": -19104032, "incomeBeforeTax": 11516766, "incomeBeforeTaxRatio": 0.1159038173, "incomeTaxExpense": 1041463, "netIncome": 13435840, "netIncomeRatio": 0.1352172254, "eps": 2.52, "epsdiluted": 2.48, "weightedAverageShsOut": 5351745, "weightedAverageShsOutDil": 5380015, "link": "https://www.sec.gov/Archives/edgar/data/1286043/000120677406000468/0001206774-06-000468-index.htm", "finalLink": "https://www.sec.gov/Archives/edgar/data/1286043/000120677406000468/kr110839.htm", "calculatedOtherExpenses": 41593044, "calculatedOperatingExpenses": 46920779, "calculatedNetInterest": -18089000, "calculatedOtherIncome": -1015032, "calculatedIncomeNonControlling": -2960537, "calculatedEbitda": 54269617}, {"date": "2004-12-31", "symbol": "KRG", "reportedCurrency": "USD", "cik": "0001286043", "fillingDate": "2005-03-31", "acceptedDate": "2005-03-31 17:03:36", "calendarYear": "2004", "period": "FY", "revenue": 49098331, "costOfRevenue": 13192159, "grossProfit": 35906172, "grossProfitRatio": 0.7313114574, "researchAndDevelopmentExpenses": 0, "generalAndAdministrativeExpenses": 3257691, "sellingAndMarketingExpenses": 0, "sellingGeneralAndAdministrativeExpenses": 3257691, "otherExpenses": 22746326, "operatingExpenses": 26004017, "costAndExpenses": 39196176, "interestIncome": 0, "interestExpense": 4207213000, "depreciationAndAmortization": 12333774, "ebitda": 22235929, "ebitdaratio": 0.4528856388, "operatingIncome": 9902155, "operatingIncomeRatio": 0.2016800734, "totalOtherIncomeExpensesNet": -4166914000, "incomeBeforeTax": 1436966000, "incomeBeforeTaxRatio": 29.2671048228, "incomeTaxExpense": -4156487143, "netIncome": -524702, "netIncomeRatio": -0.0106867584, "eps": -0.12, "epsdiluted": -0.12, "weightedAverageShsOut": 4287066, "weightedAverageShsOutDil": 4287066, "link": "https://www.sec.gov/Archives/edgar/data/1286043/000114544305000759/0001145443-05-000759-index.htm", "finalLink": "https://www.sec.gov/Archives/edgar/data/1286043/000114544305000759/d16669.htm", "calculatedOtherExpenses": 22746326, "calculatedOperatingExpenses": 26004017, "calculatedNetInterest": -4207213000, "calculatedOtherIncome": 5634276845, "calculatedIncomeNonControlling": 5593977845, "calculatedEbitda": 22235929}, {"date": "2003-12-31", "symbol": "KRG", "reportedCurrency": "USD", "cik": "0001286043", "fillingDate": "2003-12-31", "acceptedDate": "2003-12-30 19:00:00", "calendarYear": "2003", "period": "FY", "revenue": 27757501, "costOfRevenue": 11536535, "grossProfit": 16220966, "grossProfitRatio": 0.5843813534, "researchAndDevelopmentExpenses": 0, "generalAndAdministrativeExpenses": 0, "sellingAndMarketingExpenses": 0, "sellingGeneralAndAdministrativeExpenses": 3020752, "otherExpenses": 10617086, "operatingExpenses": 10617086, "costAndExpenses": 22153621, "interestIncome": 0, "interestExpense": 0, "depreciationAndAmortization": 3017579, "ebitda": 8621459, "ebitdaratio": 0.3105992503, "operatingIncome": 5603880, "operatingIncomeRatio": 0.2018870503, "totalOtherIncomeExpensesNet": 0, "incomeBeforeTax": 0, "incomeBeforeTaxRatio": 0, "incomeTaxExpense": 3859156, "netIncome": 1744724, "netIncomeRatio": 0.0628559466, "eps": 0.41, "epsdiluted": 0.41, "weightedAverageShsOut": 4287066, "weightedAverageShsOutDil": 4287066, "link": "", "finalLink": "", "calculatedOtherExpenses": 7596334, "calculatedOperatingExpenses": 10617086, "calculatedNetInterest": 0, "calculatedOtherIncome": -5603880, "calculatedIncomeNonControlling": -5603880, "calculatedEbitda": 8621459}, {"date": "2002-12-31", "symbol": "KRG", "reportedCurrency": "USD", "cik": "0001286043", "fillingDate": "2002-12-31", "acceptedDate": "2002-12-30 19:00:00", "calendarYear": "2002", "period": "FY", "revenue": 28366000, "costOfRevenue": 19509000, "grossProfit": 8857000, "grossProfitRatio": 0.3122400056, "researchAndDevelopmentExpenses": 0, "generalAndAdministrativeExpenses": 0, "sellingAndMarketingExpenses": 0, "sellingGeneralAndAdministrativeExpenses": 0, "otherExpenses": 5412000, "operatingExpenses": 5412000, "costAndExpenses": 24921000, "interestIncome": 0, "interestExpense": 0, "depreciationAndAmortization": 835000, "ebitda": 4280000, "ebitdaratio": 0.1508848622, "operatingIncome": 3445000, "operatingIncomeRatio": 0.1214482126, "totalOtherIncomeExpensesNet": -803000, "incomeBeforeTax": 2642000, "incomeBeforeTaxRatio": 0.0931396743, "incomeTaxExpense": 404000, "netIncome": 2238000, "netIncomeRatio": 0.0788972714, "eps": 0.52, "epsdiluted": 0.52, "weightedAverageShsOut": 4287066, "weightedAverageShsOutDil": 4287066, "link": "", "finalLink": "", "calculatedOtherExpenses": 5412000, "calculatedOperatingExpenses": 5412000, "calculatedNetInterest": 0, "calculatedOtherIncome": -803000, "calculatedIncomeNonControlling": 0, "calculatedEbitda": 4280000}, {"date": "2001-12-31", "symbol": "KRG", "reportedCurrency": "USD", "cik": "0001286043", "fillingDate": "2001-12-31", "acceptedDate": "2001-12-30 19:00:00", "calendarYear": "2001", "period": "FY", "revenue": 10764000, "costOfRevenue": 6437000, "grossProfit": 4327000, "grossProfitRatio": 0.4019881085, "researchAndDevelopmentExpenses": 0, "generalAndAdministrativeExpenses": 0, "sellingAndMarketingExpenses": 0, "sellingGeneralAndAdministrativeExpenses": 1081000, "otherExpenses": 1441000, "operatingExpenses": 1441000, "costAndExpenses": 7878000, "interestIncome": 0, "interestExpense": 0, "depreciationAndAmortization": 360000, "ebitda": 3246000, "ebitdaratio": 0.3015607581, "operatingIncome": 2886000, "operatingIncomeRatio": 0.268115942, "totalOtherIncomeExpensesNet": 0, "incomeBeforeTax": 0, "incomeBeforeTaxRatio": 0, "incomeTaxExpense": 1375000, "netIncome": 1511000, "netIncomeRatio": 0.1403753252, "eps": 0.35, "epsdiluted": 0.35, "weightedAverageShsOut": 4287066, "weightedAverageShsOutDil": 4287066, "link": "", "finalLink": "", "calculatedOtherExpenses": 360000, "calculatedOperatingExpenses": 1441000, "calculatedNetInterest": 0, "calculatedOtherIncome": -2886000, "calculatedIncomeNonControlling": -2886000, "calculatedEbitda": 3246000}]}