{"originalCurrency": "USD", "convertedCurrency": "USD", "report": [{"date": "2024-02-03", "symbol": "KSS", "reportedCurrency": "USD", "cik": "0000885639", "fillingDate": "2024-03-21", "acceptedDate": "2024-03-21 16:10:37", "calendarYear": "2023", "period": "FY", "revenue": 17476000000, "costOfRevenue": 11247000000, "grossProfit": 6229000000, "grossProfitRatio": 0.3564316777, "researchAndDevelopmentExpenses": 0, "generalAndAdministrativeExpenses": 4716000000, "sellingAndMarketingExpenses": 796000000, "sellingGeneralAndAdministrativeExpenses": 5512000000, "otherExpenses": 0, "operatingExpenses": 5512000000, "costAndExpenses": 16759000000, "interestIncome": 0, "interestExpense": 344000000, "depreciationAndAmortization": 749000000, "ebitda": 1466000000, "ebitdaratio": 0.0838864729, "operatingIncome": 717000000, "operatingIncomeRatio": 0.0410276951, "totalOtherIncomeExpensesNet": -344000000, "incomeBeforeTax": 373000000, "incomeBeforeTaxRatio": 0.0213435569, "incomeTaxExpense": 56000000, "netIncome": 317000000, "netIncomeRatio": 0.0181391623, "eps": 2.88, "epsdiluted": 2.86, "weightedAverageShsOut": 110000000, "weightedAverageShsOutDil": 111000000, "link": "https://www.sec.gov/Archives/edgar/data/885639/000095017024034691/0000950170-24-034691-index.htm", "finalLink": "https://www.sec.gov/Archives/edgar/data/885639/000095017024034691/kss-20240203.htm", "calculatedOtherExpenses": 0, "calculatedOperatingExpenses": 5512000000, "calculatedNetInterest": -344000000, "calculatedOtherIncome": 0, "calculatedIncomeNonControlling": 0, "calculatedEbitda": 1466000000}, {"date": "2023-01-28", "symbol": "KSS", "reportedCurrency": "USD", "cik": "0000885639", "fillingDate": "2023-03-16", "acceptedDate": "2023-03-16 16:06:00", "calendarYear": "2022", "period": "FY", "revenue": 18098000000, "costOfRevenue": 11457000000, "grossProfit": 6641000000, "grossProfitRatio": 0.3669466239, "researchAndDevelopmentExpenses": 0, "generalAndAdministrativeExpenses": 4704000000, "sellingAndMarketingExpenses": 883000000, "sellingGeneralAndAdministrativeExpenses": 5587000000, "otherExpenses": 808000000, "operatingExpenses": 6395000000, "costAndExpenses": 17852000000, "interestIncome": 304000000, "interestExpense": 304000000, "depreciationAndAmortization": 808000000, "ebitda": 1054000000, "ebitdaratio": 0.0582384794, "operatingIncome": 246000000, "operatingIncomeRatio": 0.0135926622, "totalOtherIncomeExpensesNet": -304000000, "incomeBeforeTax": -58000000, "incomeBeforeTaxRatio": -0.003204774, "incomeTaxExpense": -39000000, "netIncome": -19000000, "netIncomeRatio": -0.0010498398, "eps": -0.16, "epsdiluted": -0.16, "weightedAverageShsOut": 120000000, "weightedAverageShsOutDil": 120000000, "link": "https://www.sec.gov/Archives/edgar/data/885639/000095017023008444/0000950170-23-008444-index.htm", "finalLink": "https://www.sec.gov/Archives/edgar/data/885639/000095017023008444/kss-20230128.htm", "calculatedOtherExpenses": 808000000, "calculatedOperatingExpenses": 6395000000, "calculatedNetInterest": 0, "calculatedOtherIncome": -304000000, "calculatedIncomeNonControlling": 0, "calculatedEbitda": 1054000000}, {"date": "2022-01-29", "symbol": "KSS", "reportedCurrency": "USD", "cik": "0000885639", "fillingDate": "2022-03-17", "acceptedDate": "2022-03-17 16:02:46", "calendarYear": "2021", "period": "FY", "revenue": 19433000000, "costOfRevenue": 11437000000, "grossProfit": 7996000000, "grossProfitRatio": 0.4114650337, "researchAndDevelopmentExpenses": 0, "generalAndAdministrativeExpenses": 4585000000, "sellingAndMarketingExpenses": 893000000, "sellingGeneralAndAdministrativeExpenses": 5478000000, "otherExpenses": 838000000, "operatingExpenses": 6316000000, "costAndExpenses": 17753000000, "interestIncome": 260000000, "interestExpense": 260000000, "depreciationAndAmortization": 838000000, "ebitda": 2518000000, "ebitdaratio": 0.1295734061, "operatingIncome": 1680000000, "operatingIncomeRatio": 0.0864508825, "totalOtherIncomeExpensesNet": -461000000, "incomeBeforeTax": 1219000000, "incomeBeforeTaxRatio": 0.0627283487, "incomeTaxExpense": 281000000, "netIncome": 938000000, "netIncomeRatio": 0.0482684094, "eps": 6.42, "epsdiluted": 6.34, "weightedAverageShsOut": 146000000, "weightedAverageShsOutDil": 148000000, "link": "https://www.sec.gov/Archives/edgar/data/885639/000095017022004076/0000950170-22-004076-index.htm", "finalLink": "https://www.sec.gov/Archives/edgar/data/885639/000095017022004076/kss-20220129.htm", "calculatedOtherExpenses": 838000000, "calculatedOperatingExpenses": 6316000000, "calculatedNetInterest": 0, "calculatedOtherIncome": -461000000, "calculatedIncomeNonControlling": 0, "calculatedEbitda": 2518000000}, {"date": "2021-01-30", "symbol": "KSS", "reportedCurrency": "USD", "cik": "0000885639", "fillingDate": "2021-03-18", "acceptedDate": "2021-03-18 16:03:57", "calendarYear": "2020", "period": "FY", "revenue": 15955000000, "costOfRevenue": 10360000000, "grossProfit": 5595000000, "grossProfitRatio": 0.35067377, "researchAndDevelopmentExpenses": 0, "generalAndAdministrativeExpenses": 4233000000, "sellingAndMarketingExpenses": 788000000, "sellingGeneralAndAdministrativeExpenses": 5021000000, "otherExpenses": 874000000, "operatingExpenses": 5895000000, "costAndExpenses": 16255000000, "interestIncome": 284000000, "interestExpense": 284000000, "depreciationAndAmortization": 874000000, "ebitda": 574000000, "ebitdaratio": 0.035976183, "operatingIncome": -300000000, "operatingIncomeRatio": -0.0188028831, "totalOtherIncomeExpensesNet": -246000000, "incomeBeforeTax": -546000000, "incomeBeforeTaxRatio": -0.0342212473, "incomeTaxExpense": -383000000, "netIncome": -163000000, "netIncomeRatio": -0.0102162332, "eps": -1.06, "epsdiluted": -1.06, "weightedAverageShsOut": 154000000, "weightedAverageShsOutDil": 154000000, "link": "https://www.sec.gov/Archives/edgar/data/885639/000156459021014145/0001564590-21-014145-index.htm", "finalLink": "https://www.sec.gov/Archives/edgar/data/885639/000156459021014145/kss-10k_20210130.htm", "calculatedOtherExpenses": 874000000, "calculatedOperatingExpenses": 5895000000, "calculatedNetInterest": 0, "calculatedOtherIncome": -246000000, "calculatedIncomeNonControlling": 0, "calculatedEbitda": 574000000}, {"date": "2020-02-01", "symbol": "KSS", "reportedCurrency": "USD", "cik": "0000885639", "fillingDate": "2020-03-18", "acceptedDate": "2020-03-18 07:01:49", "calendarYear": "2019", "period": "FY", "revenue": 19974000000, "costOfRevenue": 12140000000, "grossProfit": 7834000000, "grossProfitRatio": 0.3922098728, "researchAndDevelopmentExpenses": 0, "generalAndAdministrativeExpenses": 4679000000, "sellingAndMarketingExpenses": 1026000000, "sellingGeneralAndAdministrativeExpenses": 5705000000, "otherExpenses": 917000000, "operatingExpenses": 6622000000, "costAndExpenses": 18762000000, "interestIncome": 207000000, "interestExpense": 207000000, "depreciationAndAmortization": 1030000000, "ebitda": 2129000000, "ebitdaratio": 0.1065885651, "operatingIncome": 1099000000, "operatingIncomeRatio": 0.055021528, "totalOtherIncomeExpensesNet": -198000000, "incomeBeforeTax": 901000000, "incomeBeforeTaxRatio": 0.0451086412, "incomeTaxExpense": 210000000, "netIncome": 691000000, "netIncomeRatio": 0.0345949735, "eps": 4.4, "epsdiluted": 4.37, "weightedAverageShsOut": 157000000, "weightedAverageShsOutDil": 158000000, "link": "https://www.sec.gov/Archives/edgar/data/885639/000156459020011512/0001564590-20-011512-index.htm", "finalLink": "https://www.sec.gov/Archives/edgar/data/885639/000156459020011512/kss-10k_20200201.htm", "calculatedOtherExpenses": 1030000000, "calculatedOperatingExpenses": 6735000000, "calculatedNetInterest": 0, "calculatedOtherIncome": -198000000, "calculatedIncomeNonControlling": 0, "calculatedEbitda": 2129000000}, {"date": "2019-02-02", "symbol": "KSS", "reportedCurrency": "USD", "cik": "0000885639", "fillingDate": "2019-03-22", "acceptedDate": "2019-03-22 16:01:52", "calendarYear": "2018", "period": "FY", "revenue": 20229000000, "costOfRevenue": 12199000000, "grossProfit": 8030000000, "grossProfitRatio": 0.3969548668, "researchAndDevelopmentExpenses": 0, "generalAndAdministrativeExpenses": 4611000000, "sellingAndMarketingExpenses": 990000000, "sellingGeneralAndAdministrativeExpenses": 5601000000, "otherExpenses": 964000000, "operatingExpenses": 6565000000, "costAndExpenses": 18764000000, "interestIncome": 0, "interestExpense": 256000000, "depreciationAndAmortization": 964000000, "ebitda": 2429000000, "ebitdaratio": 0.1200751397, "operatingIncome": 1361000000, "operatingIncomeRatio": 0.067279648, "totalOtherIncomeExpensesNet": -167000000, "incomeBeforeTax": 1042000000, "incomeBeforeTaxRatio": 0.0515102081, "incomeTaxExpense": 241000000, "netIncome": 801000000, "netIncomeRatio": 0.0395966187, "eps": 4.88, "epsdiluted": 4.85, "weightedAverageShsOut": 164000000, "weightedAverageShsOutDil": 165000000, "link": "https://www.sec.gov/Archives/edgar/data/885639/000156459019009005/0001564590-19-009005-index.htm", "finalLink": "https://www.sec.gov/Archives/edgar/data/885639/000156459019009005/kss-10k_20190202.htm", "calculatedOtherExpenses": 1068000000, "calculatedOperatingExpenses": 6669000000, "calculatedNetInterest": -256000000, "calculatedOtherIncome": -63000000, "calculatedIncomeNonControlling": 0, "calculatedEbitda": 2325000000}, {"date": "2018-02-03", "symbol": "KSS", "reportedCurrency": "USD", "cik": "0000885639", "fillingDate": "2018-03-23", "acceptedDate": "2018-03-23 16:01:37", "calendarYear": "2017", "period": "FY", "revenue": 19095000000, "costOfRevenue": 12176000000, "grossProfit": 6919000000, "grossProfitRatio": 0.3623461639, "researchAndDevelopmentExpenses": 0, "generalAndAdministrativeExpenses": 3526000000, "sellingAndMarketingExpenses": 986000000, "sellingGeneralAndAdministrativeExpenses": 4512000000, "otherExpenses": 991000000, "operatingExpenses": 5503000000, "costAndExpenses": 17679000000, "interestIncome": 0, "interestExpense": 299000000, "depreciationAndAmortization": 991000000, "ebitda": 2407000000, "ebitdaratio": 0.1260539408, "operatingIncome": 1416000000, "operatingIncomeRatio": 0.0741555381, "totalOtherIncomeExpensesNet": -299000000, "incomeBeforeTax": 1117000000, "incomeBeforeTaxRatio": 0.0584969887, "incomeTaxExpense": 258000000, "netIncome": 859000000, "netIncomeRatio": 0.0449855983, "eps": 5.14, "epsdiluted": 5.12, "weightedAverageShsOut": 167000000, "weightedAverageShsOutDil": 168000000, "link": "https://www.sec.gov/Archives/edgar/data/885639/000156459018006671/0001564590-18-006671-index.htm", "finalLink": "https://www.sec.gov/Archives/edgar/data/885639/000156459018006671/kss-10k_20180203.htm", "calculatedOtherExpenses": 991000000, "calculatedOperatingExpenses": 5503000000, "calculatedNetInterest": -299000000, "calculatedOtherIncome": 0, "calculatedIncomeNonControlling": 0, "calculatedEbitda": 2407000000}, {"date": "2017-01-28", "symbol": "KSS", "reportedCurrency": "USD", "cik": "0000885639", "fillingDate": "2017-03-17", "acceptedDate": "2017-03-17 16:05:23", "calendarYear": "2016", "period": "FY", "revenue": 18686000000, "costOfRevenue": 11944000000, "grossProfit": 6742000000, "grossProfitRatio": 0.3608048807, "researchAndDevelopmentExpenses": 0, "generalAndAdministrativeExpenses": 3419000000, "sellingAndMarketingExpenses": 1016000000, "sellingGeneralAndAdministrativeExpenses": 4435000000, "otherExpenses": 938000000, "operatingExpenses": 5373000000, "costAndExpenses": 17317000000, "interestIncome": 0, "interestExpense": 308000000, "depreciationAndAmortization": 938000000, "ebitda": 2307000000, "ebitdaratio": 0.123461415, "operatingIncome": 1183000000, "operatingIncomeRatio": 0.0633094295, "totalOtherIncomeExpensesNet": -186000000, "incomeBeforeTax": 875000000, "incomeBeforeTaxRatio": 0.0468265011, "incomeTaxExpense": 319000000, "netIncome": 556000000, "netIncomeRatio": 0.0297548967, "eps": 3.12, "epsdiluted": 3.11, "weightedAverageShsOut": 178000000, "weightedAverageShsOutDil": 179000000, "link": "https://www.sec.gov/Archives/edgar/data/885639/000088563917000007/0000885639-17-000007-index.htm", "finalLink": "https://www.sec.gov/Archives/edgar/data/885639/000088563917000007/kohls_10kx2016.htm", "calculatedOtherExpenses": 1124000000, "calculatedOperatingExpenses": 5559000000, "calculatedNetInterest": -308000000, "calculatedOtherIncome": 0, "calculatedIncomeNonControlling": 0, "calculatedEbitda": 2121000000}, {"date": "2016-01-30", "symbol": "KSS", "reportedCurrency": "USD", "cik": "0000885639", "fillingDate": "2016-03-18", "acceptedDate": "2016-03-18 16:11:09", "calendarYear": "2015", "period": "FY", "revenue": 19204000000, "costOfRevenue": 12265000000, "grossProfit": 6939000000, "grossProfitRatio": 0.3613309727, "researchAndDevelopmentExpenses": 0, "generalAndAdministrativeExpenses": 3441000000, "sellingAndMarketingExpenses": 1011000000, "sellingGeneralAndAdministrativeExpenses": 4452000000, "otherExpenses": 934000000, "operatingExpenses": 5386000000, "costAndExpenses": 17651000000, "interestIncome": 0, "interestExpense": 327000000, "depreciationAndAmortization": 934000000, "ebitda": 2487000000, "ebitdaratio": 0.1295042699, "operatingIncome": 1553000000, "operatingIncomeRatio": 0.080868569, "totalOtherIncomeExpensesNet": -169000000, "incomeBeforeTax": 1057000000, "incomeBeforeTaxRatio": 0.0550406165, "incomeTaxExpense": 384000000, "netIncome": 673000000, "netIncomeRatio": 0.0350447823, "eps": 3.48, "epsdiluted": 3.46, "weightedAverageShsOut": 193000000, "weightedAverageShsOutDil": 195000000, "link": "https://www.sec.gov/Archives/edgar/data/885639/000088563916000033/0000885639-16-000033-index.htm", "finalLink": "https://www.sec.gov/Archives/edgar/data/885639/000088563916000033/kohls_10kx2015.htm", "calculatedOtherExpenses": 934000000, "calculatedOperatingExpenses": 5386000000, "calculatedNetInterest": -327000000, "calculatedOtherIncome": -169000000, "calculatedIncomeNonControlling": 0, "calculatedEbitda": 2487000000}, {"date": "2015-01-31", "symbol": "KSS", "reportedCurrency": "USD", "cik": "0000885639", "fillingDate": "2015-03-20", "acceptedDate": "2015-03-20 16:12:12", "calendarYear": "2014", "period": "FY", "revenue": 19023000000, "costOfRevenue": 12098000000, "grossProfit": 6925000000, "grossProfitRatio": 0.3640330127, "researchAndDevelopmentExpenses": 0, "generalAndAdministrativeExpenses": 48000000, "sellingAndMarketingExpenses": 1024000000, "sellingGeneralAndAdministrativeExpenses": 4350000000, "otherExpenses": 886000000, "operatingExpenses": 5236000000, "costAndExpenses": 17334000000, "interestIncome": 0, "interestExpense": 340000000, "depreciationAndAmortization": 886000000, "ebitda": 2575000000, "ebitdaratio": 0.135362456, "operatingIncome": 1689000000, "operatingIncomeRatio": 0.0887872575, "totalOtherIncomeExpensesNet": -340000000, "incomeBeforeTax": 1349000000, "incomeBeforeTaxRatio": 0.0709141565, "incomeTaxExpense": 482000000, "netIncome": 867000000, "netIncomeRatio": 0.0455764075, "eps": 4.28, "epsdiluted": 4.24, "weightedAverageShsOut": 203000000, "weightedAverageShsOutDil": 204000000, "link": "https://www.sec.gov/Archives/edgar/data/885639/000088563915000007/0000885639-15-000007-index.htm", "finalLink": "https://www.sec.gov/Archives/edgar/data/885639/000088563915000007/kohls_10kx2014.htm", "calculatedOtherExpenses": 886000000, "calculatedOperatingExpenses": 5236000000, "calculatedNetInterest": -340000000, "calculatedOtherIncome": 0, "calculatedIncomeNonControlling": 0, "calculatedEbitda": 2575000000}, {"date": "2014-02-01", "symbol": "KSS", "reportedCurrency": "USD", "cik": "0000885639", "fillingDate": "2014-03-21", "acceptedDate": "2014-03-21 16:31:53", "calendarYear": "2013", "period": "FY", "revenue": 19031000000, "costOfRevenue": 12087000000, "grossProfit": 6944000000, "grossProfitRatio": 0.3648783564, "researchAndDevelopmentExpenses": 0, "generalAndAdministrativeExpenses": 3300000000, "sellingAndMarketingExpenses": 1013000000, "sellingGeneralAndAdministrativeExpenses": 4313000000, "otherExpenses": 889000000, "operatingExpenses": 5202000000, "costAndExpenses": 17289000000, "interestIncome": 0, "interestExpense": 338000000, "depreciationAndAmortization": 889000000, "ebitda": 2631000000, "ebitdaratio": 0.1382481215, "operatingIncome": 1742000000, "operatingIncomeRatio": 0.0915348642, "totalOtherIncomeExpensesNet": -338000000, "incomeBeforeTax": 1404000000, "incomeBeforeTaxRatio": 0.0737743681, "incomeTaxExpense": 515000000, "netIncome": 889000000, "netIncomeRatio": 0.0467132573, "eps": 4.08, "epsdiluted": 4.05, "weightedAverageShsOut": 218000000, "weightedAverageShsOutDil": 220000000, "link": "https://www.sec.gov/Archives/edgar/data/885639/000088563914000007/0000885639-14-000007-index.htm", "finalLink": "https://www.sec.gov/Archives/edgar/data/885639/000088563914000007/kohls_10kx2013.htm", "calculatedOtherExpenses": 889000000, "calculatedOperatingExpenses": 5202000000, "calculatedNetInterest": -338000000, "calculatedOtherIncome": 0, "calculatedIncomeNonControlling": 0, "calculatedEbitda": 2631000000}, {"date": "2013-02-02", "symbol": "KSS", "reportedCurrency": "USD", "cik": "0000885639", "fillingDate": "2013-03-22", "acceptedDate": "2013-03-22 17:03:19", "calendarYear": "2012", "period": "FY", "revenue": 19279000000, "costOfRevenue": 12289000000, "grossProfit": 6990000000, "grossProfitRatio": 0.3625706728, "researchAndDevelopmentExpenses": 0, "generalAndAdministrativeExpenses": 3274000000, "sellingAndMarketingExpenses": 993000000, "sellingGeneralAndAdministrativeExpenses": 4267000000, "otherExpenses": 833000000, "operatingExpenses": 5100000000, "costAndExpenses": 17389000000, "interestIncome": 0, "interestExpense": 329000000, "depreciationAndAmortization": 833000000, "ebitda": 2723000000, "ebitdaratio": 0.1412417657, "operatingIncome": 1890000000, "operatingIncomeRatio": 0.0980341304, "totalOtherIncomeExpensesNet": -329000000, "incomeBeforeTax": 1561000000, "incomeBeforeTaxRatio": 0.0809689299, "incomeTaxExpense": 575000000, "netIncome": 986000000, "netIncomeRatio": 0.0511437315, "eps": 4.19, "epsdiluted": 4.17, "weightedAverageShsOut": 235000000, "weightedAverageShsOutDil": 237000000, "link": "https://www.sec.gov/Archives/edgar/data/885639/000088563913000004/0000885639-13-000004-index.htm", "finalLink": "https://www.sec.gov/Archives/edgar/data/885639/000088563913000004/kohls_10kx2012.htm", "calculatedOtherExpenses": 833000000, "calculatedOperatingExpenses": 5100000000, "calculatedNetInterest": -329000000, "calculatedOtherIncome": 0, "calculatedIncomeNonControlling": 0, "calculatedEbitda": 2723000000}, {"date": "2012-01-31", "symbol": "KSS", "reportedCurrency": "USD", "cik": "0000885639", "fillingDate": "2012-01-31", "acceptedDate": "2012-01-30 19:00:00", "calendarYear": "2011", "period": "FY", "revenue": 18804000000, "costOfRevenue": 11625000000, "grossProfit": 7179000000, "grossProfitRatio": 0.3817804722, "researchAndDevelopmentExpenses": 0, "generalAndAdministrativeExpenses": 0, "sellingAndMarketingExpenses": 0, "sellingGeneralAndAdministrativeExpenses": 4243000000, "otherExpenses": 778000000, "operatingExpenses": 5021000000, "costAndExpenses": 16646000000, "interestIncome": 4000000, "interestExpense": 299000000, "depreciationAndAmortization": 778000000, "ebitda": 2936000000, "ebitdaratio": 0.1561369921, "operatingIncome": 2158000000, "operatingIncomeRatio": 0.1147628164, "totalOtherIncomeExpensesNet": -299000000, "incomeBeforeTax": 1859000000, "incomeBeforeTaxRatio": 0.0988619443, "incomeTaxExpense": 692000000, "netIncome": 1167000000, "netIncomeRatio": 0.0620612636, "eps": 4.33, "epsdiluted": 4.3, "weightedAverageShsOut": 270000000, "weightedAverageShsOutDil": 271000000, "link": "", "finalLink": "", "calculatedOtherExpenses": 778000000, "calculatedOperatingExpenses": 5021000000, "calculatedNetInterest": -295000000, "calculatedOtherIncome": -4000000, "calculatedIncomeNonControlling": 0, "calculatedEbitda": 2936000000}, {"date": "2011-01-29", "symbol": "KSS", "reportedCurrency": "USD", "cik": "0000885639", "fillingDate": "2011-03-18", "acceptedDate": "2011-03-18 16:25:01", "calendarYear": "2010", "period": "FY", "revenue": 18391000000, "costOfRevenue": 11359000000, "grossProfit": 7032000000, "grossProfitRatio": 0.3823609374, "researchAndDevelopmentExpenses": 0, "generalAndAdministrativeExpenses": 0, "sellingAndMarketingExpenses": 0, "sellingGeneralAndAdministrativeExpenses": 4462000000, "otherExpenses": 656000000, "operatingExpenses": 5118000000, "costAndExpenses": 16477000000, "interestIncome": 9000000, "interestExpense": 141000000, "depreciationAndAmortization": 656000000, "ebitda": 2570000000, "ebitdaratio": 0.1397422652, "operatingIncome": 1914000000, "operatingIncomeRatio": 0.1040726442, "totalOtherIncomeExpensesNet": -132000000, "incomeBeforeTax": 1782000000, "incomeBeforeTaxRatio": 0.0968952205, "incomeTaxExpense": 668000000, "netIncome": 1114000000, "netIncomeRatio": 0.0605731064, "eps": 3.67, "epsdiluted": 3.65, "weightedAverageShsOut": 304000000, "weightedAverageShsOutDil": 306000000, "link": "https://www.sec.gov/Archives/edgar/data/885639/000119312511071252/0001193125-11-071252-index.htm", "finalLink": "https://www.sec.gov/Archives/edgar/data/885639/000119312511071252/d10k.htm", "calculatedOtherExpenses": 656000000, "calculatedOperatingExpenses": 5118000000, "calculatedNetInterest": -132000000, "calculatedOtherIncome": 0, "calculatedIncomeNonControlling": 0, "calculatedEbitda": 2570000000}, {"date": "2010-01-30", "symbol": "KSS", "reportedCurrency": "USD", "cik": "0000885639", "fillingDate": "2010-03-19", "acceptedDate": "2010-03-19 15:59:56", "calendarYear": "2009", "period": "FY", "revenue": 17178000000, "costOfRevenue": 10680000000, "grossProfit": 6498000000, "grossProfitRatio": 0.3782745372, "researchAndDevelopmentExpenses": 0, "generalAndAdministrativeExpenses": 0, "sellingAndMarketingExpenses": 0, "sellingGeneralAndAdministrativeExpenses": 4196000000, "otherExpenses": 590000000, "operatingExpenses": 4786000000, "costAndExpenses": 15466000000, "interestIncome": 10000000, "interestExpense": 134000000, "depreciationAndAmortization": 591000000, "ebitda": 2303000000, "ebitdaratio": 0.1340668297, "operatingIncome": 1712000000, "operatingIncomeRatio": 0.0996623588, "totalOtherIncomeExpensesNet": -124000000, "incomeBeforeTax": 1588000000, "incomeBeforeTaxRatio": 0.0924438235, "incomeTaxExpense": 597000000, "netIncome": 991000000, "netIncomeRatio": 0.0576900687, "eps": 3.25, "epsdiluted": 3.23, "weightedAverageShsOut": 305000000, "weightedAverageShsOutDil": 306000000, "link": "https://www.sec.gov/Archives/edgar/data/885639/000119312510061795/0001193125-10-061795-index.htm", "finalLink": "https://www.sec.gov/Archives/edgar/data/885639/000119312510061795/d10k.htm", "calculatedOtherExpenses": 590000000, "calculatedOperatingExpenses": 4786000000, "calculatedNetInterest": -124000000, "calculatedOtherIncome": 0, "calculatedIncomeNonControlling": 0, "calculatedEbitda": 2303000000}, {"date": "2009-01-31", "symbol": "KSS", "reportedCurrency": "USD", "cik": "0000885639", "fillingDate": "2009-03-20", "acceptedDate": "2009-03-20 16:05:24", "calendarYear": "2008", "period": "FY", "revenue": 16389000000, "costOfRevenue": 10334000000, "grossProfit": 6055000000, "grossProfitRatio": 0.3694551223, "researchAndDevelopmentExpenses": 0, "generalAndAdministrativeExpenses": 0, "sellingAndMarketingExpenses": 0, "sellingGeneralAndAdministrativeExpenses": 3978000000, "otherExpenses": 541000000, "operatingExpenses": 4519000000, "costAndExpenses": 14853000000, "interestIncome": 0, "interestExpense": 0, "depreciationAndAmortization": 543000000, "ebitda": 2079000000, "ebitdaratio": 0.1268533773, "operatingIncome": 1536000000, "operatingIncomeRatio": 0.0937213985, "totalOtherIncomeExpensesNet": -111000000, "incomeBeforeTax": 1425000000, "incomeBeforeTaxRatio": 0.0869485631, "incomeTaxExpense": 540000000, "netIncome": 885000000, "netIncomeRatio": 0.0539996339, "eps": 2.89, "epsdiluted": 2.89, "weightedAverageShsOut": 306000000, "weightedAverageShsOutDil": 307000000, "link": "https://www.sec.gov/Archives/edgar/data/885639/000119312509059797/0001193125-09-059797-index.htm", "finalLink": "https://www.sec.gov/Archives/edgar/data/885639/000119312509059797/d10k.htm", "calculatedOtherExpenses": 541000000, "calculatedOperatingExpenses": 4519000000, "calculatedNetInterest": 0, "calculatedOtherIncome": -111000000, "calculatedIncomeNonControlling": 0, "calculatedEbitda": 2079000000}, {"date": "2008-02-02", "symbol": "KSS", "reportedCurrency": "USD", "cik": "0000885639", "fillingDate": "2008-03-21", "acceptedDate": "2008-03-21 12:33:24", "calendarYear": "2007", "period": "FY", "revenue": 16473734000, "costOfRevenue": 10459549000, "grossProfit": 6014185000, "grossProfitRatio": 0.3650772193, "researchAndDevelopmentExpenses": 0, "generalAndAdministrativeExpenses": 0, "sellingAndMarketingExpenses": 0, "sellingGeneralAndAdministrativeExpenses": 3757563000, "otherExpenses": 452145000, "operatingExpenses": 4209708000, "costAndExpenses": 14669257000, "interestIncome": 0, "interestExpense": 0, "depreciationAndAmortization": 453171000, "ebitda": 2257648000, "ebitdaratio": 0.137045311, "operatingIncome": 1804477000, "operatingIncomeRatio": 0.1095366114, "totalOtherIncomeExpensesNet": -62416000, "incomeBeforeTax": 1742061000, "incomeBeforeTaxRatio": 0.1057477922, "incomeTaxExpense": 658210000, "netIncome": 1083851000, "netIncomeRatio": 0.0657926734, "eps": 3.41, "epsdiluted": 3.39, "weightedAverageShsOut": 318000000, "weightedAverageShsOutDil": 320000000, "link": "https://www.sec.gov/Archives/edgar/data/885639/000119312508062622/0001193125-08-062622-index.htm", "finalLink": "https://www.sec.gov/Archives/edgar/data/885639/000119312508062622/d10k.htm", "calculatedOtherExpenses": 452145000, "calculatedOperatingExpenses": 4209708000, "calculatedNetInterest": 0, "calculatedOtherIncome": -62416000, "calculatedIncomeNonControlling": 0, "calculatedEbitda": 2257648000}, {"date": "2007-02-03", "symbol": "KSS", "reportedCurrency": "USD", "cik": "0000885639", "fillingDate": "2007-03-23", "acceptedDate": "2007-03-23 16:11:31", "calendarYear": "2006", "period": "FY", "revenue": 15544184000, "costOfRevenue": 9890513000, "grossProfit": 5653671000, "grossProfitRatio": 0.3637161655, "researchAndDevelopmentExpenses": 0, "generalAndAdministrativeExpenses": 0, "sellingAndMarketingExpenses": 0, "sellingGeneralAndAdministrativeExpenses": 3451196000, "otherExpenses": 387703000, "operatingExpenses": 3838899000, "costAndExpenses": 13729412000, "interestIncome": -26387000, "interestExpense": 66743000, "depreciationAndAmortization": 388515000, "ebitda": 2203287000, "ebitdaratio": 0.1417434971, "operatingIncome": 1814772000, "operatingIncomeRatio": 0.1167492613, "totalOtherIncomeExpensesNet": -40327000, "incomeBeforeTax": 1774445000, "incomeBeforeTaxRatio": 0.1141549148, "incomeTaxExpense": 665764000, "netIncome": 1108681000, "netIncomeRatio": 0.0713244902, "eps": 3.34, "epsdiluted": 3.31, "weightedAverageShsOut": 331940419, "weightedAverageShsOutDil": 334948943, "link": "https://www.sec.gov/Archives/edgar/data/885639/000119312507062937/0001193125-07-062937-index.htm", "finalLink": "https://www.sec.gov/Archives/edgar/data/885639/000119312507062937/d10k.htm", "calculatedOtherExpenses": 387703000, "calculatedOperatingExpenses": 3838899000, "calculatedNetInterest": -93130000, "calculatedOtherIncome": 52803000, "calculatedIncomeNonControlling": 0, "calculatedEbitda": 2203287000}, {"date": "2006-01-28", "symbol": "KSS", "reportedCurrency": "USD", "cik": "0000885639", "fillingDate": "2006-03-17", "acceptedDate": "2006-03-17 17:30:42", "calendarYear": "2005", "period": "FY", "revenue": 13402217000, "costOfRevenue": 8639278000, "grossProfit": 4762939000, "grossProfitRatio": 0.3553844114, "researchAndDevelopmentExpenses": 0, "generalAndAdministrativeExpenses": 0, "sellingAndMarketingExpenses": 0, "sellingGeneralAndAdministrativeExpenses": 3007842000, "otherExpenses": 338916000, "operatingExpenses": 3346758000, "costAndExpenses": 11986036000, "interestIncome": -1695000, "interestExpense": 72086000, "depreciationAndAmortization": 339826000, "ebitda": 1756007000, "ebitdaratio": 0.1310236209, "operatingIncome": 1416181000, "operatingIncomeRatio": 0.1056676668, "totalOtherIncomeExpensesNet": -70391000, "incomeBeforeTax": 1345790000, "incomeBeforeTaxRatio": 0.100415476, "incomeTaxExpense": 503830000, "netIncome": 841960000, "netIncomeRatio": 0.062822442, "eps": 2.45, "epsdiluted": 2.43, "weightedAverageShsOut": 343657143, "weightedAverageShsOutDil": 346485597, "link": "https://www.sec.gov/Archives/edgar/data/885639/000119312506058252/0001193125-06-058252-index.htm", "finalLink": "https://www.sec.gov/Archives/edgar/data/885639/000119312506058252/d10k.htm", "calculatedOtherExpenses": 338916000, "calculatedOperatingExpenses": 3346758000, "calculatedNetInterest": -73781000, "calculatedOtherIncome": 3390000, "calculatedIncomeNonControlling": 0, "calculatedEbitda": 1756007000}, {"date": "2005-01-29", "symbol": "KSS", "reportedCurrency": "USD", "cik": "0000885639", "fillingDate": "2005-03-18", "acceptedDate": "2005-03-18 16:15:59", "calendarYear": "2004", "period": "FY", "revenue": 11700619000, "costOfRevenue": 7586992000, "grossProfit": 4113627000, "grossProfitRatio": 0.3515734509, "researchAndDevelopmentExpenses": 0, "generalAndAdministrativeExpenses": 0, "sellingAndMarketingExpenses": 0, "sellingGeneralAndAdministrativeExpenses": 2588752000, "otherExpenses": 288173000, "operatingExpenses": 2876925000, "costAndExpenses": 10463917000, "interestIncome": -1695000, "interestExpense": 64147000, "depreciationAndAmortization": 289108000, "ebitda": 1525810000, "ebitdaratio": 0.1304042119, "operatingIncome": 1236702000, "operatingIncomeRatio": 0.1056954337, "totalOtherIncomeExpensesNet": -62452000, "incomeBeforeTax": 1174250000, "incomeBeforeTaxRatio": 0.1003579383, "incomeTaxExpense": 443870000, "netIncome": 730380000, "netIncomeRatio": 0.0624223385, "eps": 2.06, "epsdiluted": 2.04, "weightedAverageShsOut": 341456796, "weightedAverageShsOutDil": 344804412, "link": "https://www.sec.gov/Archives/edgar/data/885639/000119312505055302/0001193125-05-055302-index.htm", "finalLink": "https://www.sec.gov/Archives/edgar/data/885639/000119312505055302/d10k.htm", "calculatedOtherExpenses": 288173000, "calculatedOperatingExpenses": 2876925000, "calculatedNetInterest": -65842000, "calculatedOtherIncome": 3390000, "calculatedIncomeNonControlling": 0, "calculatedEbitda": 1525810000}, {"date": "2004-01-31", "symbol": "KSS", "reportedCurrency": "USD", "cik": "0000885639", "fillingDate": "2004-03-19", "acceptedDate": "2004-03-19 16:10:58", "calendarYear": "2003", "period": "FY", "revenue": 10282094000, "costOfRevenue": 6887033000, "grossProfit": 3395061000, "grossProfitRatio": 0.3301915933, "researchAndDevelopmentExpenses": 0, "generalAndAdministrativeExpenses": 0, "sellingAndMarketingExpenses": 0, "sellingGeneralAndAdministrativeExpenses": 2134893000, "otherExpenses": 236864000, "operatingExpenses": 2371757000, "costAndExpenses": 9258790000, "interestIncome": -2309000, "interestExpense": 75240000, "depreciationAndAmortization": 247476000, "ebitda": 1270780000, "ebitdaratio": 0.1235915564, "operatingIncome": 1023304000, "operatingIncomeRatio": 0.0995229182, "totalOtherIncomeExpensesNet": -72931000, "incomeBeforeTax": 950373000, "incomeBeforeTaxRatio": 0.0924299078, "incomeTaxExpense": 359221000, "netIncome": 591152000, "netIncomeRatio": 0.0574933472, "eps": 1.61, "epsdiluted": 1.59, "weightedAverageShsOut": 360805590, "weightedAverageShsOutDil": 365344025, "link": "https://www.sec.gov/Archives/edgar/data/885639/000119312504045654/0001193125-04-045654-index.htm", "finalLink": "https://www.sec.gov/Archives/edgar/data/885639/000119312504045654/d10k.htm", "calculatedOtherExpenses": 236864000, "calculatedOperatingExpenses": 2371757000, "calculatedNetInterest": -77549000, "calculatedOtherIncome": 4618000, "calculatedIncomeNonControlling": 0, "calculatedEbitda": 1270780000}, {"date": "2003-02-01", "symbol": "KSS", "reportedCurrency": "USD", "cik": "0000885639", "fillingDate": "2003-03-21", "acceptedDate": "2003-03-21 17:10:00", "calendarYear": "2002", "period": "FY", "revenue": 9120287000, "costOfRevenue": 5981219000, "grossProfit": 3139068000, "grossProfitRatio": 0.3441852214, "researchAndDevelopmentExpenses": 0, "generalAndAdministrativeExpenses": 0, "sellingAndMarketingExpenses": 0, "sellingGeneralAndAdministrativeExpenses": 1857246000, "otherExpenses": 191439000, "operatingExpenses": 2048685000, "costAndExpenses": 8029904000, "interestIncome": -3440000, "interestExpense": 59449000, "depreciationAndAmortization": 201791000, "ebitda": 1292174000, "ebitdaratio": 0.141681287, "operatingIncome": 1090383000, "operatingIncomeRatio": 0.1195557771, "totalOtherIncomeExpensesNet": -56009000, "incomeBeforeTax": 1034374000, "incomeBeforeTaxRatio": 0.1134146327, "incomeTaxExpense": 390993000, "netIncome": 643381000, "netIncomeRatio": 0.0705439423, "eps": 1.89, "epsdiluted": 1.85, "weightedAverageShsOut": 336676000, "weightedAverageShsOutDil": 346728000, "link": "https://www.sec.gov/Archives/edgar/data/885639/000095013103001529/0000950131-03-001529-index.htm", "finalLink": "https://www.sec.gov/Archives/edgar/data/885639/000095013103001529/d10k.htm", "calculatedOtherExpenses": 191439000, "calculatedOperatingExpenses": 2048685000, "calculatedNetInterest": -62889000, "calculatedOtherIncome": 6880000, "calculatedIncomeNonControlling": 0, "calculatedEbitda": 1292174000}, {"date": "2002-02-02", "symbol": "KSS", "reportedCurrency": "USD", "cik": "0000885639", "fillingDate": "2002-04-15", "acceptedDate": "2002-04-15 00:00:00", "calendarYear": "2001", "period": "FY", "revenue": 7488654000, "costOfRevenue": 4923527000, "grossProfit": 2565127000, "grossProfitRatio": 0.3425351205, "researchAndDevelopmentExpenses": 0, "generalAndAdministrativeExpenses": 0, "sellingAndMarketingExpenses": 0, "sellingGeneralAndAdministrativeExpenses": 1557987000, "otherExpenses": 157165000, "operatingExpenses": 1715152000, "costAndExpenses": 6638679000, "interestIncome": 0, "interestExpense": 0, "depreciationAndAmortization": 167049000, "ebitda": 1017024000, "ebitdaratio": 0.1358086513, "operatingIncome": 849975000, "operatingIncomeRatio": 0.1135017054, "totalOtherIncomeExpensesNet": -50111000, "incomeBeforeTax": 799864000, "incomeBeforeTaxRatio": 0.1068101157, "incomeTaxExpense": 304188000, "netIncome": 495676000, "netIncomeRatio": 0.066190266, "eps": 1.48, "epsdiluted": 1.45, "weightedAverageShsOut": 335138497, "weightedAverageShsOutDil": 335138497, "link": "https://www.sec.gov/Archives/edgar/data/885639/000095013102001494/0000950131-02-001494-index.htm", "finalLink": "https://www.sec.gov/Archives/edgar/data/885639/000095013102001494/d10k.txt", "calculatedOtherExpenses": 157165000, "calculatedOperatingExpenses": 1715152000, "calculatedNetInterest": 0, "calculatedOtherIncome": -50111000, "calculatedIncomeNonControlling": 0, "calculatedEbitda": 1017024000}, {"date": "2001-02-03", "symbol": "KSS", "reportedCurrency": "USD", "cik": "0000885639", "fillingDate": "2001-04-17", "acceptedDate": "2001-04-17 00:00:00", "calendarYear": "2000", "period": "FY", "revenue": 6151996000, "costOfRevenue": 4049852000, "grossProfit": 2102144000, "grossProfitRatio": 0.3417011324, "researchAndDevelopmentExpenses": 0, "generalAndAdministrativeExpenses": 0, "sellingAndMarketingExpenses": 0, "sellingGeneralAndAdministrativeExpenses": 1317556000, "otherExpenses": 133273000, "operatingExpenses": 1450829000, "costAndExpenses": 5500681000, "interestIncome": 0, "interestExpense": 0, "depreciationAndAmortization": 133273000, "ebitda": 784588000, "ebitdaratio": 0.1275338931, "operatingIncome": 651315000, "operatingIncomeRatio": 0.1058705175, "totalOtherIncomeExpensesNet": -46201000, "incomeBeforeTax": 605114000, "incomeBeforeTaxRatio": 0.0983605971, "incomeTaxExpense": 232966000, "netIncome": 372148000, "netIncomeRatio": 0.060492237, "eps": 1.13, "epsdiluted": 1.1, "weightedAverageShsOut": 333112720, "weightedAverageShsOutDil": 333112720, "link": "https://www.sec.gov/Archives/edgar/data/885639/000095013101500717/0000950131-01-500717-index.htm", "finalLink": "https://www.sec.gov/Archives/edgar/data/885639/000095013101500717/d10k405.txt", "calculatedOtherExpenses": 133273000, "calculatedOperatingExpenses": 1450829000, "calculatedNetInterest": 0, "calculatedOtherIncome": -46201000, "calculatedIncomeNonControlling": 0, "calculatedEbitda": 784588000}, {"date": "2000-01-29", "symbol": "KSS", "reportedCurrency": "USD", "cik": "0000885639", "fillingDate": "2000-04-17", "acceptedDate": "2000-04-17 00:00:00", "calendarYear": "1999", "period": "FY", "revenue": 4557112000, "costOfRevenue": 3013759000, "grossProfit": 1543353000, "grossProfitRatio": 0.3386690957, "researchAndDevelopmentExpenses": 0, "generalAndAdministrativeExpenses": 0, "sellingAndMarketingExpenses": 0, "sellingGeneralAndAdministrativeExpenses": 1006241000, "otherExpenses": 88837000, "operatingExpenses": 1095078000, "costAndExpenses": 4108837000, "interestIncome": 0, "interestExpense": 0, "depreciationAndAmortization": 88837000, "ebitda": 537112000, "ebitdaratio": 0.1178623655, "operatingIncome": 448275000, "operatingIncomeRatio": 0.0983682209, "totalOtherIncomeExpensesNet": -27163000, "incomeBeforeTax": 421112000, "incomeBeforeTaxRatio": 0.0924076477, "incomeTaxExpense": 162970000, "netIncome": 258142000, "netIncomeRatio": 0.0566459635, "eps": 0.8, "epsdiluted": 0.77, "weightedAverageShsOut": 324628000, "weightedAverageShsOutDil": 333856000, "link": "https://www.sec.gov/Archives/edgar/data/885639/000095013100002652/0000950131-00-002652-index.html", "finalLink": "https://www.sec.gov/Archives/edgar/data/885639/000095013100002652/", "calculatedOtherExpenses": 88837000, "calculatedOperatingExpenses": 1095078000, "calculatedNetInterest": 0, "calculatedOtherIncome": -27163000, "calculatedIncomeNonControlling": 0, "calculatedEbitda": 537112000}, {"date": "1999-01-30", "symbol": "KSS", "reportedCurrency": "USD", "cik": "0000885639", "fillingDate": "1999-04-19", "acceptedDate": "1999-04-19 00:00:00", "calendarYear": "1998", "period": "FY", "revenue": 3681800000, "costOfRevenue": 2447300000, "grossProfit": 1234500000, "grossProfitRatio": 0.3352979521, "researchAndDevelopmentExpenses": 0, "generalAndAdministrativeExpenses": 0, "sellingAndMarketingExpenses": 0, "sellingGeneralAndAdministrativeExpenses": 826600000, "otherExpenses": 70200000, "operatingExpenses": 896800000, "costAndExpenses": 3344100000, "interestIncome": 0, "interestExpense": 0, "depreciationAndAmortization": 70200000, "ebitda": 406100000, "ebitdaratio": 0.1102993101, "operatingIncome": 337700000, "operatingIncomeRatio": 0.0917214406, "totalOtherIncomeExpensesNet": 1800000, "incomeBeforeTax": 316800000, "incomeBeforeTaxRatio": 0.0860448694, "incomeTaxExpense": 124500000, "netIncome": 192300000, "netIncomeRatio": 0.0522298876, "eps": 0.61, "epsdiluted": 0.59, "weightedAverageShsOut": 316134000, "weightedAverageShsOutDil": 325266000, "link": "https://www.sec.gov/Archives/edgar/data/885639/000095013199002389/0000950131-99-002389-index.html", "finalLink": "https://www.sec.gov/Archives/edgar/data/885639/", "calculatedOtherExpenses": 70200000, "calculatedOperatingExpenses": 896800000, "calculatedNetInterest": 0, "calculatedOtherIncome": -20900000, "calculatedIncomeNonControlling": 0, "calculatedEbitda": 407900000}, {"date": "1998-01-31", "symbol": "KSS", "reportedCurrency": "USD", "cik": "0000885639", "fillingDate": "1998-04-23", "acceptedDate": "1998-04-23 00:00:00", "calendarYear": "1997", "period": "FY", "revenue": 3060100000, "costOfRevenue": 2046500000, "grossProfit": 1013600000, "grossProfitRatio": 0.3312310055, "researchAndDevelopmentExpenses": 0, "generalAndAdministrativeExpenses": 0, "sellingAndMarketingExpenses": 0, "sellingGeneralAndAdministrativeExpenses": 697400000, "otherExpenses": 57700000, "operatingExpenses": 755100000, "costAndExpenses": 2801600000, "interestIncome": 0, "interestExpense": 0, "depreciationAndAmortization": 57700000, "ebitda": 315400000, "ebitdaratio": 0.1030685272, "operatingIncome": 258500000, "operatingIncomeRatio": 0.0844743636, "totalOtherIncomeExpensesNet": 800000, "incomeBeforeTax": 235100000, "incomeBeforeTaxRatio": 0.0768275547, "incomeTaxExpense": 93800000, "netIncome": 141300000, "netIncomeRatio": 0.0461749616, "eps": 0.23, "epsdiluted": 0.23, "weightedAverageShsOut": 609884000, "weightedAverageShsOutDil": 624308000, "link": "https://www.sec.gov/Archives/edgar/data/885639/000095013198002734/0000950131-98-002734-index.html", "finalLink": "https://www.sec.gov/Archives/edgar/data/885639/", "calculatedOtherExpenses": 57700000, "calculatedOperatingExpenses": 755100000, "calculatedNetInterest": 0, "calculatedOtherIncome": -23400000, "calculatedIncomeNonControlling": 0, "calculatedEbitda": 316200000}, {"date": "1997-02-01", "symbol": "KSS", "reportedCurrency": "USD", "cik": "0000885639", "fillingDate": "1997-04-29", "acceptedDate": "1997-04-29 00:00:00", "calendarYear": "1996", "period": "FY", "revenue": 2388200000, "costOfRevenue": 1608700000, "grossProfit": 779500000, "grossProfitRatio": 0.3263964492, "researchAndDevelopmentExpenses": 0, "generalAndAdministrativeExpenses": 0, "sellingAndMarketingExpenses": 0, "sellingGeneralAndAdministrativeExpenses": 546500000, "otherExpenses": 44200000, "operatingExpenses": 590700000, "costAndExpenses": 2199400000, "interestIncome": 0, "interestExpense": 0, "depreciationAndAmortization": 44200000, "ebitda": 232700000, "ebitdaratio": 0.0974374006, "operatingIncome": 188800000, "operatingIncomeRatio": 0.0790553555, "totalOtherIncomeExpensesNet": 300000, "incomeBeforeTax": 171400000, "incomeBeforeTaxRatio": 0.0717695335, "incomeTaxExpense": 68900000, "netIncome": 102500000, "netIncomeRatio": 0.0429193535, "eps": 0.35, "epsdiluted": 0.34, "weightedAverageShsOut": 292857143, "weightedAverageShsOutDil": 301470588, "link": "https://www.sec.gov/Archives/edgar/data/885639/000095013197002889/0000950131-97-002889-index.html", "finalLink": "https://www.sec.gov/Archives/edgar/data/885639/", "calculatedOtherExpenses": 44200000, "calculatedOperatingExpenses": 590700000, "calculatedNetInterest": 0, "calculatedOtherIncome": -17400000, "calculatedIncomeNonControlling": 0, "calculatedEbitda": 233000000}, {"date": "1996-01-31", "symbol": "KSS", "reportedCurrency": "USD", "cik": "0000885639", "fillingDate": "1996-01-31", "acceptedDate": "1996-01-30 19:00:00", "calendarYear": "1995", "period": "FY", "revenue": 1925700000, "costOfRevenue": 1294700000, "grossProfit": 631000000, "grossProfitRatio": 0.327673054, "researchAndDevelopmentExpenses": 0, "generalAndAdministrativeExpenses": 0, "sellingAndMarketingExpenses": 0, "sellingGeneralAndAdministrativeExpenses": 447200000, "otherExpenses": 34000000, "operatingExpenses": 481200000, "costAndExpenses": 1775900000, "interestIncome": 0, "interestExpense": 0, "depreciationAndAmortization": 34000000, "ebitda": 197500000, "ebitdaratio": 0.102560108, "operatingIncome": 149800000, "operatingIncomeRatio": 0.0777898946, "totalOtherIncomeExpensesNet": -13700000, "incomeBeforeTax": 122800000, "incomeBeforeTaxRatio": 0.0637690191, "incomeTaxExpense": 50100000, "netIncome": 72700000, "netIncomeRatio": 0.0377525056, "eps": 0.25, "epsdiluted": 0.25, "weightedAverageShsOut": 290800000, "weightedAverageShsOutDil": 290800000, "link": "", "finalLink": "", "calculatedOtherExpenses": 34000000, "calculatedOperatingExpenses": 481200000, "calculatedNetInterest": 0, "calculatedOtherIncome": -27000000, "calculatedIncomeNonControlling": 0, "calculatedEbitda": 183800000}, {"date": "1995-01-31", "symbol": "KSS", "reportedCurrency": "USD", "cik": "0000885639", "fillingDate": "1995-01-31", "acceptedDate": "1995-01-30 19:00:00", "calendarYear": "1994", "period": "FY", "revenue": 1554100000, "costOfRevenue": 1037700000, "grossProfit": 516400000, "grossProfitRatio": 0.3322823499, "researchAndDevelopmentExpenses": 0, "generalAndAdministrativeExpenses": 0, "sellingAndMarketingExpenses": 0, "sellingGeneralAndAdministrativeExpenses": 365100000, "otherExpenses": 27400000, "operatingExpenses": 392500000, "costAndExpenses": 1430200000, "interestIncome": 0, "interestExpense": 0, "depreciationAndAmortization": 27400000, "ebitda": 150300000, "ebitdaratio": 0.0967119233, "operatingIncome": 123900000, "operatingIncomeRatio": 0.0797245994, "totalOtherIncomeExpensesNet": 1000000, "incomeBeforeTax": 117400000, "incomeBeforeTaxRatio": 0.0755421144, "incomeTaxExpense": 48900000, "netIncome": 68500000, "netIncomeRatio": 0.0440769577, "eps": 0.24, "epsdiluted": 0.23, "weightedAverageShsOut": 285416667, "weightedAverageShsOutDil": 297826087, "link": "", "finalLink": "", "calculatedOtherExpenses": 27400000, "calculatedOperatingExpenses": 392500000, "calculatedNetInterest": 0, "calculatedOtherIncome": -6500000, "calculatedIncomeNonControlling": 0, "calculatedEbitda": 151300000}, {"date": "1994-01-31", "symbol": "KSS", "reportedCurrency": "USD", "cik": "0000885639", "fillingDate": "1994-01-31", "acceptedDate": "1994-01-30 19:00:00", "calendarYear": "1993", "period": "FY", "revenue": 1305700000, "costOfRevenue": 868400000, "grossProfit": 437300000, "grossProfitRatio": 0.3349161369, "researchAndDevelopmentExpenses": 0, "generalAndAdministrativeExpenses": 0, "sellingAndMarketingExpenses": 0, "sellingGeneralAndAdministrativeExpenses": 310900000, "otherExpenses": 24000000, "operatingExpenses": 334900000, "costAndExpenses": 1203300000, "interestIncome": 0, "interestExpense": 0, "depreciationAndAmortization": 24000000, "ebitda": 125500000, "ebitdaratio": 0.0961170254, "operatingIncome": 102400000, "operatingIncomeRatio": 0.0784253657, "totalOtherIncomeExpensesNet": 900000, "incomeBeforeTax": 96700000, "incomeBeforeTaxRatio": 0.0740598912, "incomeTaxExpense": 41000000, "netIncome": 53900000, "netIncomeRatio": 0.0412805392, "eps": 0.17, "epsdiluted": 0.16, "weightedAverageShsOut": 317058824, "weightedAverageShsOutDil": 336875000, "link": "", "finalLink": "", "calculatedOtherExpenses": 24000000, "calculatedOperatingExpenses": 334900000, "calculatedNetInterest": 0, "calculatedOtherIncome": -5700000, "calculatedIncomeNonControlling": 1800000, "calculatedEbitda": 126400000}, {"date": "1993-01-31", "symbol": "KSS", "reportedCurrency": "USD", "cik": "0000885639", "fillingDate": "1993-01-31", "acceptedDate": "1993-01-30 19:00:00", "calendarYear": "1992", "period": "FY", "revenue": 1096900000, "costOfRevenue": 722600000, "grossProfit": 374300000, "grossProfitRatio": 0.3412343878, "researchAndDevelopmentExpenses": 0, "generalAndAdministrativeExpenses": 0, "sellingAndMarketingExpenses": 0, "sellingGeneralAndAdministrativeExpenses": 289900000, "otherExpenses": 19800000, "operatingExpenses": 309700000, "costAndExpenses": 1032300000, "interestIncome": 0, "interestExpense": 0, "depreciationAndAmortization": 19800000, "ebitda": 86500000, "ebitdaratio": 0.0788586015, "operatingIncome": 64600000, "operatingIncomeRatio": 0.0588932446, "totalOtherIncomeExpensesNet": -2100000, "incomeBeforeTax": 48000000, "incomeBeforeTaxRatio": 0.0437596864, "incomeTaxExpense": 21400000, "netIncome": 26600000, "netIncomeRatio": 0.0242501595, "eps": 0.11, "epsdiluted": 0.11, "weightedAverageShsOut": 241818182, "weightedAverageShsOutDil": 241818182, "link": "", "finalLink": "", "calculatedOtherExpenses": 19800000, "calculatedOperatingExpenses": 309700000, "calculatedNetInterest": 0, "calculatedOtherIncome": -16600000, "calculatedIncomeNonControlling": 0, "calculatedEbitda": 84400000}, {"date": "1991-08-31", "symbol": "KSS", "reportedCurrency": "USD", "cik": "0000885639", "fillingDate": "1991-08-31", "acceptedDate": "1991-08-30 20:00:00", "calendarYear": "1991", "period": "FY", "revenue": 862900000, "costOfRevenue": 572700000, "grossProfit": 290200000, "grossProfitRatio": 0.3363077993, "researchAndDevelopmentExpenses": 0, "generalAndAdministrativeExpenses": 0, "sellingAndMarketingExpenses": 0, "sellingGeneralAndAdministrativeExpenses": 212000000, "otherExpenses": 18700000, "operatingExpenses": 230700000, "costAndExpenses": 803400000, "interestIncome": 0, "interestExpense": 0, "depreciationAndAmortization": 18700000, "ebitda": 82600000, "ebitdaratio": 0.0957237223, "operatingIncome": 59500000, "operatingIncomeRatio": 0.0689535288, "totalOtherIncomeExpensesNet": -4400000, "incomeBeforeTax": 28000000, "incomeBeforeTaxRatio": 0.0324487194, "incomeTaxExpense": 13000000, "netIncome": 15000000, "netIncomeRatio": 0.0173832426, "eps": 0.07, "epsdiluted": 0.07, "weightedAverageShsOut": 214285714, "weightedAverageShsOutDil": 214285714, "link": "", "finalLink": "", "calculatedOtherExpenses": 18700000, "calculatedOperatingExpenses": 230700000, "calculatedNetInterest": 0, "calculatedOtherIncome": -31500000, "calculatedIncomeNonControlling": 0, "calculatedEbitda": 78200000}]}