{"originalCurrency": "USD", "convertedCurrency": "USD", "report": [{"date": "2023-12-30", "symbol": "KTB", "reportedCurrency": "USD", "cik": "0001760965", "fillingDate": "2024-02-28", "acceptedDate": "2024-02-28 15:06:39", "calendarYear": "2023", "period": "FY", "revenue": 2607472000, "costOfRevenue": 1519635000, "grossProfit": 1087837000, "grossProfitRatio": 0.4171998779, "researchAndDevelopmentExpenses": 0, "generalAndAdministrativeExpenses": 635568000, "sellingAndMarketingExpenses": 133000000, "sellingGeneralAndAdministrativeExpenses": 768568000, "otherExpenses": -10753000, "operatingExpenses": 768568000, "costAndExpenses": 2288203000, "interestIncome": 3791000, "interestExpense": 40408000, "depreciationAndAmortization": 38046000, "ebitda": 350353000, "ebitdaratio": 0.1343650095, "operatingIncome": 319269000, "operatingIncomeRatio": 0.1224438843, "totalOtherIncomeExpensesNet": -10753000, "incomeBeforeTax": 271899000, "incomeBeforeTaxRatio": 0.1042768628, "incomeTaxExpense": 40905000, "netIncome": 230994000, "netIncomeRatio": 0.0885892543, "eps": 4.13, "epsdiluted": 4.06, "weightedAverageShsOut": 55961000, "weightedAverageShsOutDil": 56931000, "link": "https://www.sec.gov/Archives/edgar/data/1760965/000176096524000013/0001760965-24-000013-index.htm", "finalLink": "https://www.sec.gov/Archives/edgar/data/1760965/000176096524000013/ktb-20231230.htm", "calculatedOtherExpenses": 0, "calculatedOperatingExpenses": 768568000, "calculatedNetInterest": -36617000, "calculatedOtherIncome": -10753000, "calculatedIncomeNonControlling": 0, "calculatedEbitda": 357315000}, {"date": "2022-12-31", "symbol": "KTB", "reportedCurrency": "USD", "cik": "0001760965", "fillingDate": "2023-03-01", "acceptedDate": "2023-03-01 15:43:46", "calendarYear": "2022", "period": "FY", "revenue": 2631444000, "costOfRevenue": 1497076000, "grossProfit": 1134368000, "grossProfitRatio": 0.4310819459, "researchAndDevelopmentExpenses": 0, "generalAndAdministrativeExpenses": 639903000, "sellingAndMarketingExpenses": 137800000, "sellingGeneralAndAdministrativeExpenses": 777703000, "otherExpenses": -3962000, "operatingExpenses": 777703000, "costAndExpenses": 2274779000, "interestIncome": 1352000, "interestExpense": 34919000, "depreciationAndAmortization": 34516000, "ebitda": 391181000, "ebitdaratio": 0.1486564031, "operatingIncome": 356665000, "operatingIncomeRatio": 0.1355396505, "totalOtherIncomeExpensesNet": -37529000, "incomeBeforeTax": 319136000, "incomeBeforeTaxRatio": 0.1212778991, "incomeTaxExpense": 73643000, "netIncome": 245493000, "netIncomeRatio": 0.093292124, "eps": 4.4, "epsdiluted": 4.31, "weightedAverageShsOut": 55744000, "weightedAverageShsOutDil": 56962000, "link": "https://www.sec.gov/Archives/edgar/data/1760965/000176096523000007/0001760965-23-000007-index.htm", "finalLink": "https://www.sec.gov/Archives/edgar/data/1760965/000176096523000007/ktb-20221231.htm", "calculatedOtherExpenses": 0, "calculatedOperatingExpenses": 777703000, "calculatedNetInterest": -33567000, "calculatedOtherIncome": -3962000, "calculatedIncomeNonControlling": 0, "calculatedEbitda": 391181000}, {"date": "2021-12-31", "symbol": "KTB", "reportedCurrency": "USD", "cik": "0001760965", "fillingDate": "2022-03-02", "acceptedDate": "2022-03-02 17:16:38", "calendarYear": "2021", "period": "FY", "revenue": 2475916000, "costOfRevenue": 1368190000, "grossProfit": 1107726000, "grossProfitRatio": 0.4474004772, "researchAndDevelopmentExpenses": 0, "generalAndAdministrativeExpenses": 682747000, "sellingAndMarketingExpenses": 142000000, "sellingGeneralAndAdministrativeExpenses": 824747000, "otherExpenses": -959000, "operatingExpenses": 824747000, "costAndExpenses": 2192937000, "interestIncome": 1480000, "interestExpense": 38900000, "depreciationAndAmortization": 37120000, "ebitda": 320099000, "ebitdaratio": 0.1292850808, "operatingIncome": 282979000, "operatingIncomeRatio": 0.1142926497, "totalOtherIncomeExpensesNet": -38379000, "incomeBeforeTax": 244600000, "incomeBeforeTaxRatio": 0.0987917199, "incomeTaxExpense": 49177000, "netIncome": 195423000, "netIncomeRatio": 0.078929576, "eps": 3.4, "epsdiluted": 3.31, "weightedAverageShsOut": 57394000, "weightedAverageShsOutDil": 59086000, "link": "https://www.sec.gov/Archives/edgar/data/1760965/000176096522000008/0001760965-22-000008-index.htm", "finalLink": "https://www.sec.gov/Archives/edgar/data/1760965/000176096522000008/ktb-20220101.htm", "calculatedOtherExpenses": 0, "calculatedOperatingExpenses": 824747000, "calculatedNetInterest": -37420000, "calculatedOtherIncome": -959000, "calculatedIncomeNonControlling": 0, "calculatedEbitda": 320099000}, {"date": "2020-12-31", "symbol": "KTB", "reportedCurrency": "USD", "cik": "0001760965", "fillingDate": "2021-03-03", "acceptedDate": "2021-03-03 16:55:38", "calendarYear": "2020", "period": "FY", "revenue": 2097839000, "costOfRevenue": 1234150000, "grossProfit": 863689000, "grossProfitRatio": 0.4117041394, "researchAndDevelopmentExpenses": 0, "generalAndAdministrativeExpenses": 641055000, "sellingAndMarketingExpenses": 98800000, "sellingGeneralAndAdministrativeExpenses": 739855000, "otherExpenses": -2514000, "operatingExpenses": 739855000, "costAndExpenses": 1974005000, "interestIncome": 1608000, "interestExpense": 49992000, "depreciationAndAmortization": 33585000, "ebitda": 157419000, "ebitdaratio": 0.0750386469, "operatingIncome": 123834000, "operatingIncomeRatio": 0.0590293154, "totalOtherIncomeExpensesNet": -50898000, "incomeBeforeTax": 72936000, "incomeBeforeTaxRatio": 0.0347672057, "incomeTaxExpense": 5013000, "netIncome": 67923000, "netIncomeRatio": 0.0323776038, "eps": 1.19, "epsdiluted": 1.17, "weightedAverageShsOut": 56994000, "weightedAverageShsOutDil": 57858000, "link": "https://www.sec.gov/Archives/edgar/data/1760965/000176096521000009/0001760965-21-000009-index.htm", "finalLink": "https://www.sec.gov/Archives/edgar/data/1760965/000176096521000009/ktb-20210102.htm", "calculatedOtherExpenses": 0, "calculatedOperatingExpenses": 739855000, "calculatedNetInterest": -48384000, "calculatedOtherIncome": -2514000, "calculatedIncomeNonControlling": 0, "calculatedEbitda": 157419000}, {"date": "2019-12-28", "symbol": "KTB", "reportedCurrency": "USD", "cik": "0001760965", "fillingDate": "2020-03-11", "acceptedDate": "2020-03-10 21:10:59", "calendarYear": "2019", "period": "FY", "revenue": 2548839000, "costOfRevenue": 1544465000, "grossProfit": 1004374000, "grossProfitRatio": 0.3940515662, "researchAndDevelopmentExpenses": 0, "generalAndAdministrativeExpenses": 684148000, "sellingAndMarketingExpenses": 119300000, "sellingGeneralAndAdministrativeExpenses": 803448000, "otherExpenses": -5002000, "operatingExpenses": 803448000, "costAndExpenses": 2347913000, "interestIncome": 7693000, "interestExpense": 35787000, "depreciationAndAmortization": 66087000, "ebitda": 234377000, "ebitdaratio": 0.0919544153, "operatingIncome": 168290000, "operatingIncomeRatio": 0.0660261397, "totalOtherIncomeExpensesNet": -33096000, "incomeBeforeTax": 135194000, "incomeBeforeTaxRatio": 0.0530414043, "incomeTaxExpense": 38540000, "netIncome": 96654000, "netIncomeRatio": 0.0379207945, "eps": 1.71, "epsdiluted": 1.69, "weightedAverageShsOut": 56688000, "weightedAverageShsOutDil": 57209000, "link": "https://www.sec.gov/Archives/edgar/data/1760965/000176096520000010/0001760965-20-000010-index.htm", "finalLink": "https://www.sec.gov/Archives/edgar/data/1760965/000176096520000010/kontoor201910-k1.htm", "calculatedOtherExpenses": 32636000, "calculatedOperatingExpenses": 836084000, "calculatedNetInterest": -28094000, "calculatedOtherIncome": -5002000, "calculatedIncomeNonControlling": 0, "calculatedEbitda": 234377000}, {"date": "2018-12-31", "symbol": "KTB", "reportedCurrency": "USD", "cik": "0001760965", "fillingDate": "2018-12-31", "acceptedDate": "2018-12-31 00:00:00", "calendarYear": "2018", "period": "FY", "revenue": 2763998000, "costOfRevenue": 1649435000, "grossProfit": 1114563000, "grossProfitRatio": 0.4032430559, "researchAndDevelopmentExpenses": 0, "generalAndAdministrativeExpenses": 0, "sellingAndMarketingExpenses": 0, "sellingGeneralAndAdministrativeExpenses": 781521000, "otherExpenses": -5269000, "operatingExpenses": 781521000, "costAndExpenses": 2430956000, "interestIncome": 12305000, "interestExpense": -7036000, "depreciationAndAmortization": 31035000, "ebitda": 364077000, "ebitdaratio": 0.1317211518, "operatingIncome": 333042000, "operatingIncomeRatio": 0.1204928513, "totalOtherIncomeExpensesNet": -5269000, "incomeBeforeTax": 340078000, "incomeBeforeTaxRatio": 0.1230384392, "incomeTaxExpense": 77005000, "netIncome": 263073000, "netIncomeRatio": 0.0951784336, "eps": 4.66, "epsdiluted": 4.64, "weightedAverageShsOut": 56450153, "weightedAverageShsOutDil": 56639978, "link": null, "finalLink": null, "calculatedOtherExpenses": 0, "calculatedOperatingExpenses": 781521000, "calculatedNetInterest": 19341000, "calculatedOtherIncome": -12305000, "calculatedIncomeNonControlling": 0, "calculatedEbitda": 364077000}, {"date": "2017-12-31", "symbol": "KTB", "reportedCurrency": "USD", "cik": "0001760965", "fillingDate": "2017-12-31", "acceptedDate": "2017-12-31 00:00:00", "calendarYear": "2017", "period": "FY", "revenue": 2830106000, "costOfRevenue": 1658144000, "grossProfit": 1171962000, "grossProfitRatio": 0.4141053374, "researchAndDevelopmentExpenses": 0, "generalAndAdministrativeExpenses": 0, "sellingAndMarketingExpenses": 0, "sellingGeneralAndAdministrativeExpenses": 814544000, "otherExpenses": -3358000, "operatingExpenses": 814544000, "costAndExpenses": 2472688000, "interestIncome": 6356000, "interestExpense": 1263000, "depreciationAndAmortization": 33628000, "ebitda": 394044000, "ebitdaratio": 0.1392329475, "operatingIncome": 357418000, "operatingIncomeRatio": 0.1262913827, "totalOtherIncomeExpensesNet": -3358000, "incomeBeforeTax": 359153000, "incomeBeforeTaxRatio": 0.126904434, "incomeTaxExpense": 242962000, "netIncome": 116191000, "netIncomeRatio": 0.0410553527, "eps": 2.05, "epsdiluted": 2.05, "weightedAverageShsOut": 56639978, "weightedAverageShsOutDil": 56639978, "link": null, "finalLink": null, "calculatedOtherExpenses": 0, "calculatedOperatingExpenses": 814544000, "calculatedNetInterest": 5093000, "calculatedOtherIncome": -3358000, "calculatedIncomeNonControlling": 0, "calculatedEbitda": 391046000}, {"date": "2016-12-31", "symbol": "KTB", "reportedCurrency": "USD", "cik": "0001760965", "fillingDate": "2016-12-31", "acceptedDate": "2016-12-31 00:00:00", "calendarYear": "2016", "period": "FY", "revenue": 2926464000, "costOfRevenue": 1711319000, "grossProfit": 1215145000, "grossProfitRatio": 0.4152263619, "researchAndDevelopmentExpenses": 0, "generalAndAdministrativeExpenses": 0, "sellingAndMarketingExpenses": 0, "sellingGeneralAndAdministrativeExpenses": 806447000, "otherExpenses": -1590000, "operatingExpenses": 806447000, "costAndExpenses": 2517766000, "interestIncome": 3379000, "interestExpense": -1789000, "depreciationAndAmortization": 34151000, "ebitda": 442849000, "ebitdaratio": 0.1513256271, "operatingIncome": 408698000, "operatingIncomeRatio": 0.1396559124, "totalOtherIncomeExpensesNet": -1590000, "incomeBeforeTax": 410487000, "incomeBeforeTaxRatio": 0.1402672304, "incomeTaxExpense": 95457000, "netIncome": 315030000, "netIncomeRatio": 0.1076486846, "eps": 5.56, "epsdiluted": 5.56, "weightedAverageShsOut": 56639978, "weightedAverageShsOutDil": 56639978, "link": null, "finalLink": null, "calculatedOtherExpenses": 0, "calculatedOperatingExpenses": 806447000, "calculatedNetInterest": 5168000, "calculatedOtherIncome": -3379000, "calculatedIncomeNonControlling": 0, "calculatedEbitda": 442849000}]}