{"originalCurrency": "USD", "convertedCurrency": "USD", "report": [{"date": "2023-12-31", "symbol": "KTOS", "reportedCurrency": "USD", "cik": "0001069258", "fillingDate": "2024-02-13", "acceptedDate": "2024-02-13 16:20:39", "calendarYear": "2023", "period": "FY", "revenue": 1037099999, "costOfRevenue": 775300000, "grossProfit": 261799999, "grossProfitRatio": 0.2524346729, "researchAndDevelopmentExpenses": 38400000, "generalAndAdministrativeExpenses": 0, "sellingAndMarketingExpenses": 0, "sellingGeneralAndAdministrativeExpenses": 191000000, "otherExpenses": 500000, "operatingExpenses": 229400000, "costAndExpenses": 1004700000, "interestIncome": 1200000, "interestExpense": 23700000, "depreciationAndAmortization": 44700000, "ebitda": 77100000, "ebitdaratio": 0.074341915, "operatingIncome": 32400000, "operatingIncomeRatio": 0.0312409604, "totalOtherIncomeExpensesNet": -21300000, "incomeBeforeTax": 11100000, "incomeBeforeTaxRatio": 0.0107029216, "incomeTaxExpense": 8900000, "netIncome": -8900000, "netIncomeRatio": -0.0085816218, "eps": -0.0683, "epsdiluted": -0.0683, "weightedAverageShsOut": 130400000, "weightedAverageShsOutDil": 130400000, "link": "https://www.sec.gov/Archives/edgar/data/1069258/000106925824000007/0001069258-24-000007-index.htm", "finalLink": "https://www.sec.gov/Archives/edgar/data/1069258/000106925824000007/ktos-20231231.htm", "calculatedOtherExpenses": -1, "calculatedOperatingExpenses": 229399999, "calculatedNetInterest": -22500000, "calculatedOtherIncome": 1200000, "calculatedIncomeNonControlling": 11100000, "calculatedEbitda": 77100000}, {"date": "2022-12-25", "symbol": "KTOS", "reportedCurrency": "USD", "cik": "0001069258", "fillingDate": "2023-02-23", "acceptedDate": "2023-02-23 16:16:47", "calendarYear": "2022", "period": "FY", "revenue": 898300000, "costOfRevenue": 672300000, "grossProfit": 226000000, "grossProfitRatio": 0.2515863297, "researchAndDevelopmentExpenses": 38600000, "generalAndAdministrativeExpenses": 0, "sellingAndMarketingExpenses": 0, "sellingGeneralAndAdministrativeExpenses": 169600000, "otherExpenses": 12900000, "operatingExpenses": 221100000, "costAndExpenses": 893400000, "interestIncome": 600000, "interestExpense": 17700000, "depreciationAndAmortization": 40900000, "ebitda": 46400000, "ebitdaratio": 0.0516531226, "operatingIncome": 5500000, "operatingIncomeRatio": 0.0061226762, "totalOtherIncomeExpensesNet": -38200000, "incomeBeforeTax": -32700000, "incomeBeforeTaxRatio": -0.0364020928, "incomeTaxExpense": 1400000, "netIncome": -34100000, "netIncomeRatio": -0.0379605922, "eps": -0.27, "epsdiluted": -0.27, "weightedAverageShsOut": 126700000, "weightedAverageShsOutDil": 126700000, "link": "https://www.sec.gov/Archives/edgar/data/1069258/000106925823000008/0001069258-23-000008-index.htm", "finalLink": "https://www.sec.gov/Archives/edgar/data/1069258/000106925823000008/ktos-20221225.htm", "calculatedOtherExpenses": 12300000, "calculatedOperatingExpenses": 220500000, "calculatedNetInterest": -17100000, "calculatedOtherIncome": -21100000, "calculatedIncomeNonControlling": 0, "calculatedEbitda": 46400000}, {"date": "2021-12-26", "symbol": "KTOS", "reportedCurrency": "USD", "cik": "0001069258", "fillingDate": "2022-02-22", "acceptedDate": "2022-02-22 16:44:05", "calendarYear": "2021", "period": "FY", "revenue": 811500000, "costOfRevenue": 586400000, "grossProfit": 225100000, "grossProfitRatio": 0.2773875539, "researchAndDevelopmentExpenses": 35200000, "generalAndAdministrativeExpenses": 0, "sellingAndMarketingExpenses": 0, "sellingGeneralAndAdministrativeExpenses": 150500000, "otherExpenses": 9700000, "operatingExpenses": 195400000, "costAndExpenses": 781800000, "interestIncome": 300000, "interestExpense": 23400000, "depreciationAndAmortization": 36400000, "ebitda": 64300000, "ebitdaratio": 0.0792359827, "operatingIncome": 27900000, "operatingIncomeRatio": 0.0343807763, "totalOtherIncomeExpensesNet": -23500000, "incomeBeforeTax": 4400000, "incomeBeforeTaxRatio": 0.0054220579, "incomeTaxExpense": 3900000, "netIncome": 500000, "netIncomeRatio": 0.0006161429, "eps": 0.004, "epsdiluted": 0.004, "weightedAverageShsOut": 124600000, "weightedAverageShsOutDil": 124600000, "link": "https://www.sec.gov/Archives/edgar/data/1069258/000106925822000014/0001069258-22-000014-index.htm", "finalLink": "https://www.sec.gov/Archives/edgar/data/1069258/000106925822000014/ktos-20211226.htm", "calculatedOtherExpenses": 11500000, "calculatedOperatingExpenses": 197200000, "calculatedNetInterest": -23100000, "calculatedOtherIncome": -400000, "calculatedIncomeNonControlling": 0, "calculatedEbitda": 64300000}, {"date": "2020-12-27", "symbol": "KTOS", "reportedCurrency": "USD", "cik": "0001069258", "fillingDate": "2021-02-25", "acceptedDate": "2021-02-25 16:26:01", "calendarYear": "2020", "period": "FY", "revenue": 747700000, "costOfRevenue": 544500000, "grossProfit": 203200000, "grossProfitRatio": 0.2717667514, "researchAndDevelopmentExpenses": 27000000, "generalAndAdministrativeExpenses": 0, "sellingAndMarketingExpenses": 0, "sellingGeneralAndAdministrativeExpenses": 132500000, "otherExpenses": 12000000, "operatingExpenses": 171500000, "costAndExpenses": 716000000, "interestIncome": 800000, "interestExpense": 22800000, "depreciationAndAmortization": 36700000, "ebitda": 66000000, "ebitdaratio": 0.0882706968, "operatingIncome": 29300000, "operatingIncomeRatio": 0.0391868396, "totalOtherIncomeExpensesNet": -22500000, "incomeBeforeTax": 6800000, "incomeBeforeTaxRatio": 0.0090945566, "incomeTaxExpense": -73500000, "netIncome": 79600000, "netIncomeRatio": 0.1064598101, "eps": 0.69, "epsdiluted": 0.67, "weightedAverageShsOut": 115500000, "weightedAverageShsOutDil": 118700000, "link": "https://www.sec.gov/Archives/edgar/data/1069258/000106925821000009/0001069258-21-000009-index.htm", "finalLink": "https://www.sec.gov/Archives/edgar/data/1069258/000106925821000009/ktos-20201227.htm", "calculatedOtherExpenses": 14400000, "calculatedOperatingExpenses": 173900000, "calculatedNetInterest": -22000000, "calculatedOtherIncome": -500000, "calculatedIncomeNonControlling": 700000, "calculatedEbitda": 66000000}, {"date": "2019-12-29", "symbol": "KTOS", "reportedCurrency": "USD", "cik": "0001069258", "fillingDate": "2020-02-24", "acceptedDate": "2020-02-24 16:45:04", "calendarYear": "2019", "period": "FY", "revenue": 717500000, "costOfRevenue": 527500000, "grossProfit": 190000000, "grossProfitRatio": 0.2648083624, "researchAndDevelopmentExpenses": 18000000, "generalAndAdministrativeExpenses": 0, "sellingAndMarketingExpenses": 0, "sellingGeneralAndAdministrativeExpenses": 117600000, "otherExpenses": 13200000, "operatingExpenses": 148800000, "costAndExpenses": 676300000, "interestIncome": 1900000, "interestExpense": 21600000, "depreciationAndAmortization": 37600000, "ebitda": 75600000, "ebitdaratio": 0.1053658537, "operatingIncome": 38000000, "operatingIncomeRatio": 0.0529616725, "totalOtherIncomeExpensesNet": -22300000, "incomeBeforeTax": 15700000, "incomeBeforeTaxRatio": 0.0218815331, "incomeTaxExpense": 4800000, "netIncome": 12500000, "netIncomeRatio": 0.0174216028, "eps": 0.12, "epsdiluted": 0.11, "weightedAverageShsOut": 106000000, "weightedAverageShsOutDil": 109200000, "link": "https://www.sec.gov/Archives/edgar/data/1069258/000106925820000006/0001069258-20-000006-index.htm", "finalLink": "https://www.sec.gov/Archives/edgar/data/1069258/000106925820000006/ktos20191229form10-k.htm", "calculatedOtherExpenses": 16400000, "calculatedOperatingExpenses": 152000000, "calculatedNetInterest": -19700000, "calculatedOtherIncome": -2600000, "calculatedIncomeNonControlling": -1600000, "calculatedEbitda": 75600000}, {"date": "2018-12-30", "symbol": "KTOS", "reportedCurrency": "USD", "cik": "0001069258", "fillingDate": "2019-02-28", "acceptedDate": "2019-02-28 16:15:35", "calendarYear": "2018", "period": "FY", "revenue": 618000000, "costOfRevenue": 448300000, "grossProfit": 169700000, "grossProfitRatio": 0.2745954693, "researchAndDevelopmentExpenses": 15600000, "generalAndAdministrativeExpenses": 0, "sellingAndMarketingExpenses": 0, "sellingGeneralAndAdministrativeExpenses": 110900000, "otherExpenses": -1000000, "operatingExpenses": 135400000, "costAndExpenses": 583700000, "interestIncome": 800000, "interestExpense": 20800000, "depreciationAndAmortization": 17900000, "ebitda": 51200000, "ebitdaratio": 0.0828478964, "operatingIncome": 30500000, "operatingIncomeRatio": 0.0493527508, "totalOtherIncomeExpensesNet": -4800000, "incomeBeforeTax": 8700000, "incomeBeforeTaxRatio": 0.0140776699, "incomeTaxExpense": 4600000, "netIncome": -3500000, "netIncomeRatio": -0.0056634304, "eps": -0.0337, "epsdiluted": -0.033, "weightedAverageShsOut": 103800000, "weightedAverageShsOutDil": 106100000, "link": "https://www.sec.gov/Archives/edgar/data/1069258/000162828019002271/0001628280-19-002271-index.htm", "finalLink": "https://www.sec.gov/Archives/edgar/data/1069258/000162828019002271/ktos20181230form10-k.htm", "calculatedOtherExpenses": 12700000, "calculatedOperatingExpenses": 139200000, "calculatedNetInterest": -20000000, "calculatedOtherIncome": -1800000, "calculatedIncomeNonControlling": 7600000, "calculatedEbitda": 48400000}, {"date": "2017-12-31", "symbol": "KTOS", "reportedCurrency": "USD", "cik": "0001069258", "fillingDate": "2018-02-28", "acceptedDate": "2018-02-28 16:31:07", "calendarYear": "2017", "period": "FY", "revenue": 751900000, "costOfRevenue": 554600000, "grossProfit": 197300000, "grossProfitRatio": 0.2624019151, "researchAndDevelopmentExpenses": 17800000, "generalAndAdministrativeExpenses": 0, "sellingAndMarketingExpenses": 0, "sellingGeneralAndAdministrativeExpenses": 147500000, "otherExpenses": 900000, "operatingExpenses": 178400000, "costAndExpenses": 733000000, "interestIncome": 500000, "interestExpense": 28600000, "depreciationAndAmortization": 22500000, "ebitda": 42300000, "ebitdaratio": 0.056257481, "operatingIncome": -5800000, "operatingIncomeRatio": -0.0077137917, "totalOtherIncomeExpensesNet": -41100000, "incomeBeforeTax": -50800000, "incomeBeforeTaxRatio": -0.0675621758, "incomeTaxExpense": -8200000, "netIncome": -42700000, "netIncomeRatio": -0.0567894667, "eps": -0.48, "epsdiluted": -0.48, "weightedAverageShsOut": 89500000, "weightedAverageShsOutDil": 89500000, "link": "https://www.sec.gov/Archives/edgar/data/1069258/000106925818000006/0001069258-18-000006-index.htm", "finalLink": "https://www.sec.gov/Archives/edgar/data/1069258/000106925818000006/ktos20171231form10-k.htm", "calculatedOtherExpenses": 37800000, "calculatedOperatingExpenses": 203100000, "calculatedNetInterest": -28100000, "calculatedOtherIncome": -16900000, "calculatedIncomeNonControlling": 100000, "calculatedEbitda": 16700000}, {"date": "2016-12-25", "symbol": "KTOS", "reportedCurrency": "USD", "cik": "0001069258", "fillingDate": "2017-02-27", "acceptedDate": "2017-02-27 17:10:03", "calendarYear": "2016", "period": "FY", "revenue": 668700000, "costOfRevenue": 515100000, "grossProfit": 153600000, "grossProfitRatio": 0.2296994168, "researchAndDevelopmentExpenses": 13900000, "generalAndAdministrativeExpenses": 0, "sellingAndMarketingExpenses": 0, "sellingGeneralAndAdministrativeExpenses": 132600000, "otherExpenses": 800000, "operatingExpenses": 160200000, "costAndExpenses": 675300000, "interestIncome": 0, "interestExpense": 34700000, "depreciationAndAmortization": 22800000, "ebitda": 17000000, "ebitdaratio": 0.0254224615, "operatingIncome": -18600000, "operatingIncomeRatio": -0.0278151638, "totalOtherIncomeExpensesNet": -11000000, "incomeBeforeTax": -52300000, "incomeBeforeTaxRatio": -0.0782114551, "incomeTaxExpense": 8100000, "netIncome": -60500000, "netIncomeRatio": -0.0904740541, "eps": -0.99, "epsdiluted": -0.99, "weightedAverageShsOut": 61276595, "weightedAverageShsOutDil": 61300000, "link": "https://www.sec.gov/Archives/edgar/data/1069258/000106925817000009/0001069258-17-000009-index.htm", "finalLink": "https://www.sec.gov/Archives/edgar/data/1069258/000106925817000009/ktos20161225form10-k.htm", "calculatedOtherExpenses": 25700000, "calculatedOperatingExpenses": 172200000, "calculatedNetInterest": -34700000, "calculatedOtherIncome": 1000000, "calculatedIncomeNonControlling": 100000, "calculatedEbitda": 4200000}, {"date": "2015-12-27", "symbol": "KTOS", "reportedCurrency": "USD", "cik": "0001069258", "fillingDate": "2016-03-11", "acceptedDate": "2016-03-10 19:04:05", "calendarYear": "2015", "period": "FY", "revenue": 657100000, "costOfRevenue": 495300000, "grossProfit": 161800000, "grossProfitRatio": 0.24623345, "researchAndDevelopmentExpenses": 16200000, "generalAndAdministrativeExpenses": 0, "sellingAndMarketingExpenses": 0, "sellingGeneralAndAdministrativeExpenses": 134800000, "otherExpenses": -700000, "operatingExpenses": 166900000, "costAndExpenses": 662200000, "interestIncome": 0, "interestExpense": 36000000, "depreciationAndAmortization": 25500000, "ebitda": 19700000, "ebitdaratio": 0.0299802161, "operatingIncome": -4500000, "operatingIncomeRatio": -0.0068482727, "totalOtherIncomeExpensesNet": -3500000, "incomeBeforeTax": -44600000, "incomeBeforeTaxRatio": -0.0678739918, "incomeTaxExpense": -11400000, "netIncome": 19800000, "netIncomeRatio": 0.0301323999, "eps": 0.34, "epsdiluted": 0.34, "weightedAverageShsOut": 58700000, "weightedAverageShsOutDil": 58700000, "link": "https://www.sec.gov/Archives/edgar/data/1069258/000106925816000059/0001069258-16-000059-index.htm", "finalLink": "https://www.sec.gov/Archives/edgar/data/1069258/000106925816000059/ktos20151227form10-k.htm", "calculatedOtherExpenses": 15300000, "calculatedOperatingExpenses": 166300000, "calculatedNetInterest": -36000000, "calculatedOtherIncome": -4100000, "calculatedIncomeNonControlling": -53000000, "calculatedEbitda": 21000000}, {"date": "2014-12-28", "symbol": "KTOS", "reportedCurrency": "USD", "cik": "0001069258", "fillingDate": "2015-03-13", "acceptedDate": "2015-03-13 16:38:17", "calendarYear": "2014", "period": "FY", "revenue": 868000000, "costOfRevenue": 649800000, "grossProfit": 218200000, "grossProfitRatio": 0.2513824885, "researchAndDevelopmentExpenses": 23000000, "generalAndAdministrativeExpenses": 0, "sellingAndMarketingExpenses": 0, "sellingGeneralAndAdministrativeExpenses": 146900000, "otherExpenses": 600000, "operatingExpenses": 196400000, "costAndExpenses": 846200000, "interestIncome": 200000, "interestExpense": 54300000, "depreciationAndAmortization": 39100000, "ebitda": 61500000, "ebitdaratio": 0.0708525346, "operatingIncome": 19900000, "operatingIncomeRatio": 0.0229262673, "totalOtherIncomeExpensesNet": -40400000, "incomeBeforeTax": -72900000, "incomeBeforeTaxRatio": -0.0839861751, "incomeTaxExpense": 5100000, "netIncome": -78000000, "netIncomeRatio": -0.0898617512, "eps": -1.35, "epsdiluted": -1.35, "weightedAverageShsOut": 57600000, "weightedAverageShsOutDil": 57600000, "link": "https://www.sec.gov/Archives/edgar/data/1069258/000106925815000009/0001069258-15-000009-index.htm", "finalLink": "https://www.sec.gov/Archives/edgar/data/1069258/000106925815000009/ktos2014form10-k.htm", "calculatedOtherExpenses": 28400000, "calculatedOperatingExpenses": 198300000, "calculatedNetInterest": -54100000, "calculatedOtherIncome": -38700000, "calculatedIncomeNonControlling": 0, "calculatedEbitda": 59000000}, {"date": "2013-12-29", "symbol": "KTOS", "reportedCurrency": "USD", "cik": "0001069258", "fillingDate": "2014-03-12", "acceptedDate": "2014-03-11 21:57:02", "calendarYear": "2013", "period": "FY", "revenue": 950600000, "costOfRevenue": 710600000, "grossProfit": 240000000, "grossProfitRatio": 0.2524721229, "researchAndDevelopmentExpenses": 21400000, "generalAndAdministrativeExpenses": 0, "sellingAndMarketingExpenses": 0, "sellingGeneralAndAdministrativeExpenses": 153000000, "otherExpenses": 0, "operatingExpenses": 214400000, "costAndExpenses": 925000000, "interestIncome": 200000, "interestExpense": 63700000, "depreciationAndAmortization": 53400000, "ebitda": 79000000, "ebitdaratio": 0.0831054071, "operatingIncome": 31800000, "operatingIncomeRatio": 0.0334525563, "totalOtherIncomeExpensesNet": 6200000, "incomeBeforeTax": -31900000, "incomeBeforeTaxRatio": -0.033557753, "incomeTaxExpense": 69000000, "netIncome": -37200000, "netIncomeRatio": -0.039133179, "eps": -0.66, "epsdiluted": -0.65, "weightedAverageShsOut": 56730769, "weightedAverageShsOutDil": 56800000, "link": "https://www.sec.gov/Archives/edgar/data/1069258/000106925814000011/0001069258-14-000011-index.htm", "finalLink": "https://www.sec.gov/Archives/edgar/data/1069258/000106925814000011/ktos2013form10-k.htm", "calculatedOtherExpenses": 33800000, "calculatedOperatingExpenses": 208200000, "calculatedNetInterest": -63500000, "calculatedOtherIncome": -200000, "calculatedIncomeNonControlling": -63700000, "calculatedEbitda": 85200000}, {"date": "2012-12-30", "symbol": "KTOS", "reportedCurrency": "USD", "cik": "0001069258", "fillingDate": "2013-03-12", "acceptedDate": "2013-03-12 16:22:27", "calendarYear": "2012", "period": "FY", "revenue": 969200000, "costOfRevenue": 712000000, "grossProfit": 257200000, "grossProfitRatio": 0.2653735039, "researchAndDevelopmentExpenses": 17800000, "generalAndAdministrativeExpenses": 0, "sellingAndMarketingExpenses": 0, "sellingGeneralAndAdministrativeExpenses": 193100000, "otherExpenses": 0, "operatingExpenses": 210900000, "costAndExpenses": 922900000, "interestIncome": 300000, "interestExpense": 66400000, "depreciationAndAmortization": 58000000, "ebitda": 104600000, "ebitdaratio": 0.1079240611, "operatingIncome": -49700000, "operatingIncomeRatio": -0.0512794057, "totalOtherIncomeExpensesNet": -94700000, "incomeBeforeTax": -114500000, "incomeBeforeTaxRatio": -0.1181386711, "incomeTaxExpense": -1600000, "netIncome": -114400000, "netIncomeRatio": -0.1180354932, "eps": -2.44, "epsdiluted": -2.44, "weightedAverageShsOut": 46846473, "weightedAverageShsOutDil": 46900000, "link": "https://www.sec.gov/Archives/edgar/data/1069258/000106925813000007/0001069258-13-000007-index.htm", "finalLink": "https://www.sec.gov/Archives/edgar/data/1069258/000106925813000007/ktos2012form10-k.htm", "calculatedOtherExpenses": 96000000, "calculatedOperatingExpenses": 306900000, "calculatedNetInterest": -66100000, "calculatedOtherIncome": 1300000, "calculatedIncomeNonControlling": 1500000, "calculatedEbitda": 8300000}, {"date": "2011-12-25", "symbol": "KTOS", "reportedCurrency": "USD", "cik": "0001069258", "fillingDate": "2012-03-07", "acceptedDate": "2012-03-07 16:24:39", "calendarYear": "2011", "period": "FY", "revenue": 723100000, "costOfRevenue": 530900000, "grossProfit": 192200000, "grossProfitRatio": 0.2658000277, "researchAndDevelopmentExpenses": 9000000, "generalAndAdministrativeExpenses": 0, "sellingAndMarketingExpenses": 0, "sellingGeneralAndAdministrativeExpenses": 142500000, "otherExpenses": 0, "operatingExpenses": 151500000, "costAndExpenses": 682400000, "interestIncome": 100000, "interestExpense": 51200000, "depreciationAndAmortization": 48000000, "ebitda": 88800000, "ebitdaratio": 0.1228045913, "operatingIncome": 28200000, "operatingIncomeRatio": 0.0389987554, "totalOtherIncomeExpensesNet": -12400000, "incomeBeforeTax": -22800000, "incomeBeforeTaxRatio": -0.0315309086, "incomeTaxExpense": 1900000, "netIncome": -24200000, "netIncomeRatio": -0.033467017, "eps": -0.88, "epsdiluted": -0.88, "weightedAverageShsOut": 27400000, "weightedAverageShsOutDil": 27400000, "link": "https://www.sec.gov/Archives/edgar/data/1069258/000104746912002229/0001047469-12-002229-index.htm", "finalLink": "https://www.sec.gov/Archives/edgar/data/1069258/000104746912002229/a2207786z10-k.htm", "calculatedOtherExpenses": 12500000, "calculatedOperatingExpenses": 164000000, "calculatedNetInterest": -51100000, "calculatedOtherIncome": 100000, "calculatedIncomeNonControlling": -500000, "calculatedEbitda": 76200000}, {"date": "2010-12-26", "symbol": "KTOS", "reportedCurrency": "USD", "cik": "0001069258", "fillingDate": "2011-03-02", "acceptedDate": "2011-03-01 21:37:24", "calendarYear": "2010", "period": "FY", "revenue": 408500000, "costOfRevenue": 318500000, "grossProfit": 90000000, "grossProfitRatio": 0.2203182375, "researchAndDevelopmentExpenses": 2200000, "generalAndAdministrativeExpenses": 0, "sellingAndMarketingExpenses": 0, "sellingGeneralAndAdministrativeExpenses": 63000000, "otherExpenses": -1400000, "operatingExpenses": 63800000, "costAndExpenses": 382300000, "interestIncome": 100000, "interestExpense": 22400000, "depreciationAndAmortization": 12900000, "ebitda": 39200000, "ebitdaratio": 0.0959608323, "operatingIncome": 23100000, "operatingIncomeRatio": 0.0565483476, "totalOtherIncomeExpensesNet": -2000000, "incomeBeforeTax": 1900000, "incomeBeforeTaxRatio": 0.0046511628, "incomeTaxExpense": -12700000, "netIncome": 14500000, "netIncomeRatio": 0.035495716, "eps": 0.87, "epsdiluted": 0.86, "weightedAverageShsOut": 16600000, "weightedAverageShsOutDil": 16900000, "link": "https://www.sec.gov/Archives/edgar/data/1069258/000104746911001644/0001047469-11-001644-index.htm", "finalLink": "https://www.sec.gov/Archives/edgar/data/1069258/000104746911001644/a2202354z10-k.htm", "calculatedOtherExpenses": 1700000, "calculatedOperatingExpenses": 66900000, "calculatedNetInterest": -22300000, "calculatedOtherIncome": 1100000, "calculatedIncomeNonControlling": 100000, "calculatedEbitda": 36000000}, {"date": "2009-12-27", "symbol": "KTOS", "reportedCurrency": "USD", "cik": "0001069258", "fillingDate": "2010-03-11", "acceptedDate": "2010-03-11 06:00:55", "calendarYear": "2009", "period": "FY", "revenue": 147123581, "costOfRevenue": 122392606, "grossProfit": 24730975, "grossProfitRatio": 0.1680966085, "researchAndDevelopmentExpenses": 1800000, "generalAndAdministrativeExpenses": 0, "sellingAndMarketingExpenses": 0, "sellingGeneralAndAdministrativeExpenses": 52800000, "otherExpenses": -200000, "operatingExpenses": 12587454, "costAndExpenses": 134980060, "interestIncome": 26382, "interestExpense": 1559917, "depreciationAndAmortization": 2177462, "ebitda": 14347365, "ebitdaratio": 0.0975191394, "operatingIncome": 12143521, "operatingIncomeRatio": 0.0825395964, "totalOtherIncomeExpensesNet": -7226, "incomeBeforeTax": 10602760, "incomeBeforeTaxRatio": 0.0720670332, "incomeTaxExpense": 5102000, "netIncome": 7172760, "netIncomeRatio": 0.0487532994, "eps": -2.99, "epsdiluted": -2.99, "weightedAverageShsOut": 13900000, "weightedAverageShsOutDil": 13900000, "link": "https://www.sec.gov/Archives/edgar/data/1069258/000104746910002038/0001047469-10-002038-index.htm", "finalLink": "https://www.sec.gov/Archives/edgar/data/1069258/000104746910002038/a2197108z10-k.htm", "calculatedOtherExpenses": -42012546, "calculatedOperatingExpenses": 12587454, "calculatedNetInterest": -1533535, "calculatedOtherIncome": -7226, "calculatedIncomeNonControlling": -1672000, "calculatedEbitda": 14320983}, {"date": "2008-12-28", "symbol": "KTOS", "reportedCurrency": "USD", "cik": "0001069258", "fillingDate": "2009-03-10", "acceptedDate": "2009-03-10 16:11:59", "calendarYear": "2008", "period": "FY", "revenue": 297300000, "costOfRevenue": 237800000, "grossProfit": 59500000, "grossProfitRatio": 0.2001345442, "researchAndDevelopmentExpenses": 1000000, "generalAndAdministrativeExpenses": 0, "sellingAndMarketingExpenses": 0, "sellingGeneralAndAdministrativeExpenses": 51700000, "otherExpenses": 101600000, "operatingExpenses": 154300000, "costAndExpenses": 392100000, "interestIncome": 0, "interestExpense": 0, "depreciationAndAmortization": 7500000, "ebitda": 15800000, "ebitdaratio": 0.0531449714, "operatingIncome": -94800000, "operatingIncomeRatio": -0.3188698285, "totalOtherIncomeExpensesNet": -103100000, "incomeBeforeTax": -106300000, "incomeBeforeTaxRatio": -0.357551295, "incomeTaxExpense": -700000, "netIncome": -111100000, "netIncomeRatio": -0.3736966028, "eps": -11.95, "epsdiluted": -11.95, "weightedAverageShsOut": 9300000, "weightedAverageShsOutDil": 9300000, "link": "https://www.sec.gov/Archives/edgar/data/1069258/000104746909002424/0001047469-09-002424-index.htm", "finalLink": "https://www.sec.gov/Archives/edgar/data/1069258/000104746909002424/a2191385z10-k.htm", "calculatedOtherExpenses": 101600000, "calculatedOperatingExpenses": 154300000, "calculatedNetInterest": 0, "calculatedOtherIncome": -11500000, "calculatedIncomeNonControlling": 5500000, "calculatedEbitda": -87300000}, {"date": "2007-12-31", "symbol": "KTOS", "reportedCurrency": "USD", "cik": "0001069258", "fillingDate": "2008-03-27", "acceptedDate": "2008-03-27 16:19:30", "calendarYear": "2007", "period": "FY", "revenue": 193600000, "costOfRevenue": 162000000, "grossProfit": 31600000, "grossProfitRatio": 0.1632231405, "researchAndDevelopmentExpenses": 0, "generalAndAdministrativeExpenses": 0, "sellingAndMarketingExpenses": 0, "sellingGeneralAndAdministrativeExpenses": 53500000, "otherExpenses": 2700000, "operatingExpenses": 56200000, "costAndExpenses": 218200000, "interestIncome": 0, "interestExpense": 0, "depreciationAndAmortization": 4300000, "ebitda": -16500000, "ebitdaratio": -0.0852272727, "operatingIncome": -24600000, "operatingIncomeRatio": -0.1270661157, "totalOtherIncomeExpensesNet": -3800000, "incomeBeforeTax": -26900000, "incomeBeforeTaxRatio": -0.138946281, "incomeTaxExpense": 1300000, "netIncome": -40800000, "netIncomeRatio": -0.2107438017, "eps": -5.51, "epsdiluted": -5.51, "weightedAverageShsOut": 7400000, "weightedAverageShsOutDil": 7400000, "link": "https://www.sec.gov/Archives/edgar/data/1069258/000104746908003537/0001047469-08-003537-index.htm", "finalLink": "https://www.sec.gov/Archives/edgar/data/1069258/000104746908003537/a2184011z10-k.htm", "calculatedOtherExpenses": 2700000, "calculatedOperatingExpenses": 56200000, "calculatedNetInterest": 0, "calculatedOtherIncome": -2300000, "calculatedIncomeNonControlling": 12600000, "calculatedEbitda": -20300000}, {"date": "2006-12-31", "symbol": "KTOS", "reportedCurrency": "USD", "cik": "0001069258", "fillingDate": "2007-09-11", "acceptedDate": "2007-09-11 08:24:54", "calendarYear": "2006", "period": "FY", "revenue": 327800000, "costOfRevenue": 274300000, "grossProfit": 53500000, "grossProfitRatio": 0.1632092739, "researchAndDevelopmentExpenses": 0, "generalAndAdministrativeExpenses": 0, "sellingAndMarketingExpenses": 0, "sellingGeneralAndAdministrativeExpenses": 63000000, "otherExpenses": 21900000, "operatingExpenses": 84900000, "costAndExpenses": 359200000, "interestIncome": 0, "interestExpense": 0, "depreciationAndAmortization": 7000000, "ebitda": -2300000, "ebitdaratio": -0.0070164735, "operatingIncome": -31400000, "operatingIncomeRatio": -0.0957901159, "totalOtherIncomeExpensesNet": -22100000, "incomeBeforeTax": -32200000, "incomeBeforeTaxRatio": -0.0982306284, "incomeTaxExpense": 14500000, "netIncome": -57900000, "netIncomeRatio": -0.1766320927, "eps": -7.88, "epsdiluted": -7.88, "weightedAverageShsOut": 7350000, "weightedAverageShsOutDil": 7350000, "link": "https://www.sec.gov/Archives/edgar/data/1069258/000110465907068220/0001104659-07-068220-index.htm", "finalLink": "https://www.sec.gov/Archives/edgar/data/1069258/000110465907068220/a07-22826_110k.htm", "calculatedOtherExpenses": 21900000, "calculatedOperatingExpenses": 84900000, "calculatedNetInterest": 0, "calculatedOtherIncome": -800000, "calculatedIncomeNonControlling": 11200000, "calculatedEbitda": -24400000}, {"date": "2005-12-30", "symbol": "KTOS", "reportedCurrency": "USD", "cik": "0001069258", "fillingDate": "2006-04-03", "acceptedDate": "2006-04-03 17:29:49", "calendarYear": "2005", "period": "FY", "revenue": 375300000, "costOfRevenue": 291000000, "grossProfit": 84300000, "grossProfitRatio": 0.2246203038, "researchAndDevelopmentExpenses": 0, "generalAndAdministrativeExpenses": 0, "sellingAndMarketingExpenses": 0, "sellingGeneralAndAdministrativeExpenses": 69300000, "otherExpenses": -2100000, "operatingExpenses": 67200000, "costAndExpenses": 358200000, "interestIncome": 0, "interestExpense": 0, "depreciationAndAmortization": 8000000, "ebitda": 23400000, "ebitdaratio": 0.0623501199, "operatingIncome": 17100000, "operatingIncomeRatio": 0.0455635492, "totalOtherIncomeExpensesNet": 1700000, "incomeBeforeTax": 16800000, "incomeBeforeTaxRatio": 0.0447641886, "incomeTaxExpense": 5400000, "netIncome": 3700000, "netIncomeRatio": 0.0098587796, "eps": 0.2, "epsdiluted": 0.2, "weightedAverageShsOut": 7400000, "weightedAverageShsOutDil": 7500000, "link": "https://www.sec.gov/Archives/edgar/data/1069258/000110465906021798/0001104659-06-021798-index.htm", "finalLink": "https://www.sec.gov/Archives/edgar/data/1069258/000110465906021798/a06-6968_110k.htm", "calculatedOtherExpenses": -2100000, "calculatedOperatingExpenses": 67200000, "calculatedNetInterest": 0, "calculatedOtherIncome": -300000, "calculatedIncomeNonControlling": 7700000, "calculatedEbitda": 25100000}, {"date": "2004-12-31", "symbol": "KTOS", "reportedCurrency": "USD", "cik": "0001069258", "fillingDate": "2005-03-31", "acceptedDate": "2005-03-31 07:24:16", "calendarYear": "2004", "period": "FY", "revenue": 397000000, "costOfRevenue": 313000000, "grossProfit": 84000000, "grossProfitRatio": 0.2115869018, "researchAndDevelopmentExpenses": 0, "generalAndAdministrativeExpenses": 0, "sellingAndMarketingExpenses": 0, "sellingGeneralAndAdministrativeExpenses": 76900000, "otherExpenses": 0, "operatingExpenses": 76900000, "costAndExpenses": 389900000, "interestIncome": 0, "interestExpense": 0, "depreciationAndAmortization": 7400000, "ebitda": 17100000, "ebitdaratio": 0.0430730479, "operatingIncome": 7100000, "operatingIncomeRatio": 0.017884131, "totalOtherIncomeExpensesNet": -2600000, "incomeBeforeTax": 4700000, "incomeBeforeTaxRatio": 0.0118387909, "incomeTaxExpense": -2700000, "netIncome": 5000000, "netIncomeRatio": 0.0125944584, "eps": 2.2, "epsdiluted": 2.2, "weightedAverageShsOut": 6770000, "weightedAverageShsOutDil": 6770000, "link": "https://www.sec.gov/Archives/edgar/data/1069258/000104746905008376/0001047469-05-008376-index.htm", "finalLink": "https://www.sec.gov/Archives/edgar/data/1069258/000104746905008376/a2153646z10-k.htm", "calculatedOtherExpenses": 0, "calculatedOperatingExpenses": 76900000, "calculatedNetInterest": 0, "calculatedOtherIncome": -2400000, "calculatedIncomeNonControlling": 2400000, "calculatedEbitda": 14500000}, {"date": "2003-12-26", "symbol": "KTOS", "reportedCurrency": "USD", "cik": "0001069258", "fillingDate": "2004-03-08", "acceptedDate": "2004-03-08 16:59:18", "calendarYear": "2003", "period": "FY", "revenue": 262200000, "costOfRevenue": 190900000, "grossProfit": 71300000, "grossProfitRatio": 0.2719298246, "researchAndDevelopmentExpenses": 0, "generalAndAdministrativeExpenses": 0, "sellingAndMarketingExpenses": 0, "sellingGeneralAndAdministrativeExpenses": 42300000, "otherExpenses": 6800000, "operatingExpenses": 49100000, "costAndExpenses": 240000000, "interestIncome": 0, "interestExpense": 0, "depreciationAndAmortization": 8800000, "ebitda": 30700000, "ebitdaratio": 0.1170861937, "operatingIncome": 22200000, "operatingIncomeRatio": 0.0846681922, "totalOtherIncomeExpensesNet": 300000, "incomeBeforeTax": 23500000, "incomeBeforeTaxRatio": 0.0896262395, "incomeTaxExpense": -1300000, "netIncome": 23500000, "netIncomeRatio": 0.0896262395, "eps": 0.3, "epsdiluted": 0.3, "weightedAverageShsOut": 6840000, "weightedAverageShsOutDil": 6840000, "link": "https://www.sec.gov/Archives/edgar/data/1069258/000119312504036425/0001193125-04-036425-index.htm", "finalLink": "https://www.sec.gov/Archives/edgar/data/1069258/000119312504036425/d10k.htm", "calculatedOtherExpenses": 6800000, "calculatedOperatingExpenses": 49100000, "calculatedNetInterest": 0, "calculatedOtherIncome": 1300000, "calculatedIncomeNonControlling": 1300000, "calculatedEbitda": 31000000}, {"date": "2002-12-27", "symbol": "KTOS", "reportedCurrency": "USD", "cik": "0001069258", "fillingDate": "2003-03-21", "acceptedDate": "2003-03-21 17:03:44", "calendarYear": "2002", "period": "FY", "revenue": 187000000, "costOfRevenue": 138700000, "grossProfit": 48300000, "grossProfitRatio": 0.2582887701, "researchAndDevelopmentExpenses": 0, "generalAndAdministrativeExpenses": 0, "sellingAndMarketingExpenses": 0, "sellingGeneralAndAdministrativeExpenses": 74100000, "otherExpenses": 28900000, "operatingExpenses": 103000000, "costAndExpenses": 241700000, "interestIncome": 0, "interestExpense": 0, "depreciationAndAmortization": 9400000, "ebitda": -26000000, "ebitdaratio": -0.1390374332, "operatingIncome": -54700000, "operatingIncomeRatio": -0.292513369, "totalOtherIncomeExpensesNet": -19300000, "incomeBeforeTax": -53700000, "incomeBeforeTaxRatio": -0.2871657754, "incomeTaxExpense": 10100000, "netIncome": -63900000, "netIncomeRatio": -0.3417112299, "eps": -13.28, "epsdiluted": -13.28, "weightedAverageShsOut": 4810000, "weightedAverageShsOutDil": 4810000, "link": "https://www.sec.gov/Archives/edgar/data/1069258/000089843003002007/0000898430-03-002007-index.htm", "finalLink": "https://www.sec.gov/Archives/edgar/data/1069258/000089843003002007/d10k.htm", "calculatedOtherExpenses": 28900000, "calculatedOperatingExpenses": 103000000, "calculatedNetInterest": 0, "calculatedOtherIncome": 1000000, "calculatedIncomeNonControlling": 100000, "calculatedEbitda": -45300000}, {"date": "2001-12-31", "symbol": "KTOS", "reportedCurrency": "USD", "cik": "0001069258", "fillingDate": "2002-03-19", "acceptedDate": "2002-03-19 00:00:00", "calendarYear": "2001", "period": "FY", "revenue": 207200000, "costOfRevenue": 141000000, "grossProfit": 66200000, "grossProfitRatio": 0.3194980695, "researchAndDevelopmentExpenses": 0, "generalAndAdministrativeExpenses": 0, "sellingAndMarketingExpenses": 0, "sellingGeneralAndAdministrativeExpenses": 103200000, "otherExpenses": 34500000, "operatingExpenses": 137700000, "costAndExpenses": 278700000, "interestIncome": 0, "interestExpense": 0, "depreciationAndAmortization": 22500000, "ebitda": -35700000, "ebitdaratio": -0.1722972973, "operatingIncome": -71500000, "operatingIncomeRatio": -0.3450772201, "totalOtherIncomeExpensesNet": -13300000, "incomeBeforeTax": -75100000, "incomeBeforeTaxRatio": -0.3624517375, "incomeTaxExpense": -15000000, "netIncome": -60100000, "netIncomeRatio": -0.2900579151, "eps": -13.09, "epsdiluted": -13.09, "weightedAverageShsOut": 4590000, "weightedAverageShsOutDil": 4590000, "link": "https://www.sec.gov/Archives/edgar/data/1069258/000102140802003825/0001021408-02-003825-index.htm", "finalLink": "https://www.sec.gov/Archives/edgar/data/1069258/000102140802003825/d10k.txt", "calculatedOtherExpenses": 34500000, "calculatedOperatingExpenses": 137700000, "calculatedNetInterest": 0, "calculatedOtherIncome": -3600000, "calculatedIncomeNonControlling": 0, "calculatedEbitda": -49000000}, {"date": "2000-12-31", "symbol": "KTOS", "reportedCurrency": "USD", "cik": "0001069258", "fillingDate": "2001-03-29", "acceptedDate": "2001-03-29 00:00:00", "calendarYear": "2000", "period": "FY", "revenue": 255900000, "costOfRevenue": 139700000, "grossProfit": 116200000, "grossProfitRatio": 0.4540836264, "researchAndDevelopmentExpenses": 0, "generalAndAdministrativeExpenses": 0, "sellingAndMarketingExpenses": 0, "sellingGeneralAndAdministrativeExpenses": 53500000, "otherExpenses": 10700000, "operatingExpenses": 64200000, "costAndExpenses": 203900000, "interestIncome": 0, "interestExpense": 0, "depreciationAndAmortization": 10700000, "ebitda": 62600000, "ebitdaratio": 0.2446268073, "operatingIncome": 52000000, "operatingIncomeRatio": 0.2032043767, "totalOtherIncomeExpensesNet": 100000, "incomeBeforeTax": 52100000, "incomeBeforeTaxRatio": 0.2035951544, "incomeTaxExpense": 20300000, "netIncome": 31800000, "netIncomeRatio": 0.1242672919, "eps": 7.6, "epsdiluted": 6.3, "weightedAverageShsOut": 4180000, "weightedAverageShsOutDil": 5050000, "link": "https://www.sec.gov/Archives/edgar/data/1069258/000089843001001094/0000898430-01-001094-index.htm", "finalLink": "https://www.sec.gov/Archives/edgar/data/1069258/000089843001001094/0000898430-01-001094-0001.txt", "calculatedOtherExpenses": 10700000, "calculatedOperatingExpenses": 64200000, "calculatedNetInterest": 0, "calculatedOtherIncome": 100000, "calculatedIncomeNonControlling": 0, "calculatedEbitda": 62700000}, {"date": "1999-12-31", "symbol": "KTOS", "reportedCurrency": "USD", "cik": "0001069258", "fillingDate": "2000-03-30", "acceptedDate": "2000-03-30 00:00:00", "calendarYear": "1999", "period": "FY", "revenue": 92689285, "costOfRevenue": 51658105, "grossProfit": 41031180, "grossProfitRatio": 0.4426744688, "researchAndDevelopmentExpenses": 0, "generalAndAdministrativeExpenses": 0, "sellingAndMarketingExpenses": 0, "sellingGeneralAndAdministrativeExpenses": 20786437, "otherExpenses": 2611992, "operatingExpenses": 23398429, "costAndExpenses": 75056534, "interestIncome": 0, "interestExpense": 0, "depreciationAndAmortization": 2611992, "ebitda": 20528804, "ebitdaratio": 0.2214797967, "operatingIncome": 17632751, "operatingIncomeRatio": 0.1902350525, "totalOtherIncomeExpensesNet": -284061, "incomeBeforeTax": 16808424, "incomeBeforeTaxRatio": 0.1813416081, "incomeTaxExpense": 7202000, "netIncome": 9606424, "netIncomeRatio": 0.103641149, "eps": 3.3, "epsdiluted": 2.7, "weightedAverageShsOut": 2910000, "weightedAverageShsOutDil": 3520000, "link": "https://www.sec.gov/Archives/edgar/data/1069258/000107299300000208/0001072993-00-000208-index.html", "finalLink": "https://www.sec.gov/Archives/edgar/data/1069258/000107299300000208/", "calculatedOtherExpenses": 2611992, "calculatedOperatingExpenses": 23398429, "calculatedNetInterest": 0, "calculatedOtherIncome": -824327, "calculatedIncomeNonControlling": 0, "calculatedEbitda": 20244743}, {"date": "1998-12-31", "symbol": "KTOS", "reportedCurrency": "USD", "cik": "0001069258", "fillingDate": "1998-12-31", "acceptedDate": "1998-12-30 19:00:00", "calendarYear": "1998", "period": "FY", "revenue": 51900000, "costOfRevenue": 26700000, "grossProfit": 25200000, "grossProfitRatio": 0.4855491329, "researchAndDevelopmentExpenses": 0, "generalAndAdministrativeExpenses": 0, "sellingAndMarketingExpenses": 0, "sellingGeneralAndAdministrativeExpenses": 13100000, "otherExpenses": 1400000, "operatingExpenses": 14500000, "costAndExpenses": 41200000, "interestIncome": 0, "interestExpense": 0, "depreciationAndAmortization": 1400000, "ebitda": 12200000, "ebitdaratio": 0.2350674374, "operatingIncome": 10700000, "operatingIncomeRatio": 0.2061657033, "totalOtherIncomeExpensesNet": -100000, "incomeBeforeTax": 10200000, "incomeBeforeTaxRatio": 0.1965317919, "incomeTaxExpense": 5500000, "netIncome": 4700000, "netIncomeRatio": 0.0905587669, "eps": 1.7, "epsdiluted": 1.5, "weightedAverageShsOut": 2837447, "weightedAverageShsOutDil": 3074143, "link": "", "finalLink": "", "calculatedOtherExpenses": 1400000, "calculatedOperatingExpenses": 14500000, "calculatedNetInterest": 0, "calculatedOtherIncome": -500000, "calculatedIncomeNonControlling": 0, "calculatedEbitda": 12100000}]}