{"originalCurrency": "USD", "convertedCurrency": "USD", "report": [{"date": "2023-12-31", "symbol": "KWR", "reportedCurrency": "USD", "cik": "0000081362", "fillingDate": "2024-02-29", "acceptedDate": "2024-02-29 17:01:41", "calendarYear": "2023", "period": "FY", "revenue": 1953313000, "costOfRevenue": 1305869000, "grossProfit": 647444000, "grossProfitRatio": 0.331459423, "researchAndDevelopmentExpenses": 50300000, "generalAndAdministrativeExpenses": 0, "sellingAndMarketingExpenses": 0, "sellingGeneralAndAdministrativeExpenses": 375061000, "otherExpenses": -674000, "operatingExpenses": 425361000, "costAndExpenses": 1731230000, "interestIncome": 741000, "interestExpense": 54995000, "depreciationAndAmortization": 81987000, "ebitda": 304070000, "ebitdaratio": 0.1556688559, "operatingIncome": 222083000, "operatingIncomeRatio": 0.1136955521, "totalOtherIncomeExpensesNet": -68959000, "incomeBeforeTax": 153124000, "incomeBeforeTaxRatio": 0.0783919423, "incomeTaxExpense": 55585000, "netIncome": 112748000, "netIncomeRatio": 0.05772142, "eps": 6.27, "epsdiluted": 6.26, "weightedAverageShsOut": 17892461, "weightedAverageShsOutDil": 17914809, "link": "https://www.sec.gov/Archives/edgar/data/81362/000008136224000020/0000081362-24-000020-index.htm", "finalLink": "https://www.sec.gov/Archives/edgar/data/81362/000008136224000020/kwr-20231231.htm", "calculatedOtherExpenses": 0, "calculatedOperatingExpenses": 425361000, "calculatedNetInterest": -54254000, "calculatedOtherIncome": -14705000, "calculatedIncomeNonControlling": -15209000, "calculatedEbitda": 304070000}, {"date": "2022-12-31", "symbol": "KWR", "reportedCurrency": "USD", "cik": "0000081362", "fillingDate": "2023-02-23", "acceptedDate": "2023-02-23 16:43:18", "calendarYear": "2022", "period": "FY", "revenue": 1943585000, "costOfRevenue": 1330931000, "grossProfit": 612654000, "grossProfitRatio": 0.3152185266, "researchAndDevelopmentExpenses": 46000000, "generalAndAdministrativeExpenses": 0, "sellingAndMarketingExpenses": 0, "sellingGeneralAndAdministrativeExpenses": 455408000, "otherExpenses": -12607000, "operatingExpenses": 455408000, "costAndExpenses": 1786339000, "interestIncome": 32579000, "interestExpense": 32579000, "depreciationAndAmortization": 80467000, "ebitda": 225106000, "ebitdaratio": 0.1158199924, "operatingIncome": 144639000, "operatingIncomeRatio": 0.0744186645, "totalOtherIncomeExpensesNet": -137521000, "incomeBeforeTax": 7118000, "incomeBeforeTaxRatio": 0.0036623045, "incomeTaxExpense": 24925000, "netIncome": -17807000, "netIncomeRatio": -0.0091619353, "eps": -1, "epsdiluted": -1, "weightedAverageShsOut": 17841487, "weightedAverageShsOutDil": 17856492, "link": "https://www.sec.gov/Archives/edgar/data/81362/000008136223000014/0000081362-23-000014-index.htm", "finalLink": "https://www.sec.gov/Archives/edgar/data/81362/000008136223000014/kwr-20221231.htm", "calculatedOtherExpenses": -33393000, "calculatedOperatingExpenses": 468015000, "calculatedNetInterest": 0, "calculatedOtherIncome": -137521000, "calculatedIncomeNonControlling": 0, "calculatedEbitda": 225106000}, {"date": "2021-12-31", "symbol": "KWR", "reportedCurrency": "USD", "cik": "0000081362", "fillingDate": "2022-03-01", "acceptedDate": "2022-03-01 07:43:03", "calendarYear": "2021", "period": "FY", "revenue": 1761158000, "costOfRevenue": 1166518000, "grossProfit": 594640000, "grossProfitRatio": 0.3376414836, "researchAndDevelopmentExpenses": 44900000, "generalAndAdministrativeExpenses": 0, "sellingAndMarketingExpenses": 0, "sellingGeneralAndAdministrativeExpenses": 418856000, "otherExpenses": 18851000, "operatingExpenses": 418856000, "costAndExpenses": 1585374000, "interestIncome": 22326000, "interestExpense": 22326000, "depreciationAndAmortization": 130719000, "ebitda": 281185000, "ebitdaratio": 0.1596591561, "operatingIncome": 150466000, "operatingIncomeRatio": 0.0854358326, "totalOtherIncomeExpensesNet": -3475000, "incomeBeforeTax": 146991000, "incomeBeforeTaxRatio": 0.083462699, "incomeTaxExpense": 34939000, "netIncome": 121369000, "netIncomeRatio": 0.0689143166, "eps": 6.79, "epsdiluted": 6.77, "weightedAverageShsOut": 17805034, "weightedAverageShsOutDil": 17855124, "link": "https://www.sec.gov/Archives/edgar/data/81362/000008136222000003/0000081362-22-000003-index.htm", "finalLink": "https://www.sec.gov/Archives/edgar/data/81362/000008136222000003/kwr-20211231.htm", "calculatedOtherExpenses": -19582000, "calculatedOperatingExpenses": 444174000, "calculatedNetInterest": 0, "calculatedOtherIncome": -3475000, "calculatedIncomeNonControlling": -9317000, "calculatedEbitda": 281185000}, {"date": "2020-12-31", "symbol": "KWR", "reportedCurrency": "USD", "cik": "0000081362", "fillingDate": "2021-03-01", "acceptedDate": "2021-03-01 16:55:09", "calendarYear": "2020", "period": "FY", "revenue": 1417677000, "costOfRevenue": 904234000, "grossProfit": 513443000, "grossProfitRatio": 0.3621720603, "researchAndDevelopmentExpenses": 40000000, "generalAndAdministrativeExpenses": 380752000, "sellingAndMarketingExpenses": 0, "sellingGeneralAndAdministrativeExpenses": 380752000, "otherExpenses": -5618000, "operatingExpenses": 380752000, "costAndExpenses": 1284986000, "interestIncome": 26603000, "interestExpense": 26603000, "depreciationAndAmortization": 83246000, "ebitda": 210319000, "ebitdaratio": 0.1483546675, "operatingIncome": 127073000, "operatingIncomeRatio": 0.0896346629, "totalOtherIncomeExpensesNet": -99934000, "incomeBeforeTax": 27139000, "incomeBeforeTaxRatio": 0.0191432886, "incomeTaxExpense": -5296000, "netIncome": 39658000, "netIncomeRatio": 0.027973932, "eps": 2.23, "epsdiluted": 2.22, "weightedAverageShsOut": 17719792, "weightedAverageShsOutDil": 17750879, "link": "https://www.sec.gov/Archives/edgar/data/81362/000008136221000004/0000081362-21-000004-index.htm", "finalLink": "https://www.sec.gov/Archives/edgar/data/81362/000008136221000004/kwr-20201231.htm", "calculatedOtherExpenses": -34382000, "calculatedOperatingExpenses": 386370000, "calculatedNetInterest": 0, "calculatedOtherIncome": -99934000, "calculatedIncomeNonControlling": -7223000, "calculatedEbitda": 210319000}, {"date": "2019-12-31", "symbol": "KWR", "reportedCurrency": "USD", "cik": "0000081362", "fillingDate": "2020-03-20", "acceptedDate": "2020-03-20 07:35:03", "calendarYear": "2019", "period": "FY", "revenue": 1133503000, "costOfRevenue": 741386000, "grossProfit": 392117000, "grossProfitRatio": 0.3459337999, "researchAndDevelopmentExpenses": 32100000, "generalAndAdministrativeExpenses": 283828000, "sellingAndMarketingExpenses": 0, "sellingGeneralAndAdministrativeExpenses": 283828000, "otherExpenses": -254000, "operatingExpenses": 283828000, "costAndExpenses": 1025214000, "interestIncome": 16976000, "interestExpense": 16976000, "depreciationAndAmortization": 44895000, "ebitda": 152930000, "ebitdaratio": 0.1349180373, "operatingIncome": 108035000, "operatingIncomeRatio": 0.0953107314, "totalOtherIncomeExpensesNet": -79131000, "incomeBeforeTax": 28904000, "incomeBeforeTaxRatio": 0.025499712, "incomeTaxExpense": 2084000, "netIncome": 31622000, "netIncomeRatio": 0.0278975883, "eps": 2.09, "epsdiluted": 2.09, "weightedAverageShsOut": 15126928, "weightedAverageShsOutDil": 15163171, "link": "https://www.sec.gov/Archives/edgar/data/81362/000008136220000002/0000081362-20-000002-index.htm", "finalLink": "https://www.sec.gov/Archives/edgar/data/81362/000008136220000002/kwr-20191231.htm", "calculatedOtherExpenses": -31846000, "calculatedOperatingExpenses": 284082000, "calculatedNetInterest": 0, "calculatedOtherIncome": -79131000, "calculatedIncomeNonControlling": -4802000, "calculatedEbitda": 152930000}, {"date": "2018-12-31", "symbol": "KWR", "reportedCurrency": "USD", "cik": "0000081362", "fillingDate": "2019-02-28", "acceptedDate": "2019-02-28 16:56:43", "calendarYear": "2018", "period": "FY", "revenue": 867520000, "costOfRevenue": 555206000, "grossProfit": 312314000, "grossProfitRatio": 0.3600078384, "researchAndDevelopmentExpenses": 24500000, "generalAndAdministrativeExpenses": 207872000, "sellingAndMarketingExpenses": 0, "sellingGeneralAndAdministrativeExpenses": 207872000, "otherExpenses": -642000, "operatingExpenses": 207872000, "costAndExpenses": 763078000, "interestIncome": 2117000, "interestExpense": 6158000, "depreciationAndAmortization": 19714000, "ebitda": 125631000, "ebitdaratio": 0.1448162578, "operatingIncome": 87781000, "operatingIncomeRatio": 0.1011861398, "totalOtherIncomeExpensesNet": -17303000, "incomeBeforeTax": 83098000, "incomeBeforeTaxRatio": 0.0957879934, "incomeTaxExpense": 25050000, "netIncome": 59473000, "netIncomeRatio": 0.0685551918, "eps": 4.48, "epsdiluted": 4.47, "weightedAverageShsOut": 13268047, "weightedAverageShsOutDil": 13304732, "link": "https://www.sec.gov/Archives/edgar/data/81362/000008136219000002/0000081362-19-000002-index.htm", "finalLink": "https://www.sec.gov/Archives/edgar/data/81362/000008136219000002/maindocument001.htm", "calculatedOtherExpenses": -7839000, "calculatedOperatingExpenses": 224533000, "calculatedNetInterest": -4041000, "calculatedOtherIncome": -642000, "calculatedIncomeNonControlling": -1425000, "calculatedEbitda": 107495000}, {"date": "2017-12-31", "symbol": "KWR", "reportedCurrency": "USD", "cik": "0000081362", "fillingDate": "2018-02-28", "acceptedDate": "2018-02-28 16:51:09", "calendarYear": "2017", "period": "FY", "revenue": 820082000, "costOfRevenue": 528587000, "grossProfit": 291495000, "grossProfitRatio": 0.3554461627, "researchAndDevelopmentExpenses": 23900000, "generalAndAdministrativeExpenses": 198813000, "sellingAndMarketingExpenses": 0, "sellingGeneralAndAdministrativeExpenses": 198813000, "otherExpenses": -718000, "operatingExpenses": 198813000, "costAndExpenses": 727400000, "interestIncome": 2534000, "interestExpense": 3892000, "depreciationAndAmortization": 19966000, "ebitda": 114464000, "ebitdaratio": 0.1395762863, "operatingIncome": 62744000, "operatingIncomeRatio": 0.0765094222, "totalOtherIncomeExpensesNet": -30656000, "incomeBeforeTax": 60668000, "incomeBeforeTaxRatio": 0.0739779681, "incomeTaxExpense": 41653000, "netIncome": 20278000, "netIncomeRatio": 0.0247267956, "eps": 1.53, "epsdiluted": 1.52, "weightedAverageShsOut": 13204872, "weightedAverageShsOutDil": 13245946, "link": "https://www.sec.gov/Archives/edgar/data/81362/000008136218000003/0000081362-18-000003-index.htm", "finalLink": "https://www.sec.gov/Archives/edgar/data/81362/000008136218000003/maindocument001.htm", "calculatedOtherExpenses": 6038000, "calculatedOperatingExpenses": 228751000, "calculatedNetInterest": -1358000, "calculatedOtherIncome": -718000, "calculatedIncomeNonControlling": -1263000, "calculatedEbitda": 82710000}, {"date": "2016-12-31", "symbol": "KWR", "reportedCurrency": "USD", "cik": "0000081362", "fillingDate": "2017-02-28", "acceptedDate": "2017-02-28 16:31:51", "calendarYear": "2016", "period": "FY", "revenue": 746665000, "costOfRevenue": 467072000, "grossProfit": 279593000, "grossProfitRatio": 0.3744557466, "researchAndDevelopmentExpenses": 22500000, "generalAndAdministrativeExpenses": 196981000, "sellingAndMarketingExpenses": 0, "sellingGeneralAndAdministrativeExpenses": 196981000, "otherExpenses": 1810000, "operatingExpenses": 196981000, "costAndExpenses": 664053000, "interestIncome": 2037000, "interestExpense": 2889000, "depreciationAndAmortization": 19566000, "ebitda": 106025000, "ebitdaratio": 0.1419980848, "operatingIncome": 83051000, "operatingIncomeRatio": 0.1112292661, "totalOtherIncomeExpensesNet": 2249000, "incomeBeforeTax": 84009000, "incomeBeforeTaxRatio": 0.1125123047, "incomeTaxExpense": 23226000, "netIncome": 61403000, "netIncomeRatio": 0.0822363443, "eps": 4.64, "epsdiluted": 4.63, "weightedAverageShsOut": 13136138, "weightedAverageShsOutDil": 13160469, "link": "https://www.sec.gov/Archives/edgar/data/81362/000008136217000006/0000081362-17-000006-index.htm", "finalLink": "https://www.sec.gov/Archives/edgar/data/81362/000008136217000006/form10k.htm", "calculatedOtherExpenses": -22939000, "calculatedOperatingExpenses": 196542000, "calculatedNetInterest": -852000, "calculatedOtherIncome": 1810000, "calculatedIncomeNonControlling": -620000, "calculatedEbitda": 102617000}, {"date": "2015-12-31", "symbol": "KWR", "reportedCurrency": "USD", "cik": "0000081362", "fillingDate": "2016-02-25", "acceptedDate": "2016-02-25 17:26:47", "calendarYear": "2015", "period": "FY", "revenue": 737555000, "costOfRevenue": 460515000, "grossProfit": 277040000, "grossProfitRatio": 0.3756194453, "researchAndDevelopmentExpenses": 22100000, "generalAndAdministrativeExpenses": 198990000, "sellingAndMarketingExpenses": 0, "sellingGeneralAndAdministrativeExpenses": 198990000, "otherExpenses": -69000, "operatingExpenses": 198990000, "costAndExpenses": 659505000, "interestIncome": 1624000, "interestExpense": 2585000, "depreciationAndAmortization": 19206000, "ebitda": 98811000, "ebitdaratio": 0.1339710259, "operatingIncome": 71260000, "operatingIncomeRatio": 0.0966165235, "totalOtherIncomeExpensesNet": -6859000, "incomeBeforeTax": 70230000, "incomeBeforeTaxRatio": 0.0952200175, "incomeTaxExpense": 17785000, "netIncome": 51180000, "netIncomeRatio": 0.0693914352, "eps": 3.84, "epsdiluted": 3.84, "weightedAverageShsOut": 13199630, "weightedAverageShsOutDil": 13214849, "link": "https://www.sec.gov/Archives/edgar/data/81362/000008136216000025/0000081362-16-000025-index.htm", "finalLink": "https://www.sec.gov/Archives/edgar/data/81362/000008136216000025/form10k.htm", "calculatedOtherExpenses": -15310000, "calculatedOperatingExpenses": 205780000, "calculatedNetInterest": -961000, "calculatedOtherIncome": -69000, "calculatedIncomeNonControlling": 1265000, "calculatedEbitda": 90466000}, {"date": "2014-12-31", "symbol": "KWR", "reportedCurrency": "USD", "cik": "0000081362", "fillingDate": "2015-02-26", "acceptedDate": "2015-02-26 16:58:23", "calendarYear": "2014", "period": "FY", "revenue": 765860000, "costOfRevenue": 492654000, "grossProfit": 273206000, "grossProfitRatio": 0.3567309952, "researchAndDevelopmentExpenses": 22100000, "generalAndAdministrativeExpenses": 195850000, "sellingAndMarketingExpenses": 0, "sellingGeneralAndAdministrativeExpenses": 195850000, "otherExpenses": 1096000, "operatingExpenses": 195268000, "costAndExpenses": 687922000, "interestIncome": 2541000, "interestExpense": 2371000, "depreciationAndAmortization": 16631000, "ebitda": 98206000, "ebitdaratio": 0.1282297026, "operatingIncome": 77356000, "operatingIncomeRatio": 0.1010054057, "totalOtherIncomeExpensesNet": 185000, "incomeBeforeTax": 78293000, "incomeBeforeTaxRatio": 0.1022288669, "incomeTaxExpense": 23539000, "netIncome": 56492000, "netIncomeRatio": 0.0737628287, "eps": 4.27, "epsdiluted": 4.26, "weightedAverageShsOut": 13126759, "weightedAverageShsOutDil": 13148068, "link": "https://www.sec.gov/Archives/edgar/data/81362/000008136215000004/0000081362-15-000004-index.htm", "finalLink": "https://www.sec.gov/Archives/edgar/data/81362/000008136215000004/form10k.htm", "calculatedOtherExpenses": -22100000, "calculatedOperatingExpenses": 195850000, "calculatedNetInterest": 170000, "calculatedOtherIncome": 767000, "calculatedIncomeNonControlling": -1738000, "calculatedEbitda": 93987000}, {"date": "2013-12-31", "symbol": "KWR", "reportedCurrency": "USD", "cik": "0000081362", "fillingDate": "2014-02-28", "acceptedDate": "2014-02-28 06:27:16", "calendarYear": "2013", "period": "FY", "revenue": 729395000, "costOfRevenue": 468320000, "grossProfit": 261075000, "grossProfitRatio": 0.3579336299, "researchAndDevelopmentExpenses": 21578000, "generalAndAdministrativeExpenses": 189832000, "sellingAndMarketingExpenses": 0, "sellingGeneralAndAdministrativeExpenses": 189832000, "otherExpenses": 3519000, "operatingExpenses": 189832000, "costAndExpenses": 658152000, "interestIncome": 986000, "interestExpense": 2922000, "depreciationAndAmortization": 15784000, "ebitda": 91532000, "ebitdaratio": 0.1254903036, "operatingIncome": 71243000, "operatingIncomeRatio": 0.0976740998, "totalOtherIncomeExpensesNet": 3519000, "incomeBeforeTax": 72826000, "incomeBeforeTaxRatio": 0.0998443916, "incomeTaxExpense": 20489000, "netIncome": 56339000, "netIncomeRatio": 0.0772407269, "eps": 4.28, "epsdiluted": 4.27, "weightedAverageShsOut": 13044842, "weightedAverageShsOutDil": 13069612, "link": "https://www.sec.gov/Archives/edgar/data/81362/000008136214000006/0000081362-14-000006-index.htm", "finalLink": "https://www.sec.gov/Archives/edgar/data/81362/000008136214000006/form10k.htm", "calculatedOtherExpenses": -21578000, "calculatedOperatingExpenses": 189832000, "calculatedNetInterest": -1936000, "calculatedOtherIncome": 3519000, "calculatedIncomeNonControlling": -4002000, "calculatedEbitda": 87027000}, {"date": "2012-12-31", "symbol": "KWR", "reportedCurrency": "USD", "cik": "0000081362", "fillingDate": "2013-03-06", "acceptedDate": "2013-03-06 17:02:11", "calendarYear": "2012", "period": "FY", "revenue": 708226000, "costOfRevenue": 469515000, "grossProfit": 238711000, "grossProfitRatio": 0.3370548384, "researchAndDevelopmentExpenses": 19993000, "generalAndAdministrativeExpenses": 175487000, "sellingAndMarketingExpenses": 0, "sellingGeneralAndAdministrativeExpenses": 175487000, "otherExpenses": 3415000, "operatingExpenses": 175487000, "costAndExpenses": 645002000, "interestIncome": 592000, "interestExpense": 4283000, "depreciationAndAmortization": 15358000, "ebitda": 82589000, "ebitdaratio": 0.1166139057, "operatingIncome": 63224000, "operatingIncomeRatio": 0.0892709389, "totalOtherIncomeExpensesNet": 3415000, "incomeBeforeTax": 62948000, "incomeBeforeTaxRatio": 0.0888812328, "incomeTaxExpense": 15575000, "netIncome": 47405000, "netIncomeRatio": 0.0669348485, "eps": 3.64, "epsdiluted": 3.63, "weightedAverageShsOut": 12871703, "weightedAverageShsOutDil": 12930501, "link": "https://www.sec.gov/Archives/edgar/data/81362/000008136213000005/0000081362-13-000005-index.htm", "finalLink": "https://www.sec.gov/Archives/edgar/data/81362/000008136213000005/form10k.htm", "calculatedOtherExpenses": -19993000, "calculatedOperatingExpenses": 175487000, "calculatedNetInterest": -3691000, "calculatedOtherIncome": 3415000, "calculatedIncomeNonControlling": -32000, "calculatedEbitda": 78582000}, {"date": "2011-12-31", "symbol": "KWR", "reportedCurrency": "USD", "cik": "0000081362", "fillingDate": "2012-03-07", "acceptedDate": "2012-03-07 16:51:20", "calendarYear": "2011", "period": "FY", "revenue": 683231000, "costOfRevenue": 460581000, "grossProfit": 222650000, "grossProfitRatio": 0.3258780705, "researchAndDevelopmentExpenses": 0, "generalAndAdministrativeExpenses": 0, "sellingAndMarketingExpenses": 0, "sellingGeneralAndAdministrativeExpenses": 164738000, "otherExpenses": 0, "operatingExpenses": 164738000, "costAndExpenses": 625319000, "interestIncome": 1081000, "interestExpense": 4666000, "depreciationAndAmortization": 13793000, "ebitda": 72786000, "ebitdaratio": 0.1065320514, "operatingIncome": 57912000, "operatingIncomeRatio": 0.0847619619, "totalOtherIncomeExpensesNet": 5050000, "incomeBeforeTax": 59377000, "incomeBeforeTaxRatio": 0.0869061855, "incomeTaxExpense": 14256000, "netIncome": 43569000, "netIncomeRatio": 0.063769062, "eps": 3.71, "epsdiluted": 3.66, "weightedAverageShsOut": 12159958, "weightedAverageShsOutDil": 12318173, "link": "https://www.sec.gov/Archives/edgar/data/81362/000008136212000005/0000081362-12-000005-index.htm", "finalLink": "https://www.sec.gov/Archives/edgar/data/81362/000008136212000005/form10k.htm", "calculatedOtherExpenses": 0, "calculatedOperatingExpenses": 164738000, "calculatedNetInterest": -3585000, "calculatedOtherIncome": 5050000, "calculatedIncomeNonControlling": 1552000, "calculatedEbitda": 71705000}, {"date": "2010-12-31", "symbol": "KWR", "reportedCurrency": "USD", "cik": "0000081362", "fillingDate": "2011-03-02", "acceptedDate": "2011-03-02 16:49:34", "calendarYear": "2010", "period": "FY", "revenue": 544063000, "costOfRevenue": 351274000, "grossProfit": 192789000, "grossProfitRatio": 0.3543505072, "researchAndDevelopmentExpenses": 0, "generalAndAdministrativeExpenses": 1317000, "sellingAndMarketingExpenses": 139209000, "sellingGeneralAndAdministrativeExpenses": 140526000, "otherExpenses": 4132000, "operatingExpenses": 144658000, "costAndExpenses": 495932000, "interestIncome": 1201000, "interestExpense": 5225000, "depreciationAndAmortization": 10855000, "ebitda": 60187000, "ebitdaratio": 0.1106250563, "operatingIncome": 48131000, "operatingIncomeRatio": 0.0884658578, "totalOtherIncomeExpensesNet": 2106000, "incomeBeforeTax": 46213000, "incomeBeforeTaxRatio": 0.0849405308, "incomeTaxExpense": 12616000, "netIncome": 31807000, "netIncomeRatio": 0.0584619796, "eps": 2.85, "epsdiluted": 2.8, "weightedAverageShsOut": 11039410, "weightedAverageShsOutDil": 11241961, "link": "https://www.sec.gov/Archives/edgar/data/81362/000119312511053672/0001193125-11-053672-index.htm", "finalLink": "https://www.sec.gov/Archives/edgar/data/81362/000119312511053672/d10k.htm", "calculatedOtherExpenses": 4132000, "calculatedOperatingExpenses": 144658000, "calculatedNetInterest": -4024000, "calculatedOtherIncome": 2106000, "calculatedIncomeNonControlling": 1790000, "calculatedEbitda": 58986000}, {"date": "2009-12-31", "symbol": "KWR", "reportedCurrency": "USD", "cik": "0000081362", "fillingDate": "2010-03-03", "acceptedDate": "2010-03-03 16:54:50", "calendarYear": "2009", "period": "FY", "revenue": 451490000, "costOfRevenue": 294652000, "grossProfit": 156838000, "grossProfitRatio": 0.3473786795, "researchAndDevelopmentExpenses": 0, "generalAndAdministrativeExpenses": 2443000, "sellingAndMarketingExpenses": 126018000, "sellingGeneralAndAdministrativeExpenses": 128461000, "otherExpenses": 0, "operatingExpenses": 128461000, "costAndExpenses": 423113000, "interestIncome": 728000, "interestExpense": 5533000, "depreciationAndAmortization": 10603000, "ebitda": 39708000, "ebitdaratio": 0.0879487918, "operatingIncome": 26088000, "operatingIncomeRatio": 0.0577820107, "totalOtherIncomeExpensesNet": 120000, "incomeBeforeTax": 23692000, "incomeBeforeTaxRatio": 0.0524751379, "incomeTaxExpense": 7065000, "netIncome": 16220000, "netIncomeRatio": 0.0359254912, "eps": 1.48, "epsdiluted": 1.47, "weightedAverageShsOut": 10806518, "weightedAverageShsOutDil": 10865762, "link": "https://www.sec.gov/Archives/edgar/data/81362/000119312510046944/0001193125-10-046944-index.htm", "finalLink": "https://www.sec.gov/Archives/edgar/data/81362/000119312510046944/d10k.htm", "calculatedOtherExpenses": 2289000, "calculatedOperatingExpenses": 130750000, "calculatedNetInterest": -4805000, "calculatedOtherIncome": 2409000, "calculatedIncomeNonControlling": 407000, "calculatedEbitda": 36691000}, {"date": "2008-12-31", "symbol": "KWR", "reportedCurrency": "USD", "cik": "0000081362", "fillingDate": "2009-03-05", "acceptedDate": "2009-03-05 13:22:26", "calendarYear": "2008", "period": "FY", "revenue": 581641000, "costOfRevenue": 418580000, "grossProfit": 163061000, "grossProfitRatio": 0.280346468, "researchAndDevelopmentExpenses": 0, "generalAndAdministrativeExpenses": 0, "sellingAndMarketingExpenses": 0, "sellingGeneralAndAdministrativeExpenses": 140202000, "otherExpenses": 0, "operatingExpenses": 140202000, "costAndExpenses": 558782000, "interestIncome": 1100000, "interestExpense": -5509000, "depreciationAndAmortization": 12056000, "ebitda": 36736000, "ebitdaratio": 0.063159234, "operatingIncome": 19943000, "operatingIncomeRatio": 0.0342874729, "totalOtherIncomeExpensesNet": -1433000, "incomeBeforeTax": 16629000, "incomeBeforeTaxRatio": 0.0285898002, "incomeTaxExpense": 4977000, "netIncome": 11132000, "netIncomeRatio": 0.0191389534, "eps": 1.06, "epsdiluted": 1.05, "weightedAverageShsOut": 10419654, "weightedAverageShsOutDil": 10486994, "link": "https://www.sec.gov/Archives/edgar/data/81362/000119312509045897/0001193125-09-045897-index.htm", "finalLink": "https://www.sec.gov/Archives/edgar/data/81362/000119312509045897/d10k.htm", "calculatedOtherExpenses": 2916000, "calculatedOperatingExpenses": 143118000, "calculatedNetInterest": 6609000, "calculatedOtherIncome": -9923000, "calculatedIncomeNonControlling": 520000, "calculatedEbitda": 31999000}, {"date": "2007-12-31", "symbol": "KWR", "reportedCurrency": "USD", "cik": "0000081362", "fillingDate": "2008-03-07", "acceptedDate": "2008-03-07 12:51:04", "calendarYear": "2007", "period": "FY", "revenue": 545597000, "costOfRevenue": 377661000, "grossProfit": 167936000, "grossProfitRatio": 0.307802279, "researchAndDevelopmentExpenses": 0, "generalAndAdministrativeExpenses": 0, "sellingAndMarketingExpenses": 0, "sellingGeneralAndAdministrativeExpenses": 142729000, "otherExpenses": 0, "operatingExpenses": 142729000, "costAndExpenses": 520390000, "interestIncome": 1376000, "interestExpense": -6426000, "depreciationAndAmortization": 12883000, "ebitda": 35512000, "ebitdaratio": 0.0650883344, "operatingIncome": 25207000, "operatingIncomeRatio": 0.0462007672, "totalOtherIncomeExpensesNet": 3361000, "incomeBeforeTax": 22735000, "incomeBeforeTaxRatio": 0.0416699505, "incomeTaxExpense": 6668000, "netIncome": 15471000, "netIncomeRatio": 0.0283560943, "eps": 1.53, "epsdiluted": 1.52, "weightedAverageShsOut": 9986347, "weightedAverageShsOutDil": 10068076, "link": "https://www.sec.gov/Archives/edgar/data/81362/000119312508049776/0001193125-08-049776-index.htm", "finalLink": "https://www.sec.gov/Archives/edgar/data/81362/000119312508049776/d10k.htm", "calculatedOtherExpenses": 0, "calculatedOperatingExpenses": 142729000, "calculatedNetInterest": 7802000, "calculatedOtherIncome": -10274000, "calculatedIncomeNonControlling": 596000, "calculatedEbitda": 38090000}, {"date": "2006-12-31", "symbol": "KWR", "reportedCurrency": "USD", "cik": "0000081362", "fillingDate": "2007-03-09", "acceptedDate": "2007-03-09 10:51:53", "calendarYear": "2006", "period": "FY", "revenue": 460451000, "costOfRevenue": 317850000, "grossProfit": 142601000, "grossProfitRatio": 0.3096985347, "researchAndDevelopmentExpenses": 0, "generalAndAdministrativeExpenses": 0, "sellingAndMarketingExpenses": 0, "sellingGeneralAndAdministrativeExpenses": 120969000, "otherExpenses": 0, "operatingExpenses": 120969000, "costAndExpenses": 438819000, "interestIncome": 1069000, "interestExpense": -5520000, "depreciationAndAmortization": 11563000, "ebitda": 31936000, "ebitdaratio": 0.0693580859, "operatingIncome": 21632000, "operatingIncomeRatio": 0.0469800261, "totalOtherIncomeExpensesNet": 2032000, "incomeBeforeTax": 18440000, "incomeBeforeTaxRatio": 0.0400476924, "incomeTaxExpense": 6224000, "netIncome": 11667000, "netIncomeRatio": 0.025338201, "eps": 1.19, "epsdiluted": 1.18, "weightedAverageShsOut": 9779000, "weightedAverageShsOutDil": 9854000, "link": "https://www.sec.gov/Archives/edgar/data/81362/000119312507050444/0001193125-07-050444-index.htm", "finalLink": "https://www.sec.gov/Archives/edgar/data/81362/000119312507050444/d10k.htm", "calculatedOtherExpenses": 0, "calculatedOperatingExpenses": 120969000, "calculatedNetInterest": 6589000, "calculatedOtherIncome": -9781000, "calculatedIncomeNonControlling": 549000, "calculatedEbitda": 33195000}, {"date": "2005-12-31", "symbol": "KWR", "reportedCurrency": "USD", "cik": "0000081362", "fillingDate": "2006-03-13", "acceptedDate": "2006-03-13 13:12:35", "calendarYear": "2005", "period": "FY", "revenue": 424033000, "costOfRevenue": 294219000, "grossProfit": 129814000, "grossProfitRatio": 0.3061412673, "researchAndDevelopmentExpenses": 0, "generalAndAdministrativeExpenses": 0, "sellingAndMarketingExpenses": 0, "sellingGeneralAndAdministrativeExpenses": 116340000, "otherExpenses": 0, "operatingExpenses": 116340000, "costAndExpenses": 410559000, "interestIncome": 1022000, "interestExpense": -3681000, "depreciationAndAmortization": 10531000, "ebitda": 28205000, "ebitdaratio": 0.0665160495, "operatingIncome": 3154000, "operatingIncomeRatio": 0.0074381003, "totalOtherIncomeExpensesNet": -3582000, "incomeBeforeTax": 6615000, "incomeBeforeTaxRatio": 0.0156002009, "incomeTaxExpense": 3336000, "netIncome": 1688000, "netIncomeRatio": 0.0039808222, "eps": 0.17, "epsdiluted": 0.17, "weightedAverageShsOut": 9679000, "weightedAverageShsOutDil": 9816000, "link": "https://www.sec.gov/Archives/edgar/data/81362/000119312506052033/0001193125-06-052033-index.htm", "finalLink": "https://www.sec.gov/Archives/edgar/data/81362/000119312506052033/d10k.htm", "calculatedOtherExpenses": 10320000, "calculatedOperatingExpenses": 126660000, "calculatedNetInterest": 4703000, "calculatedOtherIncome": -1242000, "calculatedIncomeNonControlling": 1591000, "calculatedEbitda": 13685000}, {"date": "2004-12-31", "symbol": "KWR", "reportedCurrency": "USD", "cik": "0000081362", "fillingDate": "2005-03-14", "acceptedDate": "2005-03-14 14:50:42", "calendarYear": "2004", "period": "FY", "revenue": 400695000, "costOfRevenue": 269818000, "grossProfit": 130877000, "grossProfitRatio": 0.3266249891, "researchAndDevelopmentExpenses": 0, "generalAndAdministrativeExpenses": 0, "sellingAndMarketingExpenses": 0, "sellingGeneralAndAdministrativeExpenses": 113536000, "otherExpenses": 0, "operatingExpenses": 113536000, "costAndExpenses": 383354000, "interestIncome": 1111000, "interestExpense": -2363000, "depreciationAndAmortization": 9767000, "ebitda": 25740000, "ebitdaratio": 0.0642383858, "operatingIncome": 16891000, "operatingIncomeRatio": 0.042154257, "totalOtherIncomeExpensesNet": 2258000, "incomeBeforeTax": 17457000, "incomeBeforeTaxRatio": 0.0435668027, "incomeTaxExpense": 5499000, "netIncome": 8974000, "netIncomeRatio": 0.0223960868, "eps": 0.93, "epsdiluted": 0.9, "weightedAverageShsOut": 9649462, "weightedAverageShsOutDil": 9971111, "link": "https://www.sec.gov/Archives/edgar/data/81362/000119312505049314/0001193125-05-049314-index.htm", "finalLink": "https://www.sec.gov/Archives/edgar/data/81362/000119312505049314/d10k.htm", "calculatedOtherExpenses": 450000, "calculatedOperatingExpenses": 113986000, "calculatedNetInterest": 3474000, "calculatedOtherIncome": -2908000, "calculatedIncomeNonControlling": 2984000, "calculatedEbitda": 26658000}, {"date": "2003-12-31", "symbol": "KWR", "reportedCurrency": "USD", "cik": "0000081362", "fillingDate": "2004-03-12", "acceptedDate": "2004-03-12 15:03:31", "calendarYear": "2003", "period": "FY", "revenue": 340192000, "costOfRevenue": 218818000, "grossProfit": 121374000, "grossProfitRatio": 0.3567808767, "researchAndDevelopmentExpenses": 0, "generalAndAdministrativeExpenses": 0, "sellingAndMarketingExpenses": 0, "sellingGeneralAndAdministrativeExpenses": 97202000, "otherExpenses": 0, "operatingExpenses": 97202000, "costAndExpenses": 316020000, "interestIncome": 815000, "interestExpense": -1576000, "depreciationAndAmortization": 7637000, "ebitda": 31102000, "ebitdaratio": 0.0914248424, "operatingIncome": 24115000, "operatingIncomeRatio": 0.0708864406, "totalOtherIncomeExpensesNet": 1951000, "incomeBeforeTax": 24118000, "incomeBeforeTaxRatio": 0.0708952591, "incomeTaxExpense": 7488000, "netIncome": 14833000, "netIncomeRatio": 0.0436018484, "eps": 1.58, "epsdiluted": 1.52, "weightedAverageShsOut": 9381000, "weightedAverageShsOutDil": 9761000, "link": "https://www.sec.gov/Archives/edgar/data/81362/000119312504040386/0001193125-04-040386-index.htm", "finalLink": "https://www.sec.gov/Archives/edgar/data/81362/000119312504040386/d10k.htm", "calculatedOtherExpenses": 57000, "calculatedOperatingExpenses": 97259000, "calculatedNetInterest": 2391000, "calculatedOtherIncome": -2388000, "calculatedIncomeNonControlling": 1797000, "calculatedEbitda": 31752000}, {"date": "2002-12-31", "symbol": "KWR", "reportedCurrency": "USD", "cik": "0000081362", "fillingDate": "2003-03-28", "acceptedDate": "2003-03-28 15:24:21", "calendarYear": "2002", "period": "FY", "revenue": 274521000, "costOfRevenue": 162944000, "grossProfit": 111577000, "grossProfitRatio": 0.4064424944, "researchAndDevelopmentExpenses": 0, "generalAndAdministrativeExpenses": 0, "sellingAndMarketingExpenses": 0, "sellingGeneralAndAdministrativeExpenses": 87604000, "otherExpenses": 0, "operatingExpenses": 87604000, "costAndExpenses": 250548000, "interestIncome": 984000, "interestExpense": 0, "depreciationAndAmortization": 6237000, "ebitda": 29075000, "ebitdaratio": 0.1059117517, "operatingIncome": 23973000, "operatingIncomeRatio": 0.0873266526, "totalOtherIncomeExpensesNet": 1430000, "incomeBeforeTax": 22079000, "incomeBeforeTaxRatio": 0.0804273626, "incomeTaxExpense": 7782000, "netIncome": 14297000, "netIncomeRatio": 0.0520798045, "eps": 1.56, "epsdiluted": 1.51, "weightedAverageShsOut": 9172000, "weightedAverageShsOutDil": 9474000, "link": "https://www.sec.gov/Archives/edgar/data/81362/000092838503000926/0000928385-03-000926-index.htm", "finalLink": "https://www.sec.gov/Archives/edgar/data/81362/000092838503000926/d10k.txt", "calculatedOtherExpenses": 0, "calculatedOperatingExpenses": 87604000, "calculatedNetInterest": 984000, "calculatedOtherIncome": -2878000, "calculatedIncomeNonControlling": 0, "calculatedEbitda": 30210000}, {"date": "2001-12-31", "symbol": "KWR", "reportedCurrency": "USD", "cik": "0000081362", "fillingDate": "2002-03-28", "acceptedDate": "2002-03-28 00:00:00", "calendarYear": "2001", "period": "FY", "revenue": 251074000, "costOfRevenue": 150045000, "grossProfit": 101029000, "grossProfitRatio": 0.402387344, "researchAndDevelopmentExpenses": 0, "generalAndAdministrativeExpenses": 0, "sellingAndMarketingExpenses": 0, "sellingGeneralAndAdministrativeExpenses": 80484000, "otherExpenses": 6354000, "operatingExpenses": 86838000, "costAndExpenses": 236883000, "interestIncome": 1030000, "interestExpense": 0, "depreciationAndAmortization": 6380000, "ebitda": 25223000, "ebitdaratio": 0.100460422, "operatingIncome": 14191000, "operatingIncomeRatio": 0.056521185, "totalOtherIncomeExpensesNet": -4652000, "incomeBeforeTax": 14430000, "incomeBeforeTaxRatio": 0.0574730956, "incomeTaxExpense": 4473000, "netIncome": 7665000, "netIncomeRatio": 0.0305288481, "eps": 0.85, "epsdiluted": 0.84, "weightedAverageShsOut": 9054000, "weightedAverageShsOutDil": 9114000, "link": "https://www.sec.gov/Archives/edgar/data/81362/000095016802000586/0000950168-02-000586-index.htm", "finalLink": "https://www.sec.gov/Archives/edgar/data/81362/000095016802000586/d10k.txt", "calculatedOtherExpenses": 6354000, "calculatedOperatingExpenses": 86838000, "calculatedNetInterest": 1030000, "calculatedOtherIncome": -791000, "calculatedIncomeNonControlling": 2292000, "calculatedEbitda": 20571000}, {"date": "2000-12-31", "symbol": "KWR", "reportedCurrency": "USD", "cik": "0000081362", "fillingDate": "2001-03-29", "acceptedDate": "2001-03-29 00:00:00", "calendarYear": "2000", "period": "FY", "revenue": 267570000, "costOfRevenue": 148718000, "grossProfit": 118852000, "grossProfitRatio": 0.4441903053, "researchAndDevelopmentExpenses": 0, "generalAndAdministrativeExpenses": 0, "sellingAndMarketingExpenses": 0, "sellingGeneralAndAdministrativeExpenses": 86865000, "otherExpenses": 6812000, "operatingExpenses": 93677000, "costAndExpenses": 242395000, "interestIncome": 934000, "interestExpense": 0, "depreciationAndAmortization": 6812000, "ebitda": 28156000, "ebitdaratio": 0.1052285383, "operatingIncome": 25175000, "operatingIncomeRatio": 0.0940875285, "totalOtherIncomeExpensesNet": 3831000, "incomeBeforeTax": 25374000, "incomeBeforeTaxRatio": 0.0948312591, "incomeTaxExpense": 8211000, "netIncome": 17163000, "netIncomeRatio": 0.0641439623, "eps": 1.94, "epsdiluted": 1.93, "weightedAverageShsOut": 8831000, "weightedAverageShsOutDil": 8896000, "link": "https://www.sec.gov/Archives/edgar/data/81362/000103605001500050/0001036050-01-500050-index.htm", "finalLink": "https://www.sec.gov/Archives/edgar/data/81362/000103605001500050/d10k.txt", "calculatedOtherExpenses": 6812000, "calculatedOperatingExpenses": 93677000, "calculatedNetInterest": 934000, "calculatedOtherIncome": -735000, "calculatedIncomeNonControlling": 0, "calculatedEbitda": 31987000}, {"date": "1999-12-31", "symbol": "KWR", "reportedCurrency": "USD", "cik": "0000081362", "fillingDate": "2000-03-30", "acceptedDate": "2000-03-30 00:00:00", "calendarYear": "1999", "period": "FY", "revenue": 258500000, "costOfRevenue": 134600000, "grossProfit": 123900000, "grossProfitRatio": 0.479303675, "researchAndDevelopmentExpenses": 0, "generalAndAdministrativeExpenses": 0, "sellingAndMarketingExpenses": 0, "sellingGeneralAndAdministrativeExpenses": 89900000, "otherExpenses": 7000000, "operatingExpenses": 96900000, "costAndExpenses": 231500000, "interestIncome": 0, "interestExpense": 0, "depreciationAndAmortization": 7000000, "ebitda": 30900000, "ebitdaratio": 0.1195357834, "operatingIncome": 27000000, "operatingIncomeRatio": 0.1044487427, "totalOtherIncomeExpensesNet": 3100000, "incomeBeforeTax": 26600000, "incomeBeforeTaxRatio": 0.102901354, "incomeTaxExpense": 10900000, "netIncome": 15700000, "netIncomeRatio": 0.0607350097, "eps": 1.76, "epsdiluted": 1.74, "weightedAverageShsOut": 8914000, "weightedAverageShsOutDil": 8975000, "link": "https://www.sec.gov/Archives/edgar/data/81362/000095011500000430/0000950115-00-000430-index.html", "finalLink": "https://www.sec.gov/Archives/edgar/data/81362/000095011500000430/", "calculatedOtherExpenses": 7000000, "calculatedOperatingExpenses": 96900000, "calculatedNetInterest": 0, "calculatedOtherIncome": -400000, "calculatedIncomeNonControlling": 0, "calculatedEbitda": 34000000}, {"date": "1998-12-31", "symbol": "KWR", "reportedCurrency": "USD", "cik": "0000081362", "fillingDate": "1999-03-30", "acceptedDate": "1999-03-30 00:00:00", "calendarYear": "1998", "period": "FY", "revenue": 257100000, "costOfRevenue": 134400000, "grossProfit": 122700000, "grossProfitRatio": 0.4772462077, "researchAndDevelopmentExpenses": 0, "generalAndAdministrativeExpenses": 0, "sellingAndMarketingExpenses": 0, "sellingGeneralAndAdministrativeExpenses": 93100000, "otherExpenses": 7100000, "operatingExpenses": 100200000, "costAndExpenses": 234600000, "interestIncome": 0, "interestExpense": 0, "depreciationAndAmortization": 7100000, "ebitda": 32200000, "ebitdaratio": 0.1252430961, "operatingIncome": 22500000, "operatingIncomeRatio": 0.0875145858, "totalOtherIncomeExpensesNet": -2600000, "incomeBeforeTax": 17400000, "incomeBeforeTaxRatio": 0.0676779463, "incomeTaxExpense": 6700000, "netIncome": 10700000, "netIncomeRatio": 0.0416180475, "eps": 1.21, "epsdiluted": 1.2, "weightedAverageShsOut": 8842975, "weightedAverageShsOutDil": 8916667, "link": "https://www.sec.gov/Archives/edgar/data/81362/000092004999000013/0000920049-99-000013-index.html", "finalLink": "https://www.sec.gov/Archives/edgar/data/81362/", "calculatedOtherExpenses": 7100000, "calculatedOperatingExpenses": 100200000, "calculatedNetInterest": 0, "calculatedOtherIncome": -5100000, "calculatedIncomeNonControlling": 0, "calculatedEbitda": 29600000}, {"date": "1997-12-31", "symbol": "KWR", "reportedCurrency": "USD", "cik": "0000081362", "fillingDate": "1998-03-30", "acceptedDate": "1998-03-30 00:00:00", "calendarYear": "1997", "period": "FY", "revenue": 241500000, "costOfRevenue": 127700000, "grossProfit": 113800000, "grossProfitRatio": 0.4712215321, "researchAndDevelopmentExpenses": 0, "generalAndAdministrativeExpenses": 0, "sellingAndMarketingExpenses": 0, "sellingGeneralAndAdministrativeExpenses": 88100000, "otherExpenses": 7300000, "operatingExpenses": 95400000, "costAndExpenses": 223100000, "interestIncome": 0, "interestExpense": 0, "depreciationAndAmortization": 7300000, "ebitda": 21800000, "ebitdaratio": 0.0902691511, "operatingIncome": 18400000, "operatingIncomeRatio": 0.0761904762, "totalOtherIncomeExpensesNet": 3900000, "incomeBeforeTax": 20500000, "incomeBeforeTaxRatio": 0.0848861284, "incomeTaxExpense": 7900000, "netIncome": 12600000, "netIncomeRatio": 0.052173913, "eps": 1.45, "epsdiluted": 1.45, "weightedAverageShsOut": 8689655, "weightedAverageShsOutDil": 8689655, "link": "https://www.sec.gov/Archives/edgar/data/81362/000092004998000011/0000920049-98-000011-index.html", "finalLink": "https://www.sec.gov/Archives/edgar/data/81362/", "calculatedOtherExpenses": 7300000, "calculatedOperatingExpenses": 95400000, "calculatedNetInterest": 0, "calculatedOtherIncome": 2100000, "calculatedIncomeNonControlling": 0, "calculatedEbitda": 25700000}, {"date": "1996-12-31", "symbol": "KWR", "reportedCurrency": "USD", "cik": "0000081362", "fillingDate": "1997-03-27", "acceptedDate": "1997-03-27 00:00:00", "calendarYear": "1996", "period": "FY", "revenue": 240300000, "costOfRevenue": 129500000, "grossProfit": 110800000, "grossProfitRatio": 0.4610903038, "researchAndDevelopmentExpenses": 0, "generalAndAdministrativeExpenses": 0, "sellingAndMarketingExpenses": 0, "sellingGeneralAndAdministrativeExpenses": 86900000, "otherExpenses": 8700000, "operatingExpenses": 95600000, "costAndExpenses": 225100000, "interestIncome": 0, "interestExpense": 0, "depreciationAndAmortization": 8700000, "ebitda": 44100000, "ebitdaratio": 0.1835205993, "operatingIncome": 15200000, "operatingIncomeRatio": 0.0632542655, "totalOtherIncomeExpensesNet": -20200000, "incomeBeforeTax": -7100000, "incomeBeforeTaxRatio": -0.0295464003, "incomeTaxExpense": 500000, "netIncome": -7600000, "netIncomeRatio": -0.0316271328, "eps": -0.88, "epsdiluted": -0.85, "weightedAverageShsOut": 8636364, "weightedAverageShsOutDil": 8888889, "link": "https://www.sec.gov/Archives/edgar/data/81362/000092004997000017/0000920049-97-000017-index.html", "finalLink": "https://www.sec.gov/Archives/edgar/data/81362/", "calculatedOtherExpenses": 8700000, "calculatedOperatingExpenses": 95600000, "calculatedNetInterest": 0, "calculatedOtherIncome": -22300000, "calculatedIncomeNonControlling": 0, "calculatedEbitda": 23900000}, {"date": "1995-12-31", "symbol": "KWR", "reportedCurrency": "USD", "cik": "0000081362", "fillingDate": "1996-03-29", "acceptedDate": "1996-03-29 00:00:00", "calendarYear": "1995", "period": "FY", "revenue": 229100000, "costOfRevenue": 126900000, "grossProfit": 102200000, "grossProfitRatio": 0.446093409, "researchAndDevelopmentExpenses": 0, "generalAndAdministrativeExpenses": 0, "sellingAndMarketingExpenses": 0, "sellingGeneralAndAdministrativeExpenses": 80100000, "otherExpenses": 8600000, "operatingExpenses": 88700000, "costAndExpenses": 215600000, "interestIncome": 0, "interestExpense": 0, "depreciationAndAmortization": 8600000, "ebitda": 21800000, "ebitdaratio": 0.0951549542, "operatingIncome": 13500000, "operatingIncomeRatio": 0.0589262331, "totalOtherIncomeExpensesNet": 300000, "incomeBeforeTax": 11600000, "incomeBeforeTaxRatio": 0.0506329114, "incomeTaxExpense": 4900000, "netIncome": 6700000, "netIncomeRatio": 0.0292448712, "eps": 0.76, "epsdiluted": 0.76, "weightedAverageShsOut": 8815789, "weightedAverageShsOutDil": 8815789, "link": "https://www.sec.gov/Archives/edgar/data/81362/000089155496000183/0000891554-96-000183-index.html", "finalLink": "https://www.sec.gov/Archives/edgar/data/81362/", "calculatedOtherExpenses": 8600000, "calculatedOperatingExpenses": 88700000, "calculatedNetInterest": 0, "calculatedOtherIncome": -1900000, "calculatedIncomeNonControlling": 0, "calculatedEbitda": 22100000}, {"date": "1994-12-31", "symbol": "KWR", "reportedCurrency": "USD", "cik": "0000081362", "fillingDate": "1995-03-30", "acceptedDate": "1995-03-30 00:00:00", "calendarYear": "1994", "period": "FY", "revenue": 194700000, "costOfRevenue": 103400000, "grossProfit": 91300000, "grossProfitRatio": 0.4689265537, "researchAndDevelopmentExpenses": 0, "generalAndAdministrativeExpenses": 0, "sellingAndMarketingExpenses": 0, "sellingGeneralAndAdministrativeExpenses": 71000000, "otherExpenses": 7300000, "operatingExpenses": 78300000, "costAndExpenses": 181700000, "interestIncome": 0, "interestExpense": 0, "depreciationAndAmortization": 7300000, "ebitda": 16300000, "ebitdaratio": 0.0837185413, "operatingIncome": 13000000, "operatingIncomeRatio": 0.0667693888, "totalOtherIncomeExpensesNet": 4000000, "incomeBeforeTax": 15300000, "incomeBeforeTaxRatio": 0.0785824345, "incomeTaxExpense": 5900000, "netIncome": 9400000, "netIncomeRatio": 0.0482794042, "eps": 1.03, "epsdiluted": 1.03, "weightedAverageShsOut": 9126214, "weightedAverageShsOutDil": 9189189, "link": "https://www.sec.gov/Archives/edgar/data/81362/000092004995000033/0000920049-95-000033-index.html", "finalLink": "https://www.sec.gov/Archives/edgar/data/81362/", "calculatedOtherExpenses": 7300000, "calculatedOperatingExpenses": 78300000, "calculatedNetInterest": 0, "calculatedOtherIncome": 2300000, "calculatedIncomeNonControlling": 0, "calculatedEbitda": 20300000}, {"date": "1993-12-31", "symbol": "KWR", "reportedCurrency": "USD", "cik": "0000081362", "fillingDate": "1994-03-30", "acceptedDate": "1994-03-30 00:00:00", "calendarYear": "1993", "period": "FY", "revenue": 195000000, "costOfRevenue": 104800000, "grossProfit": 90200000, "grossProfitRatio": 0.4625641026, "researchAndDevelopmentExpenses": 0, "generalAndAdministrativeExpenses": 0, "sellingAndMarketingExpenses": 0, "sellingGeneralAndAdministrativeExpenses": 74200000, "otherExpenses": 7600000, "operatingExpenses": 81800000, "costAndExpenses": 186600000, "interestIncome": 0, "interestExpense": 0, "depreciationAndAmortization": 7600000, "ebitda": 24100000, "ebitdaratio": 0.1235897436, "operatingIncome": 8400000, "operatingIncomeRatio": 0.0430769231, "totalOtherIncomeExpensesNet": -8100000, "incomeBeforeTax": -1600000, "incomeBeforeTaxRatio": -0.0082051282, "incomeTaxExpense": 200000, "netIncome": -1800000, "netIncomeRatio": -0.0092307692, "eps": -0.19, "epsdiluted": -0.19, "weightedAverageShsOut": 9473684, "weightedAverageShsOutDil": 9473684, "link": "https://www.sec.gov/Archives/edgar/data/81362/000095015494000019/0000950154-94-000019-index.html", "finalLink": "https://www.sec.gov/Archives/edgar/data/81362/", "calculatedOtherExpenses": 7600000, "calculatedOperatingExpenses": 81800000, "calculatedNetInterest": 0, "calculatedOtherIncome": -10000000, "calculatedIncomeNonControlling": 0, "calculatedEbitda": 16000000}, {"date": "1992-12-31", "symbol": "KWR", "reportedCurrency": "USD", "cik": "0000081362", "fillingDate": "1992-12-31", "acceptedDate": "1992-12-31 00:00:00", "calendarYear": "1992", "period": "FY", "revenue": 212500000, "costOfRevenue": 111400000, "grossProfit": 101100000, "grossProfitRatio": 0.4757647059, "researchAndDevelopmentExpenses": 0, "generalAndAdministrativeExpenses": 0, "sellingAndMarketingExpenses": 0, "sellingGeneralAndAdministrativeExpenses": 77600000, "otherExpenses": 7800000, "operatingExpenses": 85400000, "costAndExpenses": 196800000, "interestIncome": 0, "interestExpense": 0, "depreciationAndAmortization": 7800000, "ebitda": 19700000, "ebitdaratio": 0.0927058824, "operatingIncome": 15700000, "operatingIncomeRatio": 0.0738823529, "totalOtherIncomeExpensesNet": 3800000, "incomeBeforeTax": 19000000, "incomeBeforeTaxRatio": 0.0894117647, "incomeTaxExpense": 6900000, "netIncome": 12100000, "netIncomeRatio": 0.0569411765, "eps": 1.33, "epsdiluted": 1.33, "weightedAverageShsOut": 9097744, "weightedAverageShsOutDil": 9097744, "link": null, "finalLink": null, "calculatedOtherExpenses": 7800000, "calculatedOperatingExpenses": 85400000, "calculatedNetInterest": 0, "calculatedOtherIncome": 3300000, "calculatedIncomeNonControlling": 0, "calculatedEbitda": 23500000}, {"date": "1991-12-31", "symbol": "KWR", "reportedCurrency": "USD", "cik": "0000081362", "fillingDate": "1991-12-31", "acceptedDate": "1991-12-31 00:00:00", "calendarYear": "1991", "period": "FY", "revenue": 191100000, "costOfRevenue": 102500000, "grossProfit": 88600000, "grossProfitRatio": 0.4636316065, "researchAndDevelopmentExpenses": 0, "generalAndAdministrativeExpenses": 0, "sellingAndMarketingExpenses": 0, "sellingGeneralAndAdministrativeExpenses": 69500000, "otherExpenses": 6700000, "operatingExpenses": 76200000, "costAndExpenses": 178700000, "interestIncome": 0, "interestExpense": 0, "depreciationAndAmortization": 6700000, "ebitda": 14100000, "ebitdaratio": 0.0737833595, "operatingIncome": 12400000, "operatingIncomeRatio": 0.0648874935, "totalOtherIncomeExpensesNet": 5000000, "incomeBeforeTax": 16900000, "incomeBeforeTaxRatio": 0.0884353741, "incomeTaxExpense": 6100000, "netIncome": 10800000, "netIncomeRatio": 0.0565149137, "eps": 1.2, "epsdiluted": 1.2, "weightedAverageShsOut": 9000000, "weightedAverageShsOutDil": 9000000, "link": null, "finalLink": null, "calculatedOtherExpenses": 6700000, "calculatedOperatingExpenses": 76200000, "calculatedNetInterest": 0, "calculatedOtherIncome": 4500000, "calculatedIncomeNonControlling": 0, "calculatedEbitda": 19100000}, {"date": "1990-12-31", "symbol": "KWR", "reportedCurrency": "USD", "cik": "0000081362", "fillingDate": "1990-12-31", "acceptedDate": "1990-12-31 00:00:00", "calendarYear": "1990", "period": "FY", "revenue": 201500000, "costOfRevenue": 106900000, "grossProfit": 94600000, "grossProfitRatio": 0.4694789082, "researchAndDevelopmentExpenses": 0, "generalAndAdministrativeExpenses": 0, "sellingAndMarketingExpenses": 0, "sellingGeneralAndAdministrativeExpenses": 70700000, "otherExpenses": 5900000, "operatingExpenses": 76600000, "costAndExpenses": 183500000, "interestIncome": 0, "interestExpense": 0, "depreciationAndAmortization": 5900000, "ebitda": 18700000, "ebitdaratio": 0.0928039702, "operatingIncome": 18000000, "operatingIncomeRatio": 0.0893300248, "totalOtherIncomeExpensesNet": 5200000, "incomeBeforeTax": 22600000, "incomeBeforeTaxRatio": 0.1121588089, "incomeTaxExpense": 8500000, "netIncome": 14100000, "netIncomeRatio": 0.0699751861, "eps": 1.51, "epsdiluted": 1.51, "weightedAverageShsOut": 9337748, "weightedAverageShsOutDil": 9337748, "link": null, "finalLink": null, "calculatedOtherExpenses": 5900000, "calculatedOperatingExpenses": 76600000, "calculatedNetInterest": 0, "calculatedOtherIncome": 4600000, "calculatedIncomeNonControlling": 0, "calculatedEbitda": 23900000}, {"date": "1989-12-31", "symbol": "KWR", "reportedCurrency": "USD", "cik": "0000081362", "fillingDate": "1989-12-31", "acceptedDate": "1989-12-31 00:00:00", "calendarYear": "1989", "period": "FY", "revenue": 181700000, "costOfRevenue": 98400000, "grossProfit": 83300000, "grossProfitRatio": 0.4584479912, "researchAndDevelopmentExpenses": 0, "generalAndAdministrativeExpenses": 0, "sellingAndMarketingExpenses": 0, "sellingGeneralAndAdministrativeExpenses": 63300000, "otherExpenses": 4800000, "operatingExpenses": 68100000, "costAndExpenses": 166500000, "interestIncome": 0, "interestExpense": 0, "depreciationAndAmortization": 4800000, "ebitda": 15000000, "ebitdaratio": 0.0825536599, "operatingIncome": 15200000, "operatingIncomeRatio": 0.0836543753, "totalOtherIncomeExpensesNet": 5000000, "incomeBeforeTax": 19600000, "incomeBeforeTaxRatio": 0.1078701156, "incomeTaxExpense": 6800000, "netIncome": 12800000, "netIncomeRatio": 0.0704457898, "eps": 1.35, "epsdiluted": 1.35, "weightedAverageShsOut": 9481481, "weightedAverageShsOutDil": 9481481, "link": null, "finalLink": null, "calculatedOtherExpenses": 4800000, "calculatedOperatingExpenses": 68100000, "calculatedNetInterest": 0, "calculatedOtherIncome": 4400000, "calculatedIncomeNonControlling": 0, "calculatedEbitda": 20000000}, {"date": "1988-12-31", "symbol": "KWR", "reportedCurrency": "USD", "cik": "0000081362", "fillingDate": "1988-12-31", "acceptedDate": "1988-12-31 00:00:00", "calendarYear": "1988", "period": "FY", "revenue": 168700000, "costOfRevenue": 91100000, "grossProfit": 77600000, "grossProfitRatio": 0.4599881446, "researchAndDevelopmentExpenses": 0, "generalAndAdministrativeExpenses": 0, "sellingAndMarketingExpenses": 0, "sellingGeneralAndAdministrativeExpenses": 57200000, "otherExpenses": 4500000, "operatingExpenses": 61700000, "costAndExpenses": 152800000, "interestIncome": 0, "interestExpense": 0, "depreciationAndAmortization": 4500000, "ebitda": 16900000, "ebitdaratio": 0.1001778305, "operatingIncome": 15900000, "operatingIncomeRatio": 0.0942501482, "totalOtherIncomeExpensesNet": 3500000, "incomeBeforeTax": 18900000, "incomeBeforeTaxRatio": 0.112033195, "incomeTaxExpense": 7200000, "netIncome": 11700000, "netIncomeRatio": 0.0693538826, "eps": 1.21, "epsdiluted": 1.21, "weightedAverageShsOut": 9669421, "weightedAverageShsOutDil": 9669421, "link": null, "finalLink": null, "calculatedOtherExpenses": 4500000, "calculatedOperatingExpenses": 61700000, "calculatedNetInterest": 0, "calculatedOtherIncome": 3000000, "calculatedIncomeNonControlling": 0, "calculatedEbitda": 20400000}, {"date": "1987-12-31", "symbol": "KWR", "reportedCurrency": "USD", "cik": "0000081362", "fillingDate": "1987-12-31", "acceptedDate": "1987-12-31 00:00:00", "calendarYear": "1987", "period": "FY", "revenue": 147600000, "costOfRevenue": 75200000, "grossProfit": 72400000, "grossProfitRatio": 0.4905149051, "researchAndDevelopmentExpenses": 0, "generalAndAdministrativeExpenses": 0, "sellingAndMarketingExpenses": 0, "sellingGeneralAndAdministrativeExpenses": 54300000, "otherExpenses": 4100000, "operatingExpenses": 58400000, "costAndExpenses": 133600000, "interestIncome": 0, "interestExpense": 0, "depreciationAndAmortization": 4100000, "ebitda": 14300000, "ebitdaratio": 0.0968834688, "operatingIncome": 14000000, "operatingIncomeRatio": 0.0948509485, "totalOtherIncomeExpensesNet": 3800000, "incomeBeforeTax": 17500000, "incomeBeforeTaxRatio": 0.1185636856, "incomeTaxExpense": 7100000, "netIncome": 10400000, "netIncomeRatio": 0.0704607046, "eps": 1.05, "epsdiluted": 1.05, "weightedAverageShsOut": 9904762, "weightedAverageShsOutDil": 9904762, "link": null, "finalLink": null, "calculatedOtherExpenses": 4100000, "calculatedOperatingExpenses": 58400000, "calculatedNetInterest": 0, "calculatedOtherIncome": 3500000, "calculatedIncomeNonControlling": 0, "calculatedEbitda": 18100000}, {"date": "1986-12-31", "symbol": "KWR", "reportedCurrency": "USD", "cik": "0000081362", "fillingDate": "1986-12-31", "acceptedDate": "1986-12-31 00:00:00", "calendarYear": "1986", "period": "FY", "revenue": 128100000, "costOfRevenue": 67300000, "grossProfit": 60800000, "grossProfitRatio": 0.4746291959, "researchAndDevelopmentExpenses": 0, "generalAndAdministrativeExpenses": 0, "sellingAndMarketingExpenses": 0, "sellingGeneralAndAdministrativeExpenses": 46700000, "otherExpenses": 3100000, "operatingExpenses": 49800000, "costAndExpenses": 117100000, "interestIncome": 0, "interestExpense": 0, "depreciationAndAmortization": 3100000, "ebitda": 10800000, "ebitdaratio": 0.0843091335, "operatingIncome": 11000000, "operatingIncomeRatio": 0.0858704137, "totalOtherIncomeExpensesNet": 3300000, "incomeBeforeTax": 14100000, "incomeBeforeTaxRatio": 0.1100702576, "incomeTaxExpense": 5600000, "netIncome": 8500000, "netIncomeRatio": 0.0663544106, "eps": 0.84, "epsdiluted": 0.84, "weightedAverageShsOut": 10119048, "weightedAverageShsOutDil": 10119048, "link": null, "finalLink": null, "calculatedOtherExpenses": 3100000, "calculatedOperatingExpenses": 49800000, "calculatedNetInterest": 0, "calculatedOtherIncome": 3100000, "calculatedIncomeNonControlling": 0, "calculatedEbitda": 14100000}, {"date": "1985-12-31", "symbol": "KWR", "reportedCurrency": "USD", "cik": "0000081362", "fillingDate": "1985-12-31", "acceptedDate": "1985-12-31 00:00:00", "calendarYear": "1985", "period": "FY", "revenue": 122700000, "costOfRevenue": 70800000, "grossProfit": 51900000, "grossProfitRatio": 0.4229828851, "researchAndDevelopmentExpenses": 0, "generalAndAdministrativeExpenses": 0, "sellingAndMarketingExpenses": 0, "sellingGeneralAndAdministrativeExpenses": 39500000, "otherExpenses": 2600000, "operatingExpenses": 42100000, "costAndExpenses": 112900000, "interestIncome": 0, "interestExpense": 0, "depreciationAndAmortization": 2600000, "ebitda": 9200000, "ebitdaratio": 0.0749796251, "operatingIncome": 9800000, "operatingIncomeRatio": 0.0798696007, "totalOtherIncomeExpensesNet": 3200000, "incomeBeforeTax": 12900000, "incomeBeforeTaxRatio": 0.1051344743, "incomeTaxExpense": 5300000, "netIncome": 7600000, "netIncomeRatio": 0.0619396903, "eps": 0.73, "epsdiluted": 0.73, "weightedAverageShsOut": 10410959, "weightedAverageShsOutDil": 10410959, "link": null, "finalLink": null, "calculatedOtherExpenses": 2600000, "calculatedOperatingExpenses": 42100000, "calculatedNetInterest": 0, "calculatedOtherIncome": 3100000, "calculatedIncomeNonControlling": 0, "calculatedEbitda": 12400000}]}