{"originalCurrency": "USD", "convertedCurrency": "USD", "report": [{"date": "2023-12-31", "symbol": "LAD", "reportedCurrency": "USD", "cik": "0001023128", "fillingDate": "2024-02-23", "acceptedDate": "2024-02-23 17:14:27", "calendarYear": "2023", "period": "FY", "revenue": 31042300000, "costOfRevenue": 26009200000, "grossProfit": 5033100000, "grossProfitRatio": 0.1621368262, "researchAndDevelopmentExpenses": 0, "generalAndAdministrativeExpenses": 3080700000, "sellingAndMarketingExpenses": 248200000, "sellingGeneralAndAdministrativeExpenses": 3290800000, "otherExpenses": 22000000, "operatingExpenses": 3290800000, "costAndExpenses": 29300000000, "interestIncome": 0, "interestExpense": 352100000, "depreciationAndAmortization": 195800000, "ebitda": 1938100000, "ebitdaratio": 0.0624341624, "operatingIncome": 1742300000, "operatingIncomeRatio": 0.0561266401, "totalOtherIncomeExpensesNet": -380000000, "incomeBeforeTax": 1362300000, "incomeBeforeTaxRatio": 0.0438852791, "incomeTaxExpense": 350600000, "netIncome": 1000800000, "netIncomeRatio": 0.0322398791, "eps": 36.39, "epsdiluted": 36.26, "weightedAverageShsOut": 27500000, "weightedAverageShsOutDil": 27600000, "link": "https://www.sec.gov/Archives/edgar/data/1023128/000102312824000032/0001023128-24-000032-index.htm", "finalLink": "https://www.sec.gov/Archives/edgar/data/1023128/000102312824000032/lad-20231231.htm", "calculatedOtherExpenses": 0, "calculatedOperatingExpenses": 3290800000, "calculatedNetInterest": -352100000, "calculatedOtherIncome": -27900000, "calculatedIncomeNonControlling": 10900000, "calculatedEbitda": 1938100000}, {"date": "2022-12-31", "symbol": "LAD", "reportedCurrency": "USD", "cik": "0001023128", "fillingDate": "2023-02-24", "acceptedDate": "2023-02-24 16:09:42", "calendarYear": "2022", "period": "FY", "revenue": 28231500000, "costOfRevenue": 23079100000, "grossProfit": 5152400000, "grossProfitRatio": 0.1825053575, "researchAndDevelopmentExpenses": 0, "generalAndAdministrativeExpenses": 2856500000, "sellingAndMarketingExpenses": 253600000, "sellingGeneralAndAdministrativeExpenses": 3044100000, "otherExpenses": 167200000, "operatingExpenses": 3211300000, "costAndExpenses": 26290400000, "interestIncome": 167900000, "interestExpense": 167900000, "depreciationAndAmortization": 120000000, "ebitda": 2061100000, "ebitdaratio": 0.073007102, "operatingIncome": 1941100000, "operatingIncomeRatio": 0.0687565308, "totalOtherIncomeExpensesNet": -211100000, "incomeBeforeTax": 1730000000, "incomeBeforeTaxRatio": 0.0612790677, "incomeTaxExpense": 468400000, "netIncome": 1251000000, "netIncomeRatio": 0.0443122045, "eps": 44.36, "epsdiluted": 44.2, "weightedAverageShsOut": 28200000, "weightedAverageShsOutDil": 28300000, "link": "https://www.sec.gov/Archives/edgar/data/1023128/000102312823000053/0001023128-23-000053-index.htm", "finalLink": "https://www.sec.gov/Archives/edgar/data/1023128/000102312823000053/lad-20221231.htm", "calculatedOtherExpenses": 167200000, "calculatedOperatingExpenses": 3211300000, "calculatedNetInterest": 0, "calculatedOtherIncome": -211100000, "calculatedIncomeNonControlling": 10600000, "calculatedEbitda": 2061100000}, {"date": "2021-12-31", "symbol": "LAD", "reportedCurrency": "USD", "cik": "0001023128", "fillingDate": "2022-02-18", "acceptedDate": "2022-02-18 16:18:52", "calendarYear": "2021", "period": "FY", "revenue": 22831700000, "costOfRevenue": 18572700000, "grossProfit": 4259000000, "grossProfitRatio": 0.1865388911, "researchAndDevelopmentExpenses": 0, "generalAndAdministrativeExpenses": 2302000000, "sellingAndMarketingExpenses": 162200000, "sellingGeneralAndAdministrativeExpenses": 2461900000, "otherExpenses": 127300000, "operatingExpenses": 2589200000, "costAndExpenses": 21161900000, "interestIncome": 11000000, "interestExpense": 130500000, "depreciationAndAmortization": 76600000, "ebitda": 1744500000, "ebitdaratio": 0.0764069255, "operatingIncome": 1667900000, "operatingIncomeRatio": 0.0730519409, "totalOtherIncomeExpensesNet": -183100000, "incomeBeforeTax": 1484800000, "incomeBeforeTaxRatio": 0.0650323892, "incomeTaxExpense": 422100000, "netIncome": 1060100000, "netIncomeRatio": 0.0464310586, "eps": 36.81, "epsdiluted": 36.56, "weightedAverageShsOut": 28800000, "weightedAverageShsOutDil": 29000000, "link": "https://www.sec.gov/Archives/edgar/data/1023128/000102312822000042/0001023128-22-000042-index.htm", "finalLink": "https://www.sec.gov/Archives/edgar/data/1023128/000102312822000042/lad-20211231.htm", "calculatedOtherExpenses": 129200000, "calculatedOperatingExpenses": 2591100000, "calculatedNetInterest": -119500000, "calculatedOtherIncome": -63600000, "calculatedIncomeNonControlling": 2600000, "calculatedEbitda": 1744500000}, {"date": "2020-12-31", "symbol": "LAD", "reportedCurrency": "USD", "cik": "0001023128", "fillingDate": "2021-02-19", "acceptedDate": "2021-02-19 16:48:52", "calendarYear": "2020", "period": "FY", "revenue": 13124300000, "costOfRevenue": 10898700000, "grossProfit": 2225600000, "grossProfitRatio": 0.169578568, "researchAndDevelopmentExpenses": 0, "generalAndAdministrativeExpenses": 1349100000, "sellingAndMarketingExpenses": 97400000, "sellingGeneralAndAdministrativeExpenses": 1428300000, "otherExpenses": 92300000, "operatingExpenses": 1520600000, "costAndExpenses": 12419300000, "interestIncome": 6500000, "interestExpense": 107500000, "depreciationAndAmortization": 188100000, "ebitda": 885200000, "ebitdaratio": 0.0674474067, "operatingIncome": 697100000, "operatingIncomeRatio": 0.0531152138, "totalOtherIncomeExpensesNet": -48600000, "incomeBeforeTax": 648500000, "incomeBeforeTaxRatio": 0.0494121591, "incomeTaxExpense": 178200000, "netIncome": 470300000, "netIncomeRatio": 0.0358342921, "eps": 19.76, "epsdiluted": 19.51, "weightedAverageShsOut": 23800000, "weightedAverageShsOutDil": 24100000, "link": "https://www.sec.gov/Archives/edgar/data/1023128/000102312821000022/0001023128-21-000022-index.htm", "finalLink": "https://www.sec.gov/Archives/edgar/data/1023128/000102312821000022/lad-20201231.htm", "calculatedOtherExpenses": 100200000, "calculatedOperatingExpenses": 1528500000, "calculatedNetInterest": -101000000, "calculatedOtherIncome": 52400000, "calculatedIncomeNonControlling": 0, "calculatedEbitda": 885200000}, {"date": "2019-12-31", "symbol": "LAD", "reportedCurrency": "USD", "cik": "0001023128", "fillingDate": "2020-02-21", "acceptedDate": "2020-02-21 16:42:23", "calendarYear": "2019", "period": "FY", "revenue": 12672700000, "costOfRevenue": 10719000000, "grossProfit": 1953700000, "grossProfitRatio": 0.154166042, "researchAndDevelopmentExpenses": 0, "generalAndAdministrativeExpenses": 1373800000, "sellingAndMarketingExpenses": 111900000, "sellingGeneralAndAdministrativeExpenses": 1373800000, "otherExpenses": 82400000, "operatingExpenses": 1456200000, "costAndExpenses": 12175200000, "interestIncome": 133400000, "interestExpense": 133400000, "depreciationAndAmortization": 98800000, "ebitda": 593800000, "ebitdaratio": 0.0468566288, "operatingIncome": 495000000, "operatingIncomeRatio": 0.0390603423, "totalOtherIncomeExpensesNet": -119600000, "incomeBeforeTax": 375400000, "incomeBeforeTaxRatio": 0.0296227323, "incomeTaxExpense": 103900000, "netIncome": 271500000, "netIncomeRatio": 0.0214240059, "eps": 11.7, "epsdiluted": 11.6, "weightedAverageShsOut": 23200000, "weightedAverageShsOutDil": 23400000, "link": "https://www.sec.gov/Archives/edgar/data/1023128/000102312820000018/0001023128-20-000018-index.htm", "finalLink": "https://www.sec.gov/Archives/edgar/data/1023128/000102312820000018/lad2019-q4_10k.htm", "calculatedOtherExpenses": 84900000, "calculatedOperatingExpenses": 1458700000, "calculatedNetInterest": 0, "calculatedOtherIncome": -119600000, "calculatedIncomeNonControlling": 0, "calculatedEbitda": 593800000}, {"date": "2018-12-31", "symbol": "LAD", "reportedCurrency": "USD", "cik": "0001023128", "fillingDate": "2019-02-25", "acceptedDate": "2019-02-22 17:46:29", "calendarYear": "2018", "period": "FY", "revenue": 11821400000, "costOfRevenue": 10044400000, "grossProfit": 1777000000, "grossProfitRatio": 0.150320605, "researchAndDevelopmentExpenses": 0, "generalAndAdministrativeExpenses": 1253300000, "sellingAndMarketingExpenses": 108700000, "sellingGeneralAndAdministrativeExpenses": 1253300000, "otherExpenses": 8800000, "operatingExpenses": 1328700000, "costAndExpenses": 11373100000, "interestIncome": 0, "interestExpense": 118300000, "depreciationAndAmortization": 75400000, "ebitda": 532500000, "ebitdaratio": 0.0450454261, "operatingIncome": 447000000, "operatingIncomeRatio": 0.0378127802, "totalOtherIncomeExpensesNet": 7500000, "incomeBeforeTax": 337500000, "incomeBeforeTaxRatio": 0.0285499179, "incomeTaxExpense": 71800000, "netIncome": 265700000, "netIncomeRatio": 0.0224761873, "eps": 10.89, "epsdiluted": 10.84, "weightedAverageShsOut": 24400000, "weightedAverageShsOutDil": 24500000, "link": "https://www.sec.gov/Archives/edgar/data/1023128/000102312819000042/0001023128-19-000042-index.htm", "finalLink": "https://www.sec.gov/Archives/edgar/data/1023128/000102312819000042/lad2018q4-10k.htm", "calculatedOtherExpenses": 76700000, "calculatedOperatingExpenses": 1330000000, "calculatedNetInterest": -118300000, "calculatedOtherIncome": 8800000, "calculatedIncomeNonControlling": 0, "calculatedEbitda": 522400000}, {"date": "2017-12-31", "symbol": "LAD", "reportedCurrency": "USD", "cik": "0001023128", "fillingDate": "2018-02-23", "acceptedDate": "2018-02-23 16:12:33", "calendarYear": "2017", "period": "FY", "revenue": 10086510000, "costOfRevenue": 8570424000, "grossProfit": 1516086000, "grossProfitRatio": 0.150308283, "researchAndDevelopmentExpenses": 0, "generalAndAdministrativeExpenses": 956066000, "sellingAndMarketingExpenses": 93312000, "sellingGeneralAndAdministrativeExpenses": 1049378000, "otherExpenses": 12195000, "operatingExpenses": 1107100000, "costAndExpenses": 9677524000, "interestIncome": 0, "interestExpense": 74112000, "depreciationAndAmortization": 57722000, "ebitda": 478903000, "ebitdaratio": 0.0474795544, "operatingIncome": 408986000, "operatingIncomeRatio": 0.0405478208, "totalOtherIncomeExpensesNet": 12195000, "incomeBeforeTax": 347069000, "incomeBeforeTaxRatio": 0.0344092258, "incomeTaxExpense": 101852000, "netIncome": 245217000, "netIncomeRatio": 0.0243113822, "eps": 9.78, "epsdiluted": 9.75, "weightedAverageShsOut": 25065000, "weightedAverageShsOutDil": 25100000, "link": "https://www.sec.gov/Archives/edgar/data/1023128/000102312818000020/0001023128-18-000020-index.htm", "finalLink": "https://www.sec.gov/Archives/edgar/data/1023128/000102312818000020/lad2017q410k.htm", "calculatedOtherExpenses": 57722000, "calculatedOperatingExpenses": 1107100000, "calculatedNetInterest": -74112000, "calculatedOtherIncome": 12195000, "calculatedIncomeNonControlling": 0, "calculatedEbitda": 466708000}, {"date": "2016-12-31", "symbol": "LAD", "reportedCurrency": "USD", "cik": "0001023128", "fillingDate": "2017-02-28", "acceptedDate": "2017-02-28 16:53:36", "calendarYear": "2016", "period": "FY", "revenue": 8678157000, "costOfRevenue": 7376842000, "grossProfit": 1301315000, "grossProfitRatio": 0.149952922, "researchAndDevelopmentExpenses": 0, "generalAndAdministrativeExpenses": 899590000, "sellingAndMarketingExpenses": 81363000, "sellingGeneralAndAdministrativeExpenses": 899590000, "otherExpenses": -6103000, "operatingExpenses": 948959000, "costAndExpenses": 8325801000, "interestIncome": 0, "interestExpense": 48738000, "depreciationAndAmortization": 49369000, "ebitda": 395622000, "ebitdaratio": 0.0455882511, "operatingIncome": 338364000, "operatingIncomeRatio": 0.0389903064, "totalOtherIncomeExpensesNet": -20095000, "incomeBeforeTax": 283523000, "incomeBeforeTaxRatio": 0.032670877, "incomeTaxExpense": 86465000, "netIncome": 197058000, "netIncomeRatio": 0.022707356, "eps": 7.84, "epsdiluted": 7.72, "weightedAverageShsOut": 25144000, "weightedAverageShsOutDil": 25521000, "link": "https://www.sec.gov/Archives/edgar/data/1023128/000143774917003434/0001437749-17-003434-index.htm", "finalLink": "https://www.sec.gov/Archives/edgar/data/1023128/000143774917003434/lad20161231_10k.htm", "calculatedOtherExpenses": 63361000, "calculatedOperatingExpenses": 962951000, "calculatedNetInterest": -48738000, "calculatedOtherIncome": -6103000, "calculatedIncomeNonControlling": 0, "calculatedEbitda": 387733000}, {"date": "2015-12-31", "symbol": "LAD", "reportedCurrency": "USD", "cik": "0001023128", "fillingDate": "2016-02-26", "acceptedDate": "2016-02-26 17:24:52", "calendarYear": "2015", "period": "FY", "revenue": 7864252000, "costOfRevenue": 6688618000, "grossProfit": 1175634000, "grossProfitRatio": 0.1494908861, "researchAndDevelopmentExpenses": 0, "generalAndAdministrativeExpenses": 741576000, "sellingAndMarketingExpenses": 69599000, "sellingGeneralAndAdministrativeExpenses": 811175000, "otherExpenses": -1006000, "operatingExpenses": 852775000, "costAndExpenses": 7541393000, "interestIncome": 0, "interestExpense": 39025000, "depreciationAndAmortization": 41600000, "ebitda": 363453000, "ebitdaratio": 0.0462158385, "operatingIncome": 302735000, "operatingIncomeRatio": 0.0384950787, "totalOtherIncomeExpensesNet": -21130000, "incomeBeforeTax": 262704000, "incomeBeforeTaxRatio": 0.0334048299, "incomeTaxExpense": 79705000, "netIncome": 182999000, "netIncomeRatio": 0.0232697274, "eps": 6.96, "epsdiluted": 6.91, "weightedAverageShsOut": 26290000, "weightedAverageShsOutDil": 26490000, "link": "https://www.sec.gov/Archives/edgar/data/1023128/000143774916026190/0001437749-16-026190-index.htm", "finalLink": "https://www.sec.gov/Archives/edgar/data/1023128/000143774916026190/lad20151119_10k.htm", "calculatedOtherExpenses": 61724000, "calculatedOperatingExpenses": 872899000, "calculatedNetInterest": -39025000, "calculatedOtherIncome": -1006000, "calculatedIncomeNonControlling": 0, "calculatedEbitda": 344335000}, {"date": "2014-12-31", "symbol": "LAD", "reportedCurrency": "USD", "cik": "0001023128", "fillingDate": "2015-03-02", "acceptedDate": "2015-03-02 16:18:51", "calendarYear": "2014", "period": "FY", "revenue": 5390326000, "costOfRevenue": 4567004000, "grossProfit": 823322000, "grossProfitRatio": 0.1527406691, "researchAndDevelopmentExpenses": 0, "generalAndAdministrativeExpenses": 516555000, "sellingAndMarketingExpenses": 46652000, "sellingGeneralAndAdministrativeExpenses": 563207000, "otherExpenses": 3199000, "operatingExpenses": 589570000, "costAndExpenses": 5156574000, "interestIncome": 0, "interestExpense": 24603000, "depreciationAndAmortization": 26363000, "ebitda": 263314000, "ebitdaratio": 0.0488493646, "operatingIncome": 231899000, "operatingIncomeRatio": 0.0430213312, "totalOtherIncomeExpensesNet": 1346000, "incomeBeforeTax": 210495000, "incomeBeforeTaxRatio": 0.0390505138, "incomeTaxExpense": 74955000, "netIncome": 138720000, "netIncomeRatio": 0.0257349927, "eps": 5.31, "epsdiluted": 5.26, "weightedAverageShsOut": 26121000, "weightedAverageShsOutDil": 26382000, "link": "https://www.sec.gov/Archives/edgar/data/1023128/000143774915003826/0001437749-15-003826-index.htm", "finalLink": "https://www.sec.gov/Archives/edgar/data/1023128/000143774915003826/lad20141231_10k.htm", "calculatedOtherExpenses": 28216000, "calculatedOperatingExpenses": 591423000, "calculatedNetInterest": -24603000, "calculatedOtherIncome": 3199000, "calculatedIncomeNonControlling": -3180000, "calculatedEbitda": 258262000}, {"date": "2013-12-31", "symbol": "LAD", "reportedCurrency": "USD", "cik": "0001023128", "fillingDate": "2014-02-21", "acceptedDate": "2014-02-21 14:56:23", "calendarYear": "2013", "period": "FY", "revenue": 4005749000, "costOfRevenue": 3374796000, "grossProfit": 630953000, "grossProfitRatio": 0.1575118661, "researchAndDevelopmentExpenses": 0, "generalAndAdministrativeExpenses": 387802000, "sellingAndMarketingExpenses": 39598000, "sellingGeneralAndAdministrativeExpenses": 427400000, "otherExpenses": 2993000, "operatingExpenses": 447435000, "costAndExpenses": 3822231000, "interestIncome": 0, "interestExpense": 20723000, "depreciationAndAmortization": 20035000, "ebitda": 206546000, "ebitdaratio": 0.051562392, "operatingIncome": 183518000, "operatingIncomeRatio": 0.0458136543, "totalOtherIncomeExpensesNet": 2993000, "incomeBeforeTax": 165788000, "incomeBeforeTaxRatio": 0.0413875158, "incomeTaxExpense": 60574000, "netIncome": 106000000, "netIncomeRatio": 0.0264619675, "eps": 4.11, "epsdiluted": 4.05, "weightedAverageShsOut": 25805000, "weightedAverageShsOutDil": 26191000, "link": "https://www.sec.gov/Archives/edgar/data/1023128/000143774914002586/0001437749-14-002586-index.htm", "finalLink": "https://www.sec.gov/Archives/edgar/data/1023128/000143774914002586/lad20131231_10k.htm", "calculatedOtherExpenses": 20035000, "calculatedOperatingExpenses": 447435000, "calculatedNetInterest": -20723000, "calculatedOtherIncome": 2993000, "calculatedIncomeNonControlling": -786000, "calculatedEbitda": 203553000}, {"date": "2012-12-31", "symbol": "LAD", "reportedCurrency": "USD", "cik": "0001023128", "fillingDate": "2013-02-22", "acceptedDate": "2013-02-22 16:28:36", "calendarYear": "2012", "period": "FY", "revenue": 3316487000, "costOfRevenue": 2777187000, "grossProfit": 539300000, "grossProfitRatio": 0.1626118239, "researchAndDevelopmentExpenses": 0, "generalAndAdministrativeExpenses": 341775000, "sellingAndMarketingExpenses": 31913000, "sellingGeneralAndAdministrativeExpenses": 373688000, "otherExpenses": 2525000, "operatingExpenses": 390816000, "costAndExpenses": 3168003000, "interestIncome": 0, "interestExpense": 22437000, "depreciationAndAmortization": 17314000, "ebitda": 168323000, "ebitdaratio": 0.0507534026, "operatingIncome": 148369000, "operatingIncomeRatio": 0.0447367953, "totalOtherIncomeExpensesNet": 2410000, "incomeBeforeTax": 128457000, "incomeBeforeTaxRatio": 0.038732852, "incomeTaxExpense": 49062000, "netIncome": 80362000, "netIncomeRatio": 0.0242310614, "eps": 3.13, "epsdiluted": 3.07, "weightedAverageShsOut": 25696000, "weightedAverageShsOutDil": 26170000, "link": "https://www.sec.gov/Archives/edgar/data/1023128/000143774913001877/0001437749-13-001877-index.htm", "finalLink": "https://www.sec.gov/Archives/edgar/data/1023128/000143774913001877/lithia_10k-123112.htm", "calculatedOtherExpenses": 17243000, "calculatedOperatingExpenses": 390931000, "calculatedNetInterest": -22437000, "calculatedOtherIncome": 2525000, "calculatedIncomeNonControlling": -967000, "calculatedEbitda": 165683000}, {"date": "2011-12-31", "symbol": "LAD", "reportedCurrency": "USD", "cik": "0001023128", "fillingDate": "2012-02-24", "acceptedDate": "2012-02-24 15:37:56", "calendarYear": "2011", "period": "FY", "revenue": 2699360000, "costOfRevenue": 2241822000, "grossProfit": 457538000, "grossProfitRatio": 0.169498696, "researchAndDevelopmentExpenses": 0, "generalAndAdministrativeExpenses": 327545000, "sellingAndMarketingExpenses": 0, "sellingGeneralAndAdministrativeExpenses": 327545000, "otherExpenses": 16626000, "operatingExpenses": 344171000, "costAndExpenses": 2585993000, "interestIncome": 0, "interestExpense": 23512000, "depreciationAndAmortization": 16948000, "ebitda": 130315000, "ebitdaratio": 0.0482762581, "operatingIncome": 111991000, "operatingIncomeRatio": 0.0414879823, "totalOtherIncomeExpensesNet": -680000, "incomeBeforeTax": 89175000, "incomeBeforeTaxRatio": 0.0330356084, "incomeTaxExpense": 33408000, "netIncome": 58860000, "netIncomeRatio": 0.0218051686, "eps": 2.24, "epsdiluted": 2.21, "weightedAverageShsOut": 26230000, "weightedAverageShsOutDil": 26664000, "link": "https://www.sec.gov/Archives/edgar/data/1023128/000143774912001733/0001437749-12-001733-index.htm", "finalLink": "https://www.sec.gov/Archives/edgar/data/1023128/000143774912001733/lithia_10k-123111.htm", "calculatedOtherExpenses": 18002000, "calculatedOperatingExpenses": 345547000, "calculatedNetInterest": -23512000, "calculatedOtherIncome": 696000, "calculatedIncomeNonControlling": -3093000, "calculatedEbitda": 128939000}, {"date": "2010-12-31", "symbol": "LAD", "reportedCurrency": "USD", "cik": "0001023128", "fillingDate": "2011-03-07", "acceptedDate": "2011-03-07 17:13:51", "calendarYear": "2010", "period": "FY", "revenue": 2131598000, "costOfRevenue": 1750168000, "grossProfit": 381430000, "grossProfitRatio": 0.1789408697, "researchAndDevelopmentExpenses": 0, "generalAndAdministrativeExpenses": 300612000, "sellingAndMarketingExpenses": 0, "sellingGeneralAndAdministrativeExpenses": 300612000, "otherExpenses": 17577000, "operatingExpenses": 318189000, "costAndExpenses": 2068357000, "interestIncome": 0, "interestExpense": 25169000, "depreciationAndAmortization": 17586000, "ebitda": 80827000, "ebitdaratio": 0.0379185006, "operatingIncome": 47940000, "operatingIncomeRatio": 0.0224901693, "totalOtherIncomeExpensesNet": -14879000, "incomeBeforeTax": 23193000, "incomeBeforeTaxRatio": 0.0108805694, "incomeTaxExpense": 9093000, "netIncome": 13719000, "netIncomeRatio": 0.0064360165, "eps": 0.52, "epsdiluted": 0.52, "weightedAverageShsOut": 26285000, "weightedAverageShsOutDil": 26285000, "link": "https://www.sec.gov/Archives/edgar/data/1023128/000119312511057831/0001193125-11-057831-index.htm", "finalLink": "https://www.sec.gov/Archives/edgar/data/1023128/000119312511057831/d10k.htm", "calculatedOtherExpenses": 32878000, "calculatedOperatingExpenses": 333490000, "calculatedNetInterest": -25169000, "calculatedOtherIncome": 422000, "calculatedIncomeNonControlling": 381000, "calculatedEbitda": 65526000}, {"date": "2009-12-31", "symbol": "LAD", "reportedCurrency": "USD", "cik": "0001023128", "fillingDate": "2010-03-03", "acceptedDate": "2010-03-03 17:21:07", "calendarYear": "2009", "period": "FY", "revenue": 1749315000, "costOfRevenue": 1419696000, "grossProfit": 329619000, "grossProfitRatio": 0.1884274702, "researchAndDevelopmentExpenses": 0, "generalAndAdministrativeExpenses": 270245000, "sellingAndMarketingExpenses": 0, "sellingGeneralAndAdministrativeExpenses": 270245000, "otherExpenses": 18248000, "operatingExpenses": 288493000, "costAndExpenses": 1708189000, "interestIncome": 0, "interestExpense": 24941000, "depreciationAndAmortization": 18248000, "ebitda": 59374000, "ebitdaratio": 0.0339412856, "operatingIncome": 34150000, "operatingIncomeRatio": 0.0195219272, "totalOtherIncomeExpensesNet": -5482000, "incomeBeforeTax": 10703000, "incomeBeforeTaxRatio": 0.0061183949, "incomeTaxExpense": 4639000, "netIncome": 9151000, "netIncomeRatio": 0.0052311905, "eps": 0.35, "epsdiluted": 0.35, "weightedAverageShsOut": 21000000, "weightedAverageShsOutDil": 22176000, "link": "https://www.sec.gov/Archives/edgar/data/1023128/000119312510046988/0001193125-10-046988-index.htm", "finalLink": "https://www.sec.gov/Archives/edgar/data/1023128/000119312510046988/d10k.htm", "calculatedOtherExpenses": 25224000, "calculatedOperatingExpenses": 295469000, "calculatedNetInterest": -24941000, "calculatedOtherIncome": 1494000, "calculatedIncomeNonControlling": -3087000, "calculatedEbitda": 52398000}, {"date": "2008-12-31", "symbol": "LAD", "reportedCurrency": "USD", "cik": "0001023128", "fillingDate": "2009-03-16", "acceptedDate": "2009-03-16 16:08:47", "calendarYear": "2008", "period": "FY", "revenue": 2137804000, "costOfRevenue": 1767760000, "grossProfit": 370044000, "grossProfitRatio": 0.173095382, "researchAndDevelopmentExpenses": 0, "generalAndAdministrativeExpenses": 316183000, "sellingAndMarketingExpenses": 0, "sellingGeneralAndAdministrativeExpenses": 316183000, "otherExpenses": 313637000, "operatingExpenses": 629820000, "costAndExpenses": 2397580000, "interestIncome": 0, "interestExpense": -20398000, "depreciationAndAmortization": 17732000, "ebitda": 47188000, "ebitdaratio": 0.022073118, "operatingIncome": -259776000, "operatingIncomeRatio": -0.1215153494, "totalOtherIncomeExpensesNet": -289232000, "incomeBeforeTax": -290851000, "incomeBeforeTaxRatio": -0.1360512938, "incomeTaxExpense": -91703000, "netIncome": -252586000, "netIncomeRatio": -0.118152085, "eps": -12.51, "epsdiluted": -12.51, "weightedAverageShsOut": 20195000, "weightedAverageShsOutDil": 20195000, "link": "https://www.sec.gov/Archives/edgar/data/1023128/000119312509055395/0001193125-09-055395-index.htm", "finalLink": "https://www.sec.gov/Archives/edgar/data/1023128/000119312509055395/d10k.htm", "calculatedOtherExpenses": 313637000, "calculatedOperatingExpenses": 629820000, "calculatedNetInterest": 20398000, "calculatedOtherIncome": -51473000, "calculatedIncomeNonControlling": 53438000, "calculatedEbitda": -242044000}, {"date": "2007-12-31", "symbol": "LAD", "reportedCurrency": "USD", "cik": "0001023128", "fillingDate": "2008-04-11", "acceptedDate": "2008-04-10 19:07:45", "calendarYear": "2007", "period": "FY", "revenue": 3219001000, "costOfRevenue": 2674349000, "grossProfit": 544652000, "grossProfitRatio": 0.1691990776, "researchAndDevelopmentExpenses": 0, "generalAndAdministrativeExpenses": 430343000, "sellingAndMarketingExpenses": 0, "sellingGeneralAndAdministrativeExpenses": 430343000, "otherExpenses": 20882000, "operatingExpenses": 451225000, "costAndExpenses": 3125574000, "interestIncome": 0, "interestExpense": -30879000, "depreciationAndAmortization": 21342000, "ebitda": 113981000, "ebitdaratio": 0.0354088116, "operatingIncome": 93427000, "operatingIncomeRatio": 0.0290236008, "totalOtherIncomeExpensesNet": 788000, "incomeBeforeTax": 43393000, "incomeBeforeTaxRatio": 0.0134802692, "incomeTaxExpense": 17409000, "netIncome": 21549000, "netIncomeRatio": 0.0066943129, "eps": 1.1, "epsdiluted": 1.06, "weightedAverageShsOut": 19530000, "weightedAverageShsOutDil": 22082000, "link": "https://www.sec.gov/Archives/edgar/data/1023128/000119312508079184/0001193125-08-079184-index.htm", "finalLink": "https://www.sec.gov/Archives/edgar/data/1023128/000119312508079184/d10k.htm", "calculatedOtherExpenses": 20882000, "calculatedOperatingExpenses": 451225000, "calculatedNetInterest": 30879000, "calculatedOtherIncome": -80913000, "calculatedIncomeNonControlling": 4435000, "calculatedEbitda": 114769000}, {"date": "2006-12-31", "symbol": "LAD", "reportedCurrency": "USD", "cik": "0001023128", "fillingDate": "2007-03-09", "acceptedDate": "2007-03-09 17:16:50", "calendarYear": "2006", "period": "FY", "revenue": 3172894000, "costOfRevenue": 2634417000, "grossProfit": 538477000, "grossProfitRatio": 0.169711626, "researchAndDevelopmentExpenses": 0, "generalAndAdministrativeExpenses": 406569000, "sellingAndMarketingExpenses": 0, "sellingGeneralAndAdministrativeExpenses": 406569000, "otherExpenses": 17071000, "operatingExpenses": 423640000, "costAndExpenses": 3058057000, "interestIncome": 0, "interestExpense": -34636000, "depreciationAndAmortization": 17468000, "ebitda": 131347000, "ebitdaratio": 0.0413965925, "operatingIncome": 114837000, "operatingIncomeRatio": 0.036193141, "totalOtherIncomeExpensesNet": 958000, "incomeBeforeTax": 65706000, "incomeBeforeTaxRatio": 0.0207085393, "incomeTaxExpense": 25369000, "netIncome": 37304000, "netIncomeRatio": 0.0117570899, "eps": 1.91, "epsdiluted": 1.77, "weightedAverageShsOut": 19485000, "weightedAverageShsOutDil": 22102000, "link": "https://www.sec.gov/Archives/edgar/data/1023128/000110465907017852/0001104659-07-017852-index.htm", "finalLink": "https://www.sec.gov/Archives/edgar/data/1023128/000110465907017852/a07-5732_110k.htm", "calculatedOtherExpenses": 17071000, "calculatedOperatingExpenses": 423640000, "calculatedNetInterest": 34636000, "calculatedOtherIncome": -83767000, "calculatedIncomeNonControlling": 3033000, "calculatedEbitda": 132305000}, {"date": "2005-12-31", "symbol": "LAD", "reportedCurrency": "USD", "cik": "0001023128", "fillingDate": "2006-03-08", "acceptedDate": "2006-03-08 16:31:55", "calendarYear": "2005", "period": "FY", "revenue": 2935419000, "costOfRevenue": 2430977000, "grossProfit": 504442000, "grossProfitRatio": 0.1718466767, "researchAndDevelopmentExpenses": 0, "generalAndAdministrativeExpenses": 370991000, "sellingAndMarketingExpenses": 0, "sellingGeneralAndAdministrativeExpenses": 370991000, "otherExpenses": 14234000, "operatingExpenses": 385225000, "costAndExpenses": 2816202000, "interestIncome": 0, "interestExpense": -22614000, "depreciationAndAmortization": 14498000, "ebitda": 132537000, "ebitdaratio": 0.0451509648, "operatingIncome": 119217000, "operatingIncomeRatio": 0.0406132821, "totalOtherIncomeExpensesNet": 1178000, "incomeBeforeTax": 85751000, "incomeBeforeTaxRatio": 0.0292125247, "incomeTaxExpense": 33958000, "netIncome": 49800000, "netIncomeRatio": 0.0169652101, "eps": 2.8, "epsdiluted": 2.54, "weightedAverageShsOut": 19175000, "weightedAverageShsOutDil": 21807000, "link": "https://www.sec.gov/Archives/edgar/data/1023128/000110465906015039/0001104659-06-015039-index.htm", "finalLink": "https://www.sec.gov/Archives/edgar/data/1023128/000110465906015039/a06-2333_110k.htm", "calculatedOtherExpenses": 14234000, "calculatedOperatingExpenses": 385225000, "calculatedNetInterest": 22614000, "calculatedOtherIncome": -56080000, "calculatedIncomeNonControlling": 1993000, "calculatedEbitda": 133715000}, {"date": "2004-12-31", "symbol": "LAD", "reportedCurrency": "USD", "cik": "0001023128", "fillingDate": "2005-03-15", "acceptedDate": "2005-03-15 16:11:23", "calendarYear": "2004", "period": "FY", "revenue": 2745787000, "costOfRevenue": 2285851000, "grossProfit": 459936000, "grossProfitRatio": 0.1675060739, "researchAndDevelopmentExpenses": 0, "generalAndAdministrativeExpenses": 349946000, "sellingAndMarketingExpenses": 0, "sellingGeneralAndAdministrativeExpenses": 349946000, "otherExpenses": 13143000, "operatingExpenses": 363089000, "costAndExpenses": 2648940000, "interestIncome": 0, "interestExpense": -16702000, "depreciationAndAmortization": 13143000, "ebitda": 111510000, "ebitdaratio": 0.0406113074, "operatingIncome": 96847000, "operatingIncomeRatio": 0.0352711263, "totalOtherIncomeExpensesNet": -1520000, "incomeBeforeTax": 69451000, "incomeBeforeTaxRatio": 0.025293659, "incomeTaxExpense": 26878000, "netIncome": 42671000, "netIncomeRatio": 0.0155405354, "eps": 2.43, "epsdiluted": 2.27, "weightedAverageShsOut": 18770370, "weightedAverageShsOutDil": 20093392, "link": "https://www.sec.gov/Archives/edgar/data/1023128/000110465905011127/0001104659-05-011127-index.htm", "finalLink": "https://www.sec.gov/Archives/edgar/data/1023128/000110465905011127/a05-4809_110k.htm", "calculatedOtherExpenses": 13143000, "calculatedOperatingExpenses": 363089000, "calculatedNetInterest": 16702000, "calculatedOtherIncome": -44098000, "calculatedIncomeNonControlling": -98000, "calculatedEbitda": 109990000}, {"date": "2003-12-31", "symbol": "LAD", "reportedCurrency": "USD", "cik": "0001023128", "fillingDate": "2004-03-15", "acceptedDate": "2004-03-12 19:36:53", "calendarYear": "2003", "period": "FY", "revenue": 2513502000, "costOfRevenue": 2110393000, "grossProfit": 403109000, "grossProfitRatio": 0.1603774336, "researchAndDevelopmentExpenses": 0, "generalAndAdministrativeExpenses": 313289000, "sellingAndMarketingExpenses": 0, "sellingGeneralAndAdministrativeExpenses": 313289000, "otherExpenses": 9593000, "operatingExpenses": 322882000, "costAndExpenses": 2433275000, "interestIncome": 0, "interestExpense": -13997000, "depreciationAndAmortization": 10295000, "ebitda": 91473000, "ebitdaratio": 0.0363926506, "operatingIncome": 80227000, "operatingIncomeRatio": 0.031918415, "totalOtherIncomeExpensesNet": -951000, "incomeBeforeTax": 59198000, "incomeBeforeTaxRatio": 0.0235520004, "incomeTaxExpense": 23561000, "netIncome": 35547000, "netIncomeRatio": 0.0141424196, "eps": 1.96, "epsdiluted": 1.93, "weightedAverageShsOut": 18136224, "weightedAverageShsOutDil": 18418135, "link": "https://www.sec.gov/Archives/edgar/data/1023128/000095012404000890/0000950124-04-000890-index.htm", "finalLink": "https://www.sec.gov/Archives/edgar/data/1023128/000095012404000890/v96772e10vk.htm", "calculatedOtherExpenses": 9593000, "calculatedOperatingExpenses": 322882000, "calculatedNetInterest": 13997000, "calculatedOtherIncome": -35026000, "calculatedIncomeNonControlling": 90000, "calculatedEbitda": 90522000}, {"date": "2002-12-31", "symbol": "LAD", "reportedCurrency": "USD", "cik": "0001023128", "fillingDate": "2003-03-31", "acceptedDate": "2003-03-31 14:53:15", "calendarYear": "2002", "period": "FY", "revenue": 2376960000, "costOfRevenue": 2002157000, "grossProfit": 374803000, "grossProfitRatio": 0.1576816606, "researchAndDevelopmentExpenses": 0, "generalAndAdministrativeExpenses": 296137000, "sellingAndMarketingExpenses": 0, "sellingGeneralAndAdministrativeExpenses": 296137000, "otherExpenses": 7813000, "operatingExpenses": 303950000, "costAndExpenses": 2306107000, "interestIncome": 0, "interestExpense": -11289000, "depreciationAndAmortization": 7813000, "ebitda": 79349000, "ebitdaratio": 0.0333825559, "operatingIncome": 70853000, "operatingIncomeRatio": 0.0298082425, "totalOtherIncomeExpensesNet": -683000, "incomeBeforeTax": 52766000, "incomeBeforeTaxRatio": 0.0221989432, "incomeTaxExpense": 20450000, "netIncome": 32316000, "netIncomeRatio": 0.013595517, "eps": 1.84, "epsdiluted": 1.8, "weightedAverageShsOut": 17563043, "weightedAverageShsOutDil": 17953333, "link": "https://www.sec.gov/Archives/edgar/data/1023128/000089102003001019/0000891020-03-001019-index.htm", "finalLink": "https://www.sec.gov/Archives/edgar/data/1023128/000089102003001019/v88022e10vk.htm", "calculatedOtherExpenses": 7813000, "calculatedOperatingExpenses": 303950000, "calculatedNetInterest": 11289000, "calculatedOtherIncome": -29376000, "calculatedIncomeNonControlling": 0, "calculatedEbitda": 78666000}, {"date": "2001-12-31", "symbol": "LAD", "reportedCurrency": "USD", "cik": "0001023128", "fillingDate": "2002-02-22", "acceptedDate": "2002-02-22 00:00:00", "calendarYear": "2001", "period": "FY", "revenue": 1873188000, "costOfRevenue": 1566713000, "grossProfit": 306475000, "grossProfitRatio": 0.1636114474, "researchAndDevelopmentExpenses": 0, "generalAndAdministrativeExpenses": 239042000, "sellingAndMarketingExpenses": 0, "sellingGeneralAndAdministrativeExpenses": 239042000, "otherExpenses": 9275000, "operatingExpenses": 248317000, "costAndExpenses": 1815030000, "interestIncome": 0, "interestExpense": -14497000, "depreciationAndAmortization": 9275000, "ebitda": 67843000, "ebitdaratio": 0.0362179343, "operatingIncome": 58158000, "operatingIncomeRatio": 0.0310476044, "totalOtherIncomeExpensesNet": -410000, "incomeBeforeTax": 35429000, "incomeBeforeTaxRatio": 0.0189137449, "incomeTaxExpense": 13675000, "netIncome": 21754000, "netIncomeRatio": 0.0116133565, "eps": 1.63, "epsdiluted": 1.6, "weightedAverageShsOut": 13346012, "weightedAverageShsOutDil": 13596250, "link": "https://www.sec.gov/Archives/edgar/data/1023128/000089102002000158/0000891020-02-000158-index.htm", "finalLink": "https://www.sec.gov/Archives/edgar/data/1023128/000089102002000158/v79395e10-k.htm", "calculatedOtherExpenses": 9275000, "calculatedOperatingExpenses": 248317000, "calculatedNetInterest": 14497000, "calculatedOtherIncome": -37226000, "calculatedIncomeNonControlling": 0, "calculatedEbitda": 67433000}, {"date": "2000-12-31", "symbol": "LAD", "reportedCurrency": "USD", "cik": "0001023128", "fillingDate": "2001-03-29", "acceptedDate": "2001-03-29 00:00:00", "calendarYear": "2000", "period": "FY", "revenue": 1658611000, "costOfRevenue": 1391042000, "grossProfit": 267569000, "grossProfitRatio": 0.1613211295, "researchAndDevelopmentExpenses": 0, "generalAndAdministrativeExpenses": 195500000, "sellingAndMarketingExpenses": 0, "sellingGeneralAndAdministrativeExpenses": 195500000, "otherExpenses": 7605000, "operatingExpenses": 203105000, "costAndExpenses": 1594147000, "interestIncome": 0, "interestExpense": 0, "depreciationAndAmortization": 7605000, "ebitda": 71353000, "ebitdaratio": 0.0430197316, "operatingIncome": 64464000, "operatingIncomeRatio": 0.0388662562, "totalOtherIncomeExpensesNet": 716000, "incomeBeforeTax": 39535000, "incomeBeforeTaxRatio": 0.0238362099, "incomeTaxExpense": 15222000, "netIncome": 24313000, "netIncomeRatio": 0.0146586511, "eps": 1.78, "epsdiluted": 1.76, "weightedAverageShsOut": 13658989, "weightedAverageShsOutDil": 13814205, "link": "https://www.sec.gov/Archives/edgar/data/1023128/000089659501500029/0000896595-01-500029-index.htm", "finalLink": "https://www.sec.gov/Archives/edgar/data/1023128/000089659501500029/lithia_form10-k2000.html", "calculatedOtherExpenses": 7605000, "calculatedOperatingExpenses": 203105000, "calculatedNetInterest": 0, "calculatedOtherIncome": -24929000, "calculatedIncomeNonControlling": 0, "calculatedEbitda": 72069000}, {"date": "1999-12-31", "symbol": "LAD", "reportedCurrency": "USD", "cik": "0001023128", "fillingDate": "2000-03-30", "acceptedDate": "2000-03-30 00:00:00", "calendarYear": "1999", "period": "FY", "revenue": 1242700000, "costOfRevenue": 1043400000, "grossProfit": 199300000, "grossProfitRatio": 0.1603765993, "researchAndDevelopmentExpenses": 0, "generalAndAdministrativeExpenses": 146400000, "sellingAndMarketingExpenses": 0, "sellingGeneralAndAdministrativeExpenses": 146400000, "otherExpenses": 5600000, "operatingExpenses": 152000000, "costAndExpenses": 1195400000, "interestIncome": 0, "interestExpense": -957000, "depreciationAndAmortization": 5600000, "ebitda": 52800000, "ebitdaratio": 0.0424881307, "operatingIncome": 47300000, "operatingIncomeRatio": 0.0380622837, "totalOtherIncomeExpensesNet": 100000, "incomeBeforeTax": 32100000, "incomeBeforeTaxRatio": 0.0258308522, "incomeTaxExpense": 12900000, "netIncome": 19200000, "netIncomeRatio": 0.0154502293, "eps": 1.72, "epsdiluted": 1.6, "weightedAverageShsOut": 11137000, "weightedAverageShsOutDil": 11998000, "link": "https://www.sec.gov/Archives/edgar/data/1023128/000091205700015184/0000912057-00-015184-index.html", "finalLink": "https://www.sec.gov/Archives/edgar/data/1023128/000091205700015184/0000912057-00-015184-d1.html", "calculatedOtherExpenses": 5600000, "calculatedOperatingExpenses": 152000000, "calculatedNetInterest": 957000, "calculatedOtherIncome": -16157000, "calculatedIncomeNonControlling": 0, "calculatedEbitda": 52900000}, {"date": "1998-12-31", "symbol": "LAD", "reportedCurrency": "USD", "cik": "0001023128", "fillingDate": "1999-03-31", "acceptedDate": "1999-03-31 00:00:00", "calendarYear": "1998", "period": "FY", "revenue": 714700000, "costOfRevenue": 599400000, "grossProfit": 115300000, "grossProfitRatio": 0.1613264307, "researchAndDevelopmentExpenses": 0, "generalAndAdministrativeExpenses": 85200000, "sellingAndMarketingExpenses": 0, "sellingGeneralAndAdministrativeExpenses": 85200000, "otherExpenses": 3500000, "operatingExpenses": 88700000, "costAndExpenses": 688100000, "interestIncome": 0, "interestExpense": 0, "depreciationAndAmortization": 3500000, "ebitda": 29200000, "ebitdaratio": 0.0408563033, "operatingIncome": 26600000, "operatingIncomeRatio": 0.0372184133, "totalOtherIncomeExpensesNet": 900000, "incomeBeforeTax": 17800000, "incomeBeforeTaxRatio": 0.0249055548, "incomeTaxExpense": 7000000, "netIncome": 10800000, "netIncomeRatio": 0.0151112355, "eps": 1.18, "epsdiluted": 1.14, "weightedAverageShsOut": 9152542, "weightedAverageShsOutDil": 9473684, "link": "https://www.sec.gov/Archives/edgar/data/1023128/000104746999012933/0001047469-99-012933-index.html", "finalLink": "https://www.sec.gov/Archives/edgar/data/1023128/", "calculatedOtherExpenses": 3500000, "calculatedOperatingExpenses": 88700000, "calculatedNetInterest": 0, "calculatedOtherIncome": -8800000, "calculatedIncomeNonControlling": 0, "calculatedEbitda": 30100000}, {"date": "1997-12-31", "symbol": "LAD", "reportedCurrency": "USD", "cik": "0001023128", "fillingDate": "1998-03-31", "acceptedDate": "1998-03-31 00:00:00", "calendarYear": "1997", "period": "FY", "revenue": 319800000, "costOfRevenue": 265100000, "grossProfit": 54700000, "grossProfitRatio": 0.1710444028, "researchAndDevelopmentExpenses": 0, "generalAndAdministrativeExpenses": 40600000, "sellingAndMarketingExpenses": 0, "sellingGeneralAndAdministrativeExpenses": 40600000, "otherExpenses": 2500000, "operatingExpenses": 43100000, "costAndExpenses": 308200000, "interestIncome": 0, "interestExpense": 0, "depreciationAndAmortization": 2500000, "ebitda": 13300000, "ebitdaratio": 0.0415884928, "operatingIncome": 11600000, "operatingIncomeRatio": 0.0362726704, "totalOtherIncomeExpensesNet": 800000, "incomeBeforeTax": 9500000, "incomeBeforeTaxRatio": 0.0297060663, "incomeTaxExpense": 3500000, "netIncome": 6000000, "netIncomeRatio": 0.0187617261, "eps": 0.85, "epsdiluted": 0.82, "weightedAverageShsOut": 7058824, "weightedAverageShsOutDil": 7317073, "link": "https://www.sec.gov/Archives/edgar/data/1023128/000104746998013008/0001047469-98-013008-index.html", "finalLink": "https://www.sec.gov/Archives/edgar/data/1023128/", "calculatedOtherExpenses": 2500000, "calculatedOperatingExpenses": 43100000, "calculatedNetInterest": 0, "calculatedOtherIncome": -2100000, "calculatedIncomeNonControlling": 0, "calculatedEbitda": 14100000}, {"date": "1996-12-31", "symbol": "LAD", "reportedCurrency": "USD", "cik": "0001023128", "fillingDate": "1997-03-31", "acceptedDate": "1997-03-31 00:00:00", "calendarYear": "1996", "period": "FY", "revenue": 142800000, "costOfRevenue": 116800000, "grossProfit": 26000000, "grossProfitRatio": 0.1820728291, "researchAndDevelopmentExpenses": 0, "generalAndAdministrativeExpenses": 0, "sellingAndMarketingExpenses": 0, "sellingGeneralAndAdministrativeExpenses": 20300000, "otherExpenses": 1800000, "operatingExpenses": 22100000, "costAndExpenses": 138900000, "interestIncome": 0, "interestExpense": 0, "depreciationAndAmortization": 1800000, "ebitda": 4400000, "ebitdaratio": 0.0308123249, "operatingIncome": 3900000, "operatingIncomeRatio": 0.0273109244, "totalOtherIncomeExpensesNet": 1300000, "incomeBeforeTax": 3200000, "incomeBeforeTaxRatio": 0.0224089636, "incomeTaxExpense": -800000, "netIncome": 4000000, "netIncomeRatio": 0.0280112045, "eps": 0.81, "epsdiluted": 0.81, "weightedAverageShsOut": 4973000, "weightedAverageShsOutDil": 7777778, "link": "https://www.sec.gov/Archives/edgar/data/1023128/000091205797011056/0000912057-97-011056-index.html", "finalLink": "https://www.sec.gov/Archives/edgar/data/1023128/", "calculatedOtherExpenses": 1800000, "calculatedOperatingExpenses": 22100000, "calculatedNetInterest": 0, "calculatedOtherIncome": -700000, "calculatedIncomeNonControlling": 0, "calculatedEbitda": 5700000}, {"date": "1995-12-31", "symbol": "LAD", "reportedCurrency": "USD", "cik": "0001023128", "fillingDate": "1995-12-31", "acceptedDate": "1995-12-30 19:00:00", "calendarYear": "1995", "period": "FY", "revenue": 114200000, "costOfRevenue": 91200000, "grossProfit": 23000000, "grossProfitRatio": 0.2014010508, "researchAndDevelopmentExpenses": 0, "generalAndAdministrativeExpenses": 0, "sellingAndMarketingExpenses": 0, "sellingGeneralAndAdministrativeExpenses": 16700000, "otherExpenses": 1900000, "operatingExpenses": 18600000, "costAndExpenses": 109800000, "interestIncome": 0, "interestExpense": 0, "depreciationAndAmortization": 1900000, "ebitda": 5100000, "ebitdaratio": 0.0446584939, "operatingIncome": 4400000, "operatingIncomeRatio": 0.0385288967, "totalOtherIncomeExpensesNet": 1200000, "incomeBeforeTax": 5600000, "incomeBeforeTaxRatio": 0.0490367776, "incomeTaxExpense": 1000000, "netIncome": 3400000, "netIncomeRatio": 0.0297723292, "eps": 0.64, "epsdiluted": 0.6, "weightedAverageShsOut": 5312500, "weightedAverageShsOutDil": 5666667, "link": "", "finalLink": "", "calculatedOtherExpenses": 1900000, "calculatedOperatingExpenses": 18600000, "calculatedNetInterest": 0, "calculatedOtherIncome": 1200000, "calculatedIncomeNonControlling": 1200000, "calculatedEbitda": 6300000}]}