{"originalCurrency": "USD", "convertedCurrency": "USD", "report": [{"date": "2023-12-31", "symbol": "LBRDA", "reportedCurrency": "USD", "cik": "0001611983", "fillingDate": "2024-02-16", "acceptedDate": "2024-02-16 16:04:32", "calendarYear": "2023", "period": "FY", "revenue": 981000000, "costOfRevenue": 475000000, "grossProfit": 506000000, "grossProfitRatio": 0.5158002039, "researchAndDevelopmentExpenses": 0, "generalAndAdministrativeExpenses": 428000000, "sellingAndMarketingExpenses": 5000000, "sellingGeneralAndAdministrativeExpenses": 433000000, "otherExpenses": 27000000, "operatingExpenses": 908000000, "costAndExpenses": 908000000, "interestIncome": 0, "interestExpense": 206000000, "depreciationAndAmortization": 230000000, "ebitda": 1485000000, "ebitdaratio": 1.5137614679, "operatingIncome": 73000000, "operatingIncomeRatio": 0.0744138634, "totalOtherIncomeExpensesNet": 1021000000, "incomeBeforeTax": 888000000, "incomeBeforeTaxRatio": 0.9051987768, "incomeTaxExpense": 200000000, "netIncome": 688000000, "netIncomeRatio": 0.7013251784, "eps": 4.71, "epsdiluted": 4.68, "weightedAverageShsOut": 146000000, "weightedAverageShsOutDil": 147000000, "link": "https://www.sec.gov/Archives/edgar/data/1611983/000155837024001302/0001558370-24-001302-index.htm", "finalLink": "https://www.sec.gov/Archives/edgar/data/1611983/000155837024001302/lbrda-20231231x10k.htm", "calculatedOtherExpenses": 0, "calculatedOperatingExpenses": 433000000, "calculatedNetInterest": -206000000, "calculatedOtherIncome": 1021000000, "calculatedIncomeNonControlling": 0, "calculatedEbitda": 303000000}, {"date": "2022-12-31", "symbol": "LBRDA", "reportedCurrency": "USD", "cik": "0001611983", "fillingDate": "2023-02-17", "acceptedDate": "2023-02-17 17:03:06", "calendarYear": "2022", "period": "FY", "revenue": 920978000, "costOfRevenue": 281000000, "grossProfit": 639978000, "grossProfitRatio": 0.6948895631, "researchAndDevelopmentExpenses": 0, "generalAndAdministrativeExpenses": 428000000, "sellingAndMarketingExpenses": 4000000, "sellingGeneralAndAdministrativeExpenses": 432000000, "otherExpenses": 515000000, "operatingExpenses": 947000000, "costAndExpenses": 947000000, "interestIncome": 133000000, "interestExpense": 133000000, "depreciationAndAmortization": 262000000, "ebitda": 1546000000, "ebitdaratio": 1.6786503044, "operatingIncome": 1284000000, "operatingIncomeRatio": 1.3941701105, "totalOtherIncomeExpensesNet": 250000000, "incomeBeforeTax": 1534000000, "incomeBeforeTaxRatio": 1.6656206771, "incomeTaxExpense": 277000000, "netIncome": 1257000000, "netIncomeRatio": 1.3648534493, "eps": 8.01, "epsdiluted": 7.96, "weightedAverageShsOut": 157000000, "weightedAverageShsOutDil": 158000000, "link": "https://www.sec.gov/Archives/edgar/data/1611983/000155837023001533/0001558370-23-001533-index.htm", "finalLink": "https://www.sec.gov/Archives/edgar/data/1611983/000155837023001533/lbrda-20221231x10k.htm", "calculatedOtherExpenses": -1076022000, "calculatedOperatingExpenses": -644022000, "calculatedNetInterest": 0, "calculatedOtherIncome": 250000000, "calculatedIncomeNonControlling": 0, "calculatedEbitda": 1546000000}, {"date": "2021-12-31", "symbol": "LBRDA", "reportedCurrency": "USD", "cik": "0001611983", "fillingDate": "2022-02-25", "acceptedDate": "2022-02-25 16:31:30", "calendarYear": "2021", "period": "FY", "revenue": 988000000, "costOfRevenue": 329000000, "grossProfit": 659000000, "grossProfitRatio": 0.6670040486, "researchAndDevelopmentExpenses": 0, "generalAndAdministrativeExpenses": 437000000, "sellingAndMarketingExpenses": 5000000, "sellingGeneralAndAdministrativeExpenses": 442000000, "otherExpenses": 549000000, "operatingExpenses": 991000000, "costAndExpenses": 991000000, "interestIncome": 117000000, "interestExpense": 117000000, "depreciationAndAmortization": 267000000, "ebitda": 1464000000, "ebitdaratio": 1.4817813765, "operatingIncome": 1197000000, "operatingIncomeRatio": 1.2115384615, "totalOtherIncomeExpensesNet": -247000000, "incomeBeforeTax": 950000000, "incomeBeforeTaxRatio": 0.9615384615, "incomeTaxExpense": 218000000, "netIncome": 732000000, "netIncomeRatio": 0.7408906883, "eps": 3.97, "epsdiluted": 3.93, "weightedAverageShsOut": 184540000, "weightedAverageShsOutDil": 186233000, "link": "https://www.sec.gov/Archives/edgar/data/1611983/000155837022002157/0001558370-22-002157-index.htm", "finalLink": "https://www.sec.gov/Archives/edgar/data/1611983/000155837022002157/lbrda-20211231x10k.htm", "calculatedOtherExpenses": -980000000, "calculatedOperatingExpenses": -538000000, "calculatedNetInterest": 0, "calculatedOtherIncome": -247000000, "calculatedIncomeNonControlling": 0, "calculatedEbitda": 1464000000}, {"date": "2020-12-31", "symbol": "LBRDA", "reportedCurrency": "USD", "cik": "0001611983", "fillingDate": "2021-02-26", "acceptedDate": "2021-02-26 16:53:55", "calendarYear": "2020", "period": "FY", "revenue": 50706000, "costOfRevenue": 58000, "grossProfit": 50648000, "grossProfitRatio": 0.9988561511, "researchAndDevelopmentExpenses": 0, "generalAndAdministrativeExpenses": 0, "sellingAndMarketingExpenses": 0, "sellingGeneralAndAdministrativeExpenses": 74691000, "otherExpenses": 35670000, "operatingExpenses": 110361000, "costAndExpenses": 110361000, "interestIncome": 28000000, "interestExpense": 28158000, "depreciationAndAmortization": 15227000, "ebitda": 671195000, "ebitdaratio": 13.2369936497, "operatingIncome": 655968000, "operatingIncomeRatio": 12.9366938824, "totalOtherIncomeExpensesNet": -294803000, "incomeBeforeTax": 361165000, "incomeBeforeTaxRatio": 7.1227270934, "incomeTaxExpense": -36443000, "netIncome": 398000000, "netIncomeRatio": 7.8491697235, "eps": 2.18, "epsdiluted": 2.17, "weightedAverageShsOut": 182036000, "weightedAverageShsOutDil": 183246000, "link": "https://www.sec.gov/Archives/edgar/data/1611983/000155837021002026/0001558370-21-002026-index.htm", "finalLink": "https://www.sec.gov/Archives/edgar/data/1611983/000155837021002026/lbrda-20201231x10k.htm", "calculatedOtherExpenses": -680011000, "calculatedOperatingExpenses": -605320000, "calculatedNetInterest": -158000, "calculatedOtherIncome": -294645000, "calculatedIncomeNonControlling": -392000, "calculatedEbitda": 671195000}, {"date": "2019-12-31", "symbol": "LBRDA", "reportedCurrency": "USD", "cik": "0001611983", "fillingDate": "2020-02-03", "acceptedDate": "2020-02-03 16:50:40", "calendarYear": "2019", "period": "FY", "revenue": 14859000, "costOfRevenue": 103000, "grossProfit": 14756000, "grossProfitRatio": 0.9930681742, "researchAndDevelopmentExpenses": 0, "generalAndAdministrativeExpenses": 0, "sellingAndMarketingExpenses": 0, "sellingGeneralAndAdministrativeExpenses": 32811000, "otherExpenses": 11325000, "operatingExpenses": 44136000, "costAndExpenses": 44136000, "interestIncome": 25000000, "interestExpense": 25166000, "depreciationAndAmortization": 1875000, "ebitda": 260358000, "ebitdaratio": 17.5219059156, "operatingIncome": 258483000, "operatingIncomeRatio": 17.3957197658, "totalOtherIncomeExpensesNet": -103325000, "incomeBeforeTax": 155158000, "incomeBeforeTaxRatio": 10.4420216704, "incomeTaxExpense": 37942000, "netIncome": 117216000, "netIncomeRatio": 7.8885523925, "eps": 0.65, "epsdiluted": 0.64, "weightedAverageShsOut": 181531000, "weightedAverageShsOutDil": 182784000, "link": "https://www.sec.gov/Archives/edgar/data/1611983/000155837020000441/0001558370-20-000441-index.htm", "finalLink": "https://www.sec.gov/Archives/edgar/data/1611983/000155837020000441/lbrda-20191231x10k26291c.htm", "calculatedOtherExpenses": -276538000, "calculatedOperatingExpenses": -243727000, "calculatedNetInterest": -166000, "calculatedOtherIncome": -103159000, "calculatedIncomeNonControlling": 0, "calculatedEbitda": 260358000}, {"date": "2018-12-31", "symbol": "LBRDA", "reportedCurrency": "USD", "cik": "0001611983", "fillingDate": "2019-02-08", "acceptedDate": "2019-02-08 16:44:09", "calendarYear": "2018", "period": "FY", "revenue": 22256000, "costOfRevenue": 346000, "grossProfit": 21910000, "grossProfitRatio": 0.9844536305, "researchAndDevelopmentExpenses": 5956000, "generalAndAdministrativeExpenses": 23497000, "sellingAndMarketingExpenses": 0, "sellingGeneralAndAdministrativeExpenses": 23497000, "otherExpenses": 82000, "operatingExpenses": 34270000, "costAndExpenses": 34270000, "interestIncome": 0, "interestExpense": 23302000, "depreciationAndAmortization": 2779000, "ebitda": 156993000, "ebitdaratio": 7.0539629763, "operatingIncome": -12014000, "operatingIncomeRatio": -0.5398094896, "totalOtherIncomeExpensesNet": 127193000, "incomeBeforeTax": 91877000, "incomeBeforeTaxRatio": 4.128190151, "incomeTaxExpense": 21924000, "netIncome": 69953000, "netIncomeRatio": 3.1431074766, "eps": 0.39, "epsdiluted": 0.38, "weightedAverageShsOut": 181531000, "weightedAverageShsOutDil": 182784000, "link": "https://www.sec.gov/Archives/edgar/data/1611983/000155837019000515/0001558370-19-000515-index.htm", "finalLink": "https://www.sec.gov/Archives/edgar/data/1611983/000155837019000515/lbrd-20181231x10k.htm", "calculatedOtherExpenses": 4471000, "calculatedOperatingExpenses": 33924000, "calculatedNetInterest": -23302000, "calculatedOtherIncome": 127193000, "calculatedIncomeNonControlling": 0, "calculatedEbitda": -9235000}, {"date": "2017-12-31", "symbol": "LBRDA", "reportedCurrency": "USD", "cik": "0001611983", "fillingDate": "2018-02-09", "acceptedDate": "2018-02-09 16:56:59", "calendarYear": "2017", "period": "FY", "revenue": 13092000, "costOfRevenue": 26887000, "grossProfit": -13795000, "grossProfitRatio": -1.0536969141, "researchAndDevelopmentExpenses": 8153000, "generalAndAdministrativeExpenses": 24065000, "sellingAndMarketingExpenses": 0, "sellingGeneralAndAdministrativeExpenses": 24065000, "otherExpenses": -18000, "operatingExpenses": 38570000, "costAndExpenses": 38570000, "interestIncome": 0, "interestExpense": 19570000, "depreciationAndAmortization": 3770000, "ebitda": 2487265000, "ebitdaratio": 189.9835777574, "operatingIncome": -25478000, "operatingIncomeRatio": -1.9460739383, "totalOtherIncomeExpensesNet": 2495648000, "incomeBeforeTax": 2450600000, "incomeBeforeTaxRatio": 187.1830125267, "incomeTaxExpense": 416933000, "netIncome": 2033667000, "netIncomeRatio": 155.3366177819, "eps": 11.19, "epsdiluted": 11.1, "weightedAverageShsOut": 181772000, "weightedAverageShsOutDil": 183146000, "link": "https://www.sec.gov/Archives/edgar/data/1611983/000155837018000569/0001558370-18-000569-index.htm", "finalLink": "https://www.sec.gov/Archives/edgar/data/1611983/000155837018000569/lbrd-20171231x10k.htm", "calculatedOtherExpenses": -20535000, "calculatedOperatingExpenses": 11683000, "calculatedNetInterest": -19570000, "calculatedOtherIncome": 2495648000, "calculatedIncomeNonControlling": 0, "calculatedEbitda": -21708000}, {"date": "2016-12-31", "symbol": "LBRDA", "reportedCurrency": "USD", "cik": "0001611983", "fillingDate": "2017-02-17", "acceptedDate": "2017-02-17 16:20:05", "calendarYear": "2016", "period": "FY", "revenue": 30586000, "costOfRevenue": 18741000, "grossProfit": 11845000, "grossProfitRatio": 0.387268685, "researchAndDevelopmentExpenses": 10240000, "generalAndAdministrativeExpenses": 34703000, "sellingAndMarketingExpenses": 0, "sellingGeneralAndAdministrativeExpenses": 34703000, "otherExpenses": 336000, "operatingExpenses": 51746000, "costAndExpenses": 51746000, "interestIncome": 0, "interestExpense": 14956000, "depreciationAndAmortization": 4005000, "ebitda": 624725000, "ebitdaratio": 20.4251945334, "operatingIncome": -21160000, "operatingIncomeRatio": -0.6918197868, "totalOtherIncomeExpensesNet": 1511788000, "incomeBeforeTax": 1475672000, "incomeBeforeTaxRatio": 48.2466487936, "incomeTaxExpense": 558369000, "netIncome": 917303000, "netIncomeRatio": 29.990943569, "eps": 6.03, "epsdiluted": 6, "weightedAverageShsOut": 152103000, "weightedAverageShsOutDil": 152852000, "link": "https://www.sec.gov/Archives/edgar/data/1611983/000155837017000665/0001558370-17-000665-index.htm", "finalLink": "https://www.sec.gov/Archives/edgar/data/1611983/000155837017000665/lbrd-20161231x10k.htm", "calculatedOtherExpenses": -11938000, "calculatedOperatingExpenses": 33005000, "calculatedNetInterest": -14956000, "calculatedOtherIncome": 1511788000, "calculatedIncomeNonControlling": 0, "calculatedEbitda": -17155000}, {"date": "2015-12-31", "symbol": "LBRDA", "reportedCurrency": "USD", "cik": "0001611983", "fillingDate": "2016-02-12", "acceptedDate": "2016-02-12 17:28:24", "calendarYear": "2015", "period": "FY", "revenue": 91182000, "costOfRevenue": 6515000000, "grossProfit": -6423818000, "grossProfitRatio": -70.4505055822, "researchAndDevelopmentExpenses": 17032000, "generalAndAdministrativeExpenses": 42792000, "sellingAndMarketingExpenses": 0, "sellingGeneralAndAdministrativeExpenses": 42792000, "otherExpenses": 158000, "operatingExpenses": 72008000, "costAndExpenses": 72008000, "interestIncome": 0, "interestExpense": 7424000, "depreciationAndAmortization": 6088000, "ebitda": -95542000, "ebitdaratio": -1.047816455, "operatingIncome": 58955000, "operatingIncomeRatio": 0.6465640148, "totalOtherIncomeExpensesNet": -81805000, "incomeBeforeTax": -70055000, "incomeBeforeTaxRatio": -0.7682985677, "incomeTaxExpense": -19868000, "netIncome": -50187000, "netIncomeRatio": -0.5504046851, "eps": -0.49, "epsdiluted": -0.49, "weightedAverageShsOut": 102504000, "weightedAverageShsOutDil": 102998000, "link": "https://www.sec.gov/Archives/edgar/data/1611983/000155837016003202/0001558370-16-003202-index.htm", "finalLink": "https://www.sec.gov/Archives/edgar/data/1611983/000155837016003202/lbrd-20151231x10k.htm", "calculatedOtherExpenses": -6542597000, "calculatedOperatingExpenses": -6482773000, "calculatedNetInterest": -7424000, "calculatedOtherIncome": -121586000, "calculatedIncomeNonControlling": 0, "calculatedEbitda": 65043000}, {"date": "2014-12-31", "symbol": "LBRDA", "reportedCurrency": "USD", "cik": "0001611983", "fillingDate": "2015-03-12", "acceptedDate": "2015-03-12 15:49:07", "calendarYear": "2014", "period": "FY", "revenue": 69045000, "costOfRevenue": 466000, "grossProfit": 68579000, "grossProfitRatio": 0.9932507785, "researchAndDevelopmentExpenses": 18477000, "generalAndAdministrativeExpenses": 47778000, "sellingAndMarketingExpenses": 0, "sellingGeneralAndAdministrativeExpenses": 47778000, "otherExpenses": -63000, "operatingExpenses": 82798000, "costAndExpenses": 82798000, "interestIncome": 0, "interestExpense": 1138000, "depreciationAndAmortization": 9043000, "ebitda": -132346000, "ebitdaratio": -1.9168078789, "operatingIncome": -42974000, "operatingIncomeRatio": -0.6224056775, "totalOtherIncomeExpensesNet": -187400000, "incomeBeforeTax": -202291000, "incomeBeforeTaxRatio": -2.9298428561, "incomeTaxExpense": -67686000, "netIncome": -134605000, "netIncomeRatio": -1.9495256717, "eps": -1.53, "epsdiluted": -1.52, "weightedAverageShsOut": 88143000, "weightedAverageShsOutDil": 88773000, "link": "https://www.sec.gov/Archives/edgar/data/1611983/000155837015000333/0001558370-15-000333-index.htm", "finalLink": "https://www.sec.gov/Archives/edgar/data/1611983/000155837015000333/lbrd-20141231x10k.htm", "calculatedOtherExpenses": 45298000, "calculatedOperatingExpenses": 111553000, "calculatedNetInterest": -1138000, "calculatedOtherIncome": -158179000, "calculatedIncomeNonControlling": 0, "calculatedEbitda": -33931000}, {"date": "2013-12-31", "symbol": "LBRDA", "reportedCurrency": "USD", "cik": "0001611983", "fillingDate": "2013-12-31", "acceptedDate": "2013-12-30 19:00:00", "calendarYear": "2013", "period": "FY", "revenue": 77363000, "costOfRevenue": 15993000, "grossProfit": 61370000, "grossProfitRatio": 0.7932732702, "researchAndDevelopmentExpenses": 15557000, "generalAndAdministrativeExpenses": 0, "sellingAndMarketingExpenses": 0, "sellingGeneralAndAdministrativeExpenses": 34068000, "otherExpenses": -53000, "operatingExpenses": 77451000, "costAndExpenses": 77451000, "interestIncome": 0, "interestExpense": 0, "depreciationAndAmortization": 4382000, "ebitda": -7511000, "ebitdaratio": -0.0970877551, "operatingIncome": -88000, "operatingIncomeRatio": -0.0011374947, "totalOtherIncomeExpensesNet": -64338000, "incomeBeforeTax": -64426000, "incomeBeforeTaxRatio": -0.8327753577, "incomeTaxExpense": -22698000, "netIncome": -41728000, "netIncomeRatio": -0.5393792898, "eps": -0.47, "epsdiluted": -0.47, "weightedAverageShsOut": 88343142, "weightedAverageShsOutDil": 89531713, "link": "", "finalLink": "", "calculatedOtherExpenses": 11833000, "calculatedOperatingExpenses": 61458000, "calculatedNetInterest": 0, "calculatedOtherIncome": -64338000, "calculatedIncomeNonControlling": 0, "calculatedEbitda": 4294000}, {"date": "2012-12-31", "symbol": "LBRDA", "reportedCurrency": "USD", "cik": "0001611983", "fillingDate": "2012-12-31", "acceptedDate": "2012-12-30 19:00:00", "calendarYear": "2012", "period": "FY", "revenue": 83098000, "costOfRevenue": 9189000, "grossProfit": 73909000, "grossProfitRatio": 0.8894197213, "researchAndDevelopmentExpenses": 15800000, "generalAndAdministrativeExpenses": 0, "sellingAndMarketingExpenses": 0, "sellingGeneralAndAdministrativeExpenses": 24397000, "otherExpenses": -117000, "operatingExpenses": 75219000, "costAndExpenses": 75219000, "interestIncome": 0, "interestExpense": 0, "depreciationAndAmortization": 5839000, "ebitda": 13601000, "ebitdaratio": 0.163674216, "operatingIncome": 7879000, "operatingIncomeRatio": 0.0948157597, "totalOtherIncomeExpensesNet": 62880000, "incomeBeforeTax": 70759000, "incomeBeforeTaxRatio": 0.8515126718, "incomeTaxExpense": 26856000, "netIncome": 44196000, "netIncomeRatio": 0.5318539556, "eps": 0.49, "epsdiluted": 0.49, "weightedAverageShsOut": 88392060, "weightedAverageShsOutDil": 89531713, "link": "", "finalLink": "", "calculatedOtherExpenses": 25833000, "calculatedOperatingExpenses": 66030000, "calculatedNetInterest": 0, "calculatedOtherIncome": 62880000, "calculatedIncomeNonControlling": -293000, "calculatedEbitda": 13718000}, {"date": "2011-12-31", "symbol": "LBRDA", "reportedCurrency": "USD", "cik": "0001611983", "fillingDate": "2011-12-31", "acceptedDate": "2011-12-30 19:00:00", "calendarYear": "2011", "period": "FY", "revenue": 1136934000, "costOfRevenue": 433454000, "grossProfit": 703480000, "grossProfitRatio": 0.6187518361, "researchAndDevelopmentExpenses": 21927000, "generalAndAdministrativeExpenses": 0, "sellingAndMarketingExpenses": 0, "sellingGeneralAndAdministrativeExpenses": 29312000, "otherExpenses": 162000, "operatingExpenses": 503545000, "costAndExpenses": 503545000, "interestIncome": 0, "interestExpense": 0, "depreciationAndAmortization": 6181000, "ebitda": 632162000, "ebitdaratio": 0.5560234807, "operatingIncome": 640359000, "operatingIncomeRatio": 0.563233222, "totalOtherIncomeExpensesNet": 7570000, "incomeBeforeTax": 640959000, "incomeBeforeTaxRatio": 0.5637609571, "incomeTaxExpense": 32551000, "netIncome": 607374000, "netIncomeRatio": 0.5342209838, "eps": 20.36, "epsdiluted": 20.36, "weightedAverageShsOut": 89531713, "weightedAverageShsOutDil": 89531713, "link": "", "finalLink": "", "calculatedOtherExpenses": 11882000, "calculatedOperatingExpenses": 63121000, "calculatedNetInterest": 0, "calculatedOtherIncome": 600000, "calculatedIncomeNonControlling": 1034000, "calculatedEbitda": 646540000}]}