{"originalCurrency": "USD", "convertedCurrency": "USD", "report": [{"date": "2023-12-31", "symbol": "LBRT", "reportedCurrency": "USD", "cik": "0001694028", "fillingDate": "2024-02-09", "acceptedDate": "2024-02-08 17:41:06", "calendarYear": "2023", "period": "FY", "revenue": 4747928000, "costOfRevenue": 3770884000, "grossProfit": 977044000, "grossProfitRatio": 0.2057832385, "researchAndDevelopmentExpenses": 0, "generalAndAdministrativeExpenses": 221406000, "sellingAndMarketingExpenses": 0, "sellingGeneralAndAdministrativeExpenses": 221406000, "otherExpenses": 1817000, "operatingExpenses": 221406000, "costAndExpenses": 3992290000, "interestIncome": 1987000, "interestExpense": 29493000, "depreciationAndAmortization": 421514000, "ebitda": 1180956000, "ebitdaratio": 0.2487308148, "operatingIncome": 760579000, "operatingIncomeRatio": 0.1601917721, "totalOtherIncomeExpensesNet": 6758000, "incomeBeforeTax": 734890000, "incomeBeforeTaxRatio": 0.1547812014, "incomeTaxExpense": 178482000, "netIncome": 556317000, "netIncomeRatio": 0.1171704794, "eps": 3.24, "epsdiluted": 3.15, "weightedAverageShsOut": 171845000, "weightedAverageShsOutDil": 176360000, "link": "https://www.sec.gov/Archives/edgar/data/1694028/000169402824000006/0001694028-24-000006-index.htm", "finalLink": "https://www.sec.gov/Archives/edgar/data/1694028/000169402824000006/lbrt-20231231.htm", "calculatedOtherExpenses": -4941000, "calculatedOperatingExpenses": 216465000, "calculatedNetInterest": -27506000, "calculatedOtherIncome": 1817000, "calculatedIncomeNonControlling": 91000, "calculatedEbitda": 1182093000}, {"date": "2022-12-31", "symbol": "LBRT", "reportedCurrency": "USD", "cik": "0001694028", "fillingDate": "2023-02-10", "acceptedDate": "2023-02-10 16:05:22", "calendarYear": "2022", "period": "FY", "revenue": 4149228000, "costOfRevenue": 3472064000, "grossProfit": 677164000, "grossProfitRatio": 0.1632024078, "researchAndDevelopmentExpenses": 0, "generalAndAdministrativeExpenses": 180040000, "sellingAndMarketingExpenses": 0, "sellingGeneralAndAdministrativeExpenses": 180040000, "otherExpenses": -76191000, "operatingExpenses": 180040000, "costAndExpenses": 3652104000, "interestIncome": 22715000, "interestExpense": 22715000, "depreciationAndAmortization": 323028000, "ebitda": 420933000, "ebitdaratio": 0.1014485104, "operatingIncome": 97905000, "operatingIncomeRatio": 0.0235959557, "totalOtherIncomeExpensesNet": 301604000, "incomeBeforeTax": 399509000, "incomeBeforeTaxRatio": 0.0962851403, "incomeTaxExpense": -793000, "netIncome": 399602000, "netIncomeRatio": 0.0963075541, "eps": 2.17, "epsdiluted": 2.11, "weightedAverageShsOut": 184334000, "weightedAverageShsOutDil": 189349000, "link": "https://www.sec.gov/Archives/edgar/data/1694028/000169402823000010/0001694028-23-000010-index.htm", "finalLink": "https://www.sec.gov/Archives/edgar/data/1694028/000169402823000010/lbrt-20221231.htm", "calculatedOtherExpenses": 399219000, "calculatedOperatingExpenses": 579259000, "calculatedNetInterest": 0, "calculatedOtherIncome": 301604000, "calculatedIncomeNonControlling": 700000, "calculatedEbitda": 420933000}, {"date": "2021-12-31", "symbol": "LBRT", "reportedCurrency": "USD", "cik": "0001694028", "fillingDate": "2022-02-22", "acceptedDate": "2022-02-22 06:33:58", "calendarYear": "2021", "period": "FY", "revenue": 2470782000, "costOfRevenue": 2512683000, "grossProfit": -41901000, "grossProfitRatio": -0.0169585985, "researchAndDevelopmentExpenses": 0, "generalAndAdministrativeExpenses": 123406000, "sellingAndMarketingExpenses": 0, "sellingGeneralAndAdministrativeExpenses": 123406000, "otherExpenses": 19039000, "operatingExpenses": 123406000, "costAndExpenses": 2636089000, "interestIncome": 2000, "interestExpense": 15603000, "depreciationAndAmortization": 34956000, "ebitda": -146268000, "ebitdaratio": -0.0591990714, "operatingIncome": -181224000, "operatingIncomeRatio": -0.0733468189, "totalOtherIncomeExpensesNet": 3436000, "incomeBeforeTax": -177788000, "incomeBeforeTaxRatio": -0.0719561661, "incomeTaxExpense": 9216000, "netIncome": -187004000, "netIncomeRatio": -0.0756861593, "eps": -1.07, "epsdiluted": -1.07, "weightedAverageShsOut": 174019000, "weightedAverageShsOutDil": 174019000, "link": "https://www.sec.gov/Archives/edgar/data/1694028/000169402822000006/0001694028-22-000006-index.htm", "finalLink": "https://www.sec.gov/Archives/edgar/data/1694028/000169402822000006/lbrt-20211231.htm", "calculatedOtherExpenses": 15917000, "calculatedOperatingExpenses": 139323000, "calculatedNetInterest": -15601000, "calculatedOtherIncome": 19037000, "calculatedIncomeNonControlling": 0, "calculatedEbitda": -146268000}, {"date": "2020-12-31", "symbol": "LBRT", "reportedCurrency": "USD", "cik": "0001694028", "fillingDate": "2021-02-24", "acceptedDate": "2021-02-24 16:13:48", "calendarYear": "2020", "period": "FY", "revenue": 965787000, "costOfRevenue": 1038065000, "grossProfit": -72278000, "grossProfitRatio": -0.0748384478, "researchAndDevelopmentExpenses": 0, "generalAndAdministrativeExpenses": 84098000, "sellingAndMarketingExpenses": 0, "sellingGeneralAndAdministrativeExpenses": 84098000, "otherExpenses": 878631000, "operatingExpenses": 84098000, "costAndExpenses": 1122163000, "interestIncome": 560000, "interestExpense": 14505000, "depreciationAndAmortization": 20650000, "ebitda": -156376000, "ebitdaratio": -0.1619156191, "operatingIncome": -177026000, "operatingIncomeRatio": -0.1832971452, "totalOtherIncomeExpensesNet": -14505000, "incomeBeforeTax": -191531000, "incomeBeforeTaxRatio": -0.1983159848, "incomeTaxExpense": -30857000, "netIncome": -160674000, "netIncomeRatio": -0.1663658757, "eps": -1.88, "epsdiluted": -1.88, "weightedAverageShsOut": 85242000, "weightedAverageShsOutDil": 85242000, "link": "https://www.sec.gov/Archives/edgar/data/1694028/000169402821000007/0001694028-21-000007-index.htm", "finalLink": "https://www.sec.gov/Archives/edgar/data/1694028/000169402821000007/lbrt-20201231.htm", "calculatedOtherExpenses": 20650000, "calculatedOperatingExpenses": 104748000, "calculatedNetInterest": -13945000, "calculatedOtherIncome": -560000, "calculatedIncomeNonControlling": 0, "calculatedEbitda": -156376000}, {"date": "2019-12-31", "symbol": "LBRT", "reportedCurrency": "USD", "cik": "0001694028", "fillingDate": "2020-02-27", "acceptedDate": "2020-02-26 18:56:15", "calendarYear": "2019", "period": "FY", "revenue": 1990346000, "costOfRevenue": 1786559000, "grossProfit": 203787000, "grossProfitRatio": 0.1023877256, "researchAndDevelopmentExpenses": 0, "generalAndAdministrativeExpenses": 97589000, "sellingAndMarketingExpenses": 0, "sellingGeneralAndAdministrativeExpenses": 97589000, "otherExpenses": 0, "operatingExpenses": 97589000, "costAndExpenses": 1884148000, "interestIncome": 983000, "interestExpense": 14681000, "depreciationAndAmortization": 165379000, "ebitda": 106198000, "ebitdaratio": 0.0533565521, "operatingIncome": -59181000, "operatingIncomeRatio": -0.0297340261, "totalOtherIncomeExpensesNet": 148097000, "incomeBeforeTax": 88916000, "incomeBeforeTaxRatio": 0.0446736397, "incomeTaxExpense": 14052000, "netIncome": 74864000, "netIncomeRatio": 0.0376135607, "eps": 1.03, "epsdiluted": 0.71, "weightedAverageShsOut": 72334000, "weightedAverageShsOutDil": 105256000, "link": "https://www.sec.gov/Archives/edgar/data/1694028/000169402820000019/0001694028-20-000019-index.htm", "finalLink": "https://www.sec.gov/Archives/edgar/data/1694028/000169402820000019/lbrt-20191231.htm", "calculatedOtherExpenses": 165379000, "calculatedOperatingExpenses": 262968000, "calculatedNetInterest": -13698000, "calculatedOtherIncome": 161795000, "calculatedIncomeNonControlling": 0, "calculatedEbitda": 106198000}, {"date": "2018-12-31", "symbol": "LBRT", "reportedCurrency": "USD", "cik": "0001694028", "fillingDate": "2019-02-28", "acceptedDate": "2019-02-28 14:14:47", "calendarYear": "2018", "period": "FY", "revenue": 2155136000, "costOfRevenue": 1753863000, "grossProfit": 401273000, "grossProfitRatio": 0.1861938179, "researchAndDevelopmentExpenses": 0, "generalAndAdministrativeExpenses": 99052000, "sellingAndMarketingExpenses": 0, "sellingGeneralAndAdministrativeExpenses": 99052000, "otherExpenses": 0, "operatingExpenses": 99052000, "costAndExpenses": 1852915000, "interestIncome": 0, "interestExpense": 17145000, "depreciationAndAmortization": 125110000, "ebitda": 302221000, "ebitdaratio": 0.1402329134, "operatingIncome": 306563000, "operatingIncomeRatio": 0.1422476354, "totalOtherIncomeExpensesNet": 4342000, "incomeBeforeTax": 289418000, "incomeBeforeTaxRatio": 0.134292221, "incomeTaxExpense": 40385000, "netIncome": 126349000, "netIncomeRatio": 0.0586269266, "eps": 1.07, "epsdiluted": 1.07, "weightedAverageShsOut": 117838000, "weightedAverageShsOutDil": 117838000, "link": "https://www.sec.gov/Archives/edgar/data/1694028/000169402819000015/0001694028-19-000015-index.htm", "finalLink": "https://www.sec.gov/Archives/edgar/data/1694028/000169402819000015/libertyoilfield1231201810-k.htm", "calculatedOtherExpenses": -4342000, "calculatedOperatingExpenses": 94710000, "calculatedNetInterest": -17145000, "calculatedOtherIncome": 0, "calculatedIncomeNonControlling": 122684000, "calculatedEbitda": 431673000}, {"date": "2017-12-31", "symbol": "LBRT", "reportedCurrency": "USD", "cik": "0001694028", "fillingDate": "2018-03-23", "acceptedDate": "2018-03-23 14:46:53", "calendarYear": "2017", "period": "FY", "revenue": 1489855000, "costOfRevenue": 1228481000, "grossProfit": 261374000, "grossProfitRatio": 0.1754358646, "researchAndDevelopmentExpenses": 0, "generalAndAdministrativeExpenses": 80089000, "sellingAndMarketingExpenses": 0, "sellingGeneralAndAdministrativeExpenses": 80089000, "otherExpenses": 0, "operatingExpenses": 80089000, "costAndExpenses": 1308570000, "interestIncome": 0, "interestExpense": 12636000, "depreciationAndAmortization": 81473000, "ebitda": 181285000, "ebitdaratio": 0.1216796265, "operatingIncome": 181137000, "operatingIncomeRatio": 0.121580288, "totalOtherIncomeExpensesNet": -148000, "incomeBeforeTax": 168501000, "incomeBeforeTaxRatio": 0.1130989257, "incomeTaxExpense": -68837000, "netIncome": 168501000, "netIncomeRatio": 0.1130989257, "eps": 3, "epsdiluted": 3, "weightedAverageShsOut": 68975123, "weightedAverageShsOutDil": 68975123, "link": "https://www.sec.gov/Archives/edgar/data/1694028/000162828018003509/0001628280-18-003509-index.htm", "finalLink": "https://www.sec.gov/Archives/edgar/data/1694028/000162828018003509/libertyoilfield1231201810-k.htm", "calculatedOtherExpenses": 148000, "calculatedOperatingExpenses": 80237000, "calculatedNetInterest": -12636000, "calculatedOtherIncome": 0, "calculatedIncomeNonControlling": 68837000, "calculatedEbitda": 262610000}, {"date": "2016-12-31", "symbol": "LBRT", "reportedCurrency": "USD", "cik": "0001694028", "fillingDate": "2016-12-31", "acceptedDate": "2016-12-30 19:00:00", "calendarYear": "2016", "period": "FY", "revenue": 374773000, "costOfRevenue": 396091000, "grossProfit": -21318000, "grossProfitRatio": -0.0568824328, "researchAndDevelopmentExpenses": 0, "generalAndAdministrativeExpenses": 35789000, "sellingAndMarketingExpenses": 0, "sellingGeneralAndAdministrativeExpenses": 35789000, "otherExpenses": 0, "operatingExpenses": 35789000, "costAndExpenses": 431880000, "interestIncome": 0, "interestExpense": 6126000, "depreciationAndAmortization": 41362000, "ebitda": -15745000, "ebitdaratio": -0.042012098, "operatingIncome": -54434000, "operatingIncomeRatio": -0.1452452551, "totalOtherIncomeExpensesNet": 2673000, "incomeBeforeTax": -60560000, "incomeBeforeTaxRatio": -0.1615911498, "incomeTaxExpense": 6126000, "netIncome": -60560000, "netIncomeRatio": -0.1615911498, "eps": -0.89, "epsdiluted": -0.51, "weightedAverageShsOut": 67794887, "weightedAverageShsOutDil": 118195409, "link": "", "finalLink": "", "calculatedOtherExpenses": -2673000, "calculatedOperatingExpenses": 33116000, "calculatedNetInterest": -6126000, "calculatedOtherIncome": 0, "calculatedIncomeNonControlling": -6126000, "calculatedEbitda": -13072000}, {"date": "2015-12-31", "symbol": "LBRT", "reportedCurrency": "USD", "cik": "0001694028", "fillingDate": "2015-12-31", "acceptedDate": "2015-12-30 19:00:00", "calendarYear": "2015", "period": "FY", "revenue": 455404000, "costOfRevenue": 430199000, "grossProfit": 25205000, "grossProfitRatio": 0.0553464616, "researchAndDevelopmentExpenses": 0, "generalAndAdministrativeExpenses": 28765000, "sellingAndMarketingExpenses": 0, "sellingGeneralAndAdministrativeExpenses": 28765000, "otherExpenses": 0, "operatingExpenses": 28765000, "costAndExpenses": 458964000, "interestIncome": 0, "interestExpense": 5501000, "depreciationAndAmortization": 36436000, "ebitda": 32876000, "ebitdaratio": 0.0721908459, "operatingIncome": -3560000, "operatingIncomeRatio": -0.0078172348, "totalOtherIncomeExpensesNet": -5501000, "incomeBeforeTax": -9061000, "incomeBeforeTaxRatio": -0.0198966193, "incomeTaxExpense": 0, "netIncome": -9061000, "netIncomeRatio": -0.0198966193, "eps": -0.13, "epsdiluted": -0.0767, "weightedAverageShsOut": 67794887, "weightedAverageShsOutDil": 118195409, "link": "", "finalLink": "", "calculatedOtherExpenses": 0, "calculatedOperatingExpenses": 28765000, "calculatedNetInterest": -5501000, "calculatedOtherIncome": 0, "calculatedIncomeNonControlling": 0, "calculatedEbitda": 32876000}]}