{"originalCurrency": "USD", "convertedCurrency": "USD", "report": [{"date": "2023-12-31", "symbol": "LCII", "reportedCurrency": "USD", "cik": "0000763744", "fillingDate": "2024-02-23", "acceptedDate": "2024-02-23 08:17:55", "calendarYear": "2023", "period": "FY", "revenue": 3784808000, "costOfRevenue": 3008618000, "grossProfit": 776190000, "grossProfitRatio": 0.2050804162, "researchAndDevelopmentExpenses": 20000000, "generalAndAdministrativeExpenses": 437862000, "sellingAndMarketingExpenses": 214900000, "sellingGeneralAndAdministrativeExpenses": 652762000, "otherExpenses": 0, "operatingExpenses": 652762000, "costAndExpenses": 3661380000, "interestIncome": 0, "interestExpense": 40424000, "depreciationAndAmortization": 131768000, "ebitda": 255196000, "ebitdaratio": 0.0674264058, "operatingIncome": 123428000, "operatingIncomeRatio": 0.0326114297, "totalOtherIncomeExpensesNet": -40424000, "incomeBeforeTax": 83004000, "incomeBeforeTaxRatio": 0.0219308351, "incomeTaxExpense": 18809000, "netIncome": 64195000, "netIncomeRatio": 0.0169612303, "eps": 2.54, "epsdiluted": 2.52, "weightedAverageShsOut": 25305000, "weightedAverageShsOutDil": 25436000, "link": "https://www.sec.gov/Archives/edgar/data/763744/000076374424000023/0000763744-24-000023-index.htm", "finalLink": "https://www.sec.gov/Archives/edgar/data/763744/000076374424000023/lcii-20231231.htm", "calculatedOtherExpenses": -20000000, "calculatedOperatingExpenses": 652762000, "calculatedNetInterest": -40424000, "calculatedOtherIncome": 0, "calculatedIncomeNonControlling": 0, "calculatedEbitda": 255196000}, {"date": "2022-12-31", "symbol": "LCII", "reportedCurrency": "USD", "cik": "0000763744", "fillingDate": "2023-02-24", "acceptedDate": "2023-02-24 10:47:09", "calendarYear": "2022", "period": "FY", "revenue": 5207143000, "costOfRevenue": 3933854000, "grossProfit": 1273289000, "grossProfitRatio": 0.2445273733, "researchAndDevelopmentExpenses": 26000000, "generalAndAdministrativeExpenses": 489861000, "sellingAndMarketingExpenses": 230400000, "sellingGeneralAndAdministrativeExpenses": 720261000, "otherExpenses": 0, "operatingExpenses": 720261000, "costAndExpenses": 4654115000, "interestIncome": 27573000, "interestExpense": 27573000, "depreciationAndAmortization": 129212000, "ebitda": 682240000, "ebitdaratio": 0.1310200238, "operatingIncome": 553028000, "operatingIncomeRatio": 0.1062056487, "totalOtherIncomeExpensesNet": -27573000, "incomeBeforeTax": 525455000, "incomeBeforeTaxRatio": 0.1009104225, "incomeTaxExpense": 130481000, "netIncome": 394974000, "netIncomeRatio": 0.0758523436, "eps": 15.57, "epsdiluted": 15.48, "weightedAverageShsOut": 25372000, "weightedAverageShsOutDil": 25514000, "link": "https://www.sec.gov/Archives/edgar/data/763744/000076374423000016/0000763744-23-000016-index.htm", "finalLink": "https://www.sec.gov/Archives/edgar/data/763744/000076374423000016/lcii-20221231.htm", "calculatedOtherExpenses": -26000000, "calculatedOperatingExpenses": 720261000, "calculatedNetInterest": 0, "calculatedOtherIncome": -27573000, "calculatedIncomeNonControlling": 0, "calculatedEbitda": 682240000}, {"date": "2021-12-31", "symbol": "LCII", "reportedCurrency": "USD", "cik": "0000763744", "fillingDate": "2022-02-25", "acceptedDate": "2022-02-25 14:35:49", "calendarYear": "2021", "period": "FY", "revenue": 4472697000, "costOfRevenue": 3429662000, "grossProfit": 1043035000, "grossProfitRatio": 0.2332004605, "researchAndDevelopmentExpenses": 17000000, "generalAndAdministrativeExpenses": 440825000, "sellingAndMarketingExpenses": 203800000, "sellingGeneralAndAdministrativeExpenses": 644625000, "otherExpenses": 0, "operatingExpenses": 644625000, "costAndExpenses": 4074287000, "interestIncome": 16366000, "interestExpense": 16366000, "depreciationAndAmortization": 112320000, "ebitda": 510730000, "ebitdaratio": 0.1141883745, "operatingIncome": 398410000, "operatingIncomeRatio": 0.0890760094, "totalOtherIncomeExpensesNet": -16366000, "incomeBeforeTax": 382044000, "incomeBeforeTaxRatio": 0.0854169196, "incomeTaxExpense": 94305000, "netIncome": 287739000, "netIncomeRatio": 0.0643323257, "eps": 11.39, "epsdiluted": 11.32, "weightedAverageShsOut": 25257000, "weightedAverageShsOutDil": 25427000, "link": "https://www.sec.gov/Archives/edgar/data/763744/000076374422000016/0000763744-22-000016-index.htm", "finalLink": "https://www.sec.gov/Archives/edgar/data/763744/000076374422000016/lcii-20211231.htm", "calculatedOtherExpenses": -17000000, "calculatedOperatingExpenses": 644625000, "calculatedNetInterest": 0, "calculatedOtherIncome": -16366000, "calculatedIncomeNonControlling": 0, "calculatedEbitda": 510730000}, {"date": "2020-12-31", "symbol": "LCII", "reportedCurrency": "USD", "cik": "0000763744", "fillingDate": "2021-02-26", "acceptedDate": "2021-02-25 21:10:14", "calendarYear": "2020", "period": "FY", "revenue": 2796166000, "costOfRevenue": 2090076000, "grossProfit": 706090000, "grossProfitRatio": 0.2525207731, "researchAndDevelopmentExpenses": 13000000, "generalAndAdministrativeExpenses": 378756000, "sellingAndMarketingExpenses": 104400000, "sellingGeneralAndAdministrativeExpenses": 483156000, "otherExpenses": 0, "operatingExpenses": 483156000, "costAndExpenses": 2573232000, "interestIncome": 13453000, "interestExpense": 13453000, "depreciationAndAmortization": 97980000, "ebitda": 320914000, "ebitdaratio": 0.1147692948, "operatingIncome": 222934000, "operatingIncomeRatio": 0.0797284568, "totalOtherIncomeExpensesNet": -13453000, "incomeBeforeTax": 209481000, "incomeBeforeTaxRatio": 0.0749172259, "incomeTaxExpense": 51041000, "netIncome": 158440000, "netIncomeRatio": 0.0566633025, "eps": 6.3, "epsdiluted": 6.27, "weightedAverageShsOut": 25134000, "weightedAverageShsOutDil": 25255000, "link": "https://www.sec.gov/Archives/edgar/data/763744/000076374421000019/0000763744-21-000019-index.htm", "finalLink": "https://www.sec.gov/Archives/edgar/data/763744/000076374421000019/lcii-20201231.htm", "calculatedOtherExpenses": -13000000, "calculatedOperatingExpenses": 483156000, "calculatedNetInterest": 0, "calculatedOtherIncome": -13453000, "calculatedIncomeNonControlling": 0, "calculatedEbitda": 320914000}, {"date": "2019-12-31", "symbol": "LCII", "reportedCurrency": "USD", "cik": "0000763744", "fillingDate": "2020-02-27", "acceptedDate": "2020-02-27 17:20:15", "calendarYear": "2019", "period": "FY", "revenue": 2371482000, "costOfRevenue": 1832280000, "grossProfit": 539202000, "grossProfitRatio": 0.2273692147, "researchAndDevelopmentExpenses": 14000000, "generalAndAdministrativeExpenses": 261692000, "sellingAndMarketingExpenses": 77300000, "sellingGeneralAndAdministrativeExpenses": 338992000, "otherExpenses": 0, "operatingExpenses": 338992000, "costAndExpenses": 2171272000, "interestIncome": 8796000, "interestExpense": 8796000, "depreciationAndAmortization": 75358000, "ebitda": 275568000, "ebitdaratio": 0.1162007555, "operatingIncome": 200210000, "operatingIncomeRatio": 0.0844240015, "totalOtherIncomeExpensesNet": -8796000, "incomeBeforeTax": 191414000, "incomeBeforeTaxRatio": 0.0807149285, "incomeTaxExpense": 44905000, "netIncome": 146509000, "netIncomeRatio": 0.0617795117, "eps": 5.86, "epsdiluted": 5.84, "weightedAverageShsOut": 24998000, "weightedAverageShsOutDil": 25093000, "link": "https://www.sec.gov/Archives/edgar/data/763744/000076374420000030/0000763744-20-000030-index.htm", "finalLink": "https://www.sec.gov/Archives/edgar/data/763744/000076374420000030/lcii-20191231.htm", "calculatedOtherExpenses": -14000000, "calculatedOperatingExpenses": 338992000, "calculatedNetInterest": 0, "calculatedOtherIncome": -8796000, "calculatedIncomeNonControlling": 0, "calculatedEbitda": 275568000}, {"date": "2018-12-31", "symbol": "LCII", "reportedCurrency": "USD", "cik": "0000763744", "fillingDate": "2019-02-27", "acceptedDate": "2019-02-27 15:19:09", "calendarYear": "2018", "period": "FY", "revenue": 2475807000, "costOfRevenue": 1955463000, "grossProfit": 520344000, "grossProfitRatio": 0.2101714714, "researchAndDevelopmentExpenses": 16000000, "generalAndAdministrativeExpenses": 321556000, "sellingAndMarketingExpenses": 83200000, "sellingGeneralAndAdministrativeExpenses": 321556000, "otherExpenses": 0, "operatingExpenses": 321556000, "costAndExpenses": 2277019000, "interestIncome": 0, "interestExpense": 6436000, "depreciationAndAmortization": 67526000, "ebitda": 266314000, "ebitdaratio": 0.1075665429, "operatingIncome": 198788000, "operatingIncomeRatio": 0.0802922037, "totalOtherIncomeExpensesNet": -6436000, "incomeBeforeTax": 192352000, "incomeBeforeTaxRatio": 0.0776926473, "incomeTaxExpense": 43801000, "netIncome": 148551000, "netIncomeRatio": 0.0600010421, "eps": 5.9, "epsdiluted": 5.83, "weightedAverageShsOut": 25178000, "weightedAverageShsOutDil": 25463000, "link": "https://www.sec.gov/Archives/edgar/data/763744/000076374419000018/0000763744-19-000018-index.htm", "finalLink": "https://www.sec.gov/Archives/edgar/data/763744/000076374419000018/lcii-20181231.htm", "calculatedOtherExpenses": -16000000, "calculatedOperatingExpenses": 321556000, "calculatedNetInterest": -6436000, "calculatedOtherIncome": 0, "calculatedIncomeNonControlling": 0, "calculatedEbitda": 266314000}, {"date": "2017-12-31", "symbol": "LCII", "reportedCurrency": "USD", "cik": "0000763744", "fillingDate": "2018-02-28", "acceptedDate": "2018-02-28 13:12:56", "calendarYear": "2017", "period": "FY", "revenue": 2147770000, "costOfRevenue": 1654656000, "grossProfit": 493114000, "grossProfitRatio": 0.2295934853, "researchAndDevelopmentExpenses": 4687000, "generalAndAdministrativeExpenses": 278833000, "sellingAndMarketingExpenses": 68600000, "sellingGeneralAndAdministrativeExpenses": 278833000, "otherExpenses": 0, "operatingExpenses": 278833000, "costAndExpenses": 1933489000, "interestIncome": 0, "interestExpense": 1437000, "depreciationAndAmortization": 54727000, "ebitda": 269008000, "ebitdaratio": 0.1252499104, "operatingIncome": 214281000, "operatingIncomeRatio": 0.0997690628, "totalOtherIncomeExpensesNet": -1437000, "incomeBeforeTax": 212844000, "incomeBeforeTaxRatio": 0.0990999967, "incomeTaxExpense": 79960000, "netIncome": 132884000, "netIncomeRatio": 0.0618706845, "eps": 5.31, "epsdiluted": 5.24, "weightedAverageShsOut": 25020000, "weightedAverageShsOutDil": 25375000, "link": "https://www.sec.gov/Archives/edgar/data/763744/000076374418000042/0000763744-18-000042-index.htm", "finalLink": "https://www.sec.gov/Archives/edgar/data/763744/000076374418000042/lcii-12312017x10k.htm", "calculatedOtherExpenses": -4687000, "calculatedOperatingExpenses": 278833000, "calculatedNetInterest": -1437000, "calculatedOtherIncome": 0, "calculatedIncomeNonControlling": 0, "calculatedEbitda": 269008000}, {"date": "2016-12-31", "symbol": "LCII", "reportedCurrency": "USD", "cik": "0000763744", "fillingDate": "2017-02-28", "acceptedDate": "2017-02-28 15:53:59", "calendarYear": "2016", "period": "FY", "revenue": 1678898000, "costOfRevenue": 1249995000, "grossProfit": 428903000, "grossProfitRatio": 0.2554669789, "researchAndDevelopmentExpenses": 9000000, "generalAndAdministrativeExpenses": 228053000, "sellingAndMarketingExpenses": 51800000, "sellingGeneralAndAdministrativeExpenses": 228053000, "otherExpenses": 0, "operatingExpenses": 228053000, "costAndExpenses": 1478048000, "interestIncome": 0, "interestExpense": 1678000, "depreciationAndAmortization": 46167000, "ebitda": 247017000, "ebitdaratio": 0.1471304391, "operatingIncome": 200850000, "operatingIncomeRatio": 0.1196320444, "totalOtherIncomeExpensesNet": -1678000, "incomeBeforeTax": 199172000, "incomeBeforeTaxRatio": 0.1186325792, "incomeTaxExpense": 69501000, "netIncome": 129671000, "netIncomeRatio": 0.077235782, "eps": 5.26, "epsdiluted": 5.2, "weightedAverageShsOut": 24631000, "weightedAverageShsOutDil": 24933000, "link": "https://www.sec.gov/Archives/edgar/data/763744/000076374417000049/0000763744-17-000049-index.htm", "finalLink": "https://www.sec.gov/Archives/edgar/data/763744/000076374417000049/lcii-12312016x10k.htm", "calculatedOtherExpenses": -9000000, "calculatedOperatingExpenses": 228053000, "calculatedNetInterest": -1678000, "calculatedOtherIncome": 0, "calculatedIncomeNonControlling": 0, "calculatedEbitda": 247017000}, {"date": "2015-12-31", "symbol": "LCII", "reportedCurrency": "USD", "cik": "0000763744", "fillingDate": "2016-02-29", "acceptedDate": "2016-02-29 16:17:57", "calendarYear": "2015", "period": "FY", "revenue": 1403066000, "costOfRevenue": 1097064000, "grossProfit": 306002000, "grossProfitRatio": 0.2180952286, "researchAndDevelopmentExpenses": 8000000, "generalAndAdministrativeExpenses": 186032000, "sellingAndMarketingExpenses": 45800000, "sellingGeneralAndAdministrativeExpenses": 186032000, "otherExpenses": 0, "operatingExpenses": 186032000, "costAndExpenses": 1283096000, "interestIncome": 0, "interestExpense": 1885000, "depreciationAndAmortization": 41624000, "ebitda": 161594000, "ebitdaratio": 0.1151720589, "operatingIncome": 116254000, "operatingIncomeRatio": 0.0828571143, "totalOtherIncomeExpensesNet": -3716000, "incomeBeforeTax": 114369000, "incomeBeforeTaxRatio": 0.081513628, "incomeTaxExpense": 40024000, "netIncome": 74345000, "netIncomeRatio": 0.0529875287, "eps": 3.06, "epsdiluted": 3.02, "weightedAverageShsOut": 24295000, "weightedAverageShsOutDil": 24650000, "link": "https://www.sec.gov/Archives/edgar/data/763744/000076374416000351/0000763744-16-000351-index.htm", "finalLink": "https://www.sec.gov/Archives/edgar/data/763744/000076374416000351/dw-12312015x10k.htm", "calculatedOtherExpenses": -4284000, "calculatedOperatingExpenses": 189748000, "calculatedNetInterest": -1885000, "calculatedOtherIncome": 0, "calculatedIncomeNonControlling": 0, "calculatedEbitda": 157878000}, {"date": "2014-12-31", "symbol": "LCII", "reportedCurrency": "USD", "cik": "0000763744", "fillingDate": "2015-03-02", "acceptedDate": "2015-03-02 14:03:45", "calendarYear": "2014", "period": "FY", "revenue": 1190782000, "costOfRevenue": 935859000, "grossProfit": 254923000, "grossProfitRatio": 0.214080327, "researchAndDevelopmentExpenses": 5000000, "generalAndAdministrativeExpenses": 157482000, "sellingAndMarketingExpenses": 40900000, "sellingGeneralAndAdministrativeExpenses": 157482000, "otherExpenses": 0, "operatingExpenses": 157482000, "costAndExpenses": 1093341000, "interestIncome": 0, "interestExpense": 430000, "depreciationAndAmortization": 32596000, "ebitda": 130037000, "ebitdaratio": 0.1092030279, "operatingIncome": 95487000, "operatingIncomeRatio": 0.0801884812, "totalOtherIncomeExpensesNet": -1954000, "incomeBeforeTax": 95057000, "incomeBeforeTaxRatio": 0.0798273739, "incomeTaxExpense": 32791000, "netIncome": 62266000, "netIncomeRatio": 0.0522900077, "eps": 2.6, "epsdiluted": 2.56, "weightedAverageShsOut": 23911000, "weightedAverageShsOutDil": 24334000, "link": "https://www.sec.gov/Archives/edgar/data/763744/000076374415000037/0000763744-15-000037-index.htm", "finalLink": "https://www.sec.gov/Archives/edgar/data/763744/000076374415000037/dw-12312014x10k.htm", "calculatedOtherExpenses": -3046000, "calculatedOperatingExpenses": 159436000, "calculatedNetInterest": -430000, "calculatedOtherIncome": 0, "calculatedIncomeNonControlling": 0, "calculatedEbitda": 128083000}, {"date": "2013-12-31", "symbol": "LCII", "reportedCurrency": "USD", "cik": "0000763744", "fillingDate": "2014-02-28", "acceptedDate": "2014-02-28 16:19:23", "calendarYear": "2013", "period": "FY", "revenue": 1015576000, "costOfRevenue": 802467000, "grossProfit": 213109000, "grossProfitRatio": 0.209840524, "researchAndDevelopmentExpenses": 5000000, "generalAndAdministrativeExpenses": 134811000, "sellingAndMarketingExpenses": 36400000, "sellingGeneralAndAdministrativeExpenses": 134811000, "otherExpenses": 0, "operatingExpenses": 134811000, "costAndExpenses": 937278000, "interestIncome": 0, "interestExpense": 351000, "depreciationAndAmortization": 27500000, "ebitda": 105798000, "ebitdaratio": 0.1041753645, "operatingIncome": 78298000, "operatingIncomeRatio": 0.077097135, "totalOtherIncomeExpensesNet": -351000, "incomeBeforeTax": 77947000, "incomeBeforeTaxRatio": 0.0767515184, "incomeTaxExpense": 27828000, "netIncome": 50119000, "netIncomeRatio": 0.0493503194, "eps": 2.15, "epsdiluted": 2.11, "weightedAverageShsOut": 23321000, "weightedAverageShsOutDil": 23753000, "link": "https://www.sec.gov/Archives/edgar/data/763744/000143774914003110/0001437749-14-003110-index.htm", "finalLink": "https://www.sec.gov/Archives/edgar/data/763744/000143774914003110/dw20140227_10k.htm", "calculatedOtherExpenses": -5000000, "calculatedOperatingExpenses": 134811000, "calculatedNetInterest": -351000, "calculatedOtherIncome": 0, "calculatedIncomeNonControlling": 0, "calculatedEbitda": 105798000}, {"date": "2012-12-31", "symbol": "LCII", "reportedCurrency": "USD", "cik": "0000763744", "fillingDate": "2013-03-12", "acceptedDate": "2013-03-12 17:25:31", "calendarYear": "2012", "period": "FY", "revenue": 901123000, "costOfRevenue": 732464000, "grossProfit": 168659000, "grossProfitRatio": 0.1871653481, "researchAndDevelopmentExpenses": 0, "generalAndAdministrativeExpenses": 110527000, "sellingAndMarketingExpenses": 0, "sellingGeneralAndAdministrativeExpenses": 110527000, "otherExpenses": 0, "operatingExpenses": 110527000, "costAndExpenses": 842991000, "interestIncome": 0, "interestExpense": 330000, "depreciationAndAmortization": 25665000, "ebitda": 83797000, "ebitdaratio": 0.0929917447, "operatingIncome": 58132000, "operatingIncomeRatio": 0.0645106162, "totalOtherIncomeExpensesNet": -330000, "incomeBeforeTax": 57802000, "incomeBeforeTaxRatio": 0.0641444065, "incomeTaxExpense": 20462000, "netIncome": 37340000, "netIncomeRatio": 0.0414371845, "eps": 1.66, "epsdiluted": 1.64, "weightedAverageShsOut": 22558000, "weightedAverageShsOutDil": 22828000, "link": "https://www.sec.gov/Archives/edgar/data/763744/000143774913002733/0001437749-13-002733-index.htm", "finalLink": "https://www.sec.gov/Archives/edgar/data/763744/000143774913002733/dii_10k-123112.htm", "calculatedOtherExpenses": 0, "calculatedOperatingExpenses": 110527000, "calculatedNetInterest": -330000, "calculatedOtherIncome": 0, "calculatedIncomeNonControlling": 0, "calculatedEbitda": 83797000}, {"date": "2011-12-31", "symbol": "LCII", "reportedCurrency": "USD", "cik": "0000763744", "fillingDate": "2012-03-14", "acceptedDate": "2012-03-14 14:48:38", "calendarYear": "2011", "period": "FY", "revenue": 681166000, "costOfRevenue": 541445000, "grossProfit": 139721000, "grossProfitRatio": 0.2051203378, "researchAndDevelopmentExpenses": 0, "generalAndAdministrativeExpenses": 91252000, "sellingAndMarketingExpenses": 0, "sellingGeneralAndAdministrativeExpenses": 91252000, "otherExpenses": -79000, "operatingExpenses": 91173000, "costAndExpenses": 632618000, "interestIncome": 0, "interestExpense": 292000, "depreciationAndAmortization": 20522000, "ebitda": 69070000, "ebitdaratio": 0.1013996588, "operatingIncome": 48548000, "operatingIncomeRatio": 0.0712719073, "totalOtherIncomeExpensesNet": -292000, "incomeBeforeTax": 48256000, "incomeBeforeTaxRatio": 0.0708432306, "incomeTaxExpense": 18197000, "netIncome": 30059000, "netIncomeRatio": 0.0441287439, "eps": 1.35, "epsdiluted": 1.34, "weightedAverageShsOut": 22267000, "weightedAverageShsOutDil": 22444000, "link": "https://www.sec.gov/Archives/edgar/data/763744/000143774912002281/0001437749-12-002281-index.htm", "finalLink": "https://www.sec.gov/Archives/edgar/data/763744/000143774912002281/drew_10k-123111.htm", "calculatedOtherExpenses": -79000, "calculatedOperatingExpenses": 91173000, "calculatedNetInterest": -292000, "calculatedOtherIncome": 0, "calculatedIncomeNonControlling": 0, "calculatedEbitda": 69070000}, {"date": "2010-12-31", "symbol": "LCII", "reportedCurrency": "USD", "cik": "0000763744", "fillingDate": "2011-03-11", "acceptedDate": "2011-03-11 16:24:17", "calendarYear": "2010", "period": "FY", "revenue": 572755000, "costOfRevenue": 446585000, "grossProfit": 126170000, "grossProfitRatio": 0.2202861607, "researchAndDevelopmentExpenses": 0, "generalAndAdministrativeExpenses": 80821000, "sellingAndMarketingExpenses": 0, "sellingGeneralAndAdministrativeExpenses": 80821000, "otherExpenses": -79000, "operatingExpenses": 80742000, "costAndExpenses": 527327000, "interestIncome": 0, "interestExpense": 218000, "depreciationAndAmortization": 17087000, "ebitda": 62515000, "ebitdaratio": 0.1091478905, "operatingIncome": 45428000, "operatingIncomeRatio": 0.0793148903, "totalOtherIncomeExpensesNet": -218000, "incomeBeforeTax": 45210000, "incomeBeforeTaxRatio": 0.0789342738, "incomeTaxExpense": 17176000, "netIncome": 28034000, "netIncomeRatio": 0.0489458844, "eps": 1.27, "epsdiluted": 1.26, "weightedAverageShsOut": 22123000, "weightedAverageShsOutDil": 22266000, "link": "https://www.sec.gov/Archives/edgar/data/763744/000114420411014319/0001144204-11-014319-index.htm", "finalLink": "https://www.sec.gov/Archives/edgar/data/763744/000114420411014319/v214397_10k.htm", "calculatedOtherExpenses": -79000, "calculatedOperatingExpenses": 80742000, "calculatedNetInterest": -218000, "calculatedOtherIncome": 0, "calculatedIncomeNonControlling": 0, "calculatedEbitda": 62515000}, {"date": "2009-12-31", "symbol": "LCII", "reportedCurrency": "USD", "cik": "0000763744", "fillingDate": "2010-03-11", "acceptedDate": "2010-03-11 14:38:37", "calendarYear": "2009", "period": "FY", "revenue": 397839000, "costOfRevenue": 319129000, "grossProfit": 78710000, "grossProfitRatio": 0.1978438514, "researchAndDevelopmentExpenses": 0, "generalAndAdministrativeExpenses": 69489000, "sellingAndMarketingExpenses": 0, "sellingGeneralAndAdministrativeExpenses": 69489000, "otherExpenses": -238000, "operatingExpenses": 69251000, "costAndExpenses": 388380000, "interestIncome": 0, "interestExpense": 789000, "depreciationAndAmortization": 18468000, "ebitda": 72967000, "ebitdaratio": 0.1834083637, "operatingIncome": -35581000, "operatingIncomeRatio": -0.0894356762, "totalOtherIncomeExpensesNet": -45040000, "incomeBeforeTax": -36370000, "incomeBeforeTaxRatio": -0.0914188906, "incomeTaxExpense": -12317000, "netIncome": -24053000, "netIncomeRatio": -0.0604591305, "eps": -1.1, "epsdiluted": -1.1, "weightedAverageShsOut": 21807000, "weightedAverageShsOutDil": 21807000, "link": "https://www.sec.gov/Archives/edgar/data/763744/000114420410012718/0001144204-10-012718-index.htm", "finalLink": "https://www.sec.gov/Archives/edgar/data/763744/000114420410012718/v177000_10k.htm", "calculatedOtherExpenses": 44802000, "calculatedOperatingExpenses": 114291000, "calculatedNetInterest": -789000, "calculatedOtherIncome": 0, "calculatedIncomeNonControlling": 0, "calculatedEbitda": -17113000}, {"date": "2008-12-31", "symbol": "LCII", "reportedCurrency": "USD", "cik": "0000763744", "fillingDate": "2009-03-12", "acceptedDate": "2009-03-12 11:37:29", "calendarYear": "2008", "period": "FY", "revenue": 510506000, "costOfRevenue": 403000000, "grossProfit": 107506000, "grossProfitRatio": 0.210587143, "researchAndDevelopmentExpenses": 0, "generalAndAdministrativeExpenses": 80129000, "sellingAndMarketingExpenses": 0, "sellingGeneralAndAdministrativeExpenses": 80129000, "otherExpenses": 7479000, "operatingExpenses": 87608000, "costAndExpenses": 490608000, "interestIncome": 0, "interestExpense": 8356000, "depreciationAndAmortization": 17078000, "ebitda": 44455000, "ebitdaratio": 0.0870802694, "operatingIncome": 19898000, "operatingIncomeRatio": 0.038977015, "totalOtherIncomeExpensesNet": -7479000, "incomeBeforeTax": 19021000, "incomeBeforeTaxRatio": 0.0372591115, "incomeTaxExpense": 7343000, "netIncome": 11678000, "netIncomeRatio": 0.0228753433, "eps": 0.54, "epsdiluted": 0.53, "weightedAverageShsOut": 21808000, "weightedAverageShsOutDil": 21917000, "link": "https://www.sec.gov/Archives/edgar/data/763744/000114420409013467/0001144204-09-013467-index.htm", "finalLink": "https://www.sec.gov/Archives/edgar/data/763744/000114420409013467/v142573_10k.htm", "calculatedOtherExpenses": 7479000, "calculatedOperatingExpenses": 87608000, "calculatedNetInterest": -8356000, "calculatedOtherIncome": 7479000, "calculatedIncomeNonControlling": 0, "calculatedEbitda": 36976000}, {"date": "2007-12-31", "symbol": "LCII", "reportedCurrency": "USD", "cik": "0000763744", "fillingDate": "2008-03-17", "acceptedDate": "2008-03-17 10:34:47", "calendarYear": "2007", "period": "FY", "revenue": 668625000, "costOfRevenue": 510200000, "grossProfit": 158425000, "grossProfitRatio": 0.2369414844, "researchAndDevelopmentExpenses": 0, "generalAndAdministrativeExpenses": 93173000, "sellingAndMarketingExpenses": 0, "sellingGeneralAndAdministrativeExpenses": 93173000, "otherExpenses": -707000, "operatingExpenses": 92466000, "costAndExpenses": 602666000, "interestIncome": 0, "interestExpense": 1908000, "depreciationAndAmortization": 17557000, "ebitda": 82809000, "ebitdaratio": 0.1238496915, "operatingIncome": 65959000, "operatingIncomeRatio": 0.0986487194, "totalOtherIncomeExpensesNet": 707000, "incomeBeforeTax": 63344000, "incomeBeforeTaxRatio": 0.094737708, "incomeTaxExpense": 23577000, "netIncome": 39767000, "netIncomeRatio": 0.0594757899, "eps": 1.82, "epsdiluted": 1.8, "weightedAverageShsOut": 21850000, "weightedAverageShsOutDil": 22092778, "link": "https://www.sec.gov/Archives/edgar/data/763744/000114420408015560/0001144204-08-015560-index.htm", "finalLink": "https://www.sec.gov/Archives/edgar/data/763744/000114420408015560/v107066_10k.htm", "calculatedOtherExpenses": -707000, "calculatedOperatingExpenses": 92466000, "calculatedNetInterest": -1908000, "calculatedOtherIncome": -707000, "calculatedIncomeNonControlling": 0, "calculatedEbitda": 83516000}, {"date": "2006-12-31", "symbol": "LCII", "reportedCurrency": "USD", "cik": "0000763744", "fillingDate": "2007-03-13", "acceptedDate": "2007-03-13 12:32:17", "calendarYear": "2006", "period": "FY", "revenue": 729232000, "costOfRevenue": 575156000, "grossProfit": 154076000, "grossProfitRatio": 0.2112852974, "researchAndDevelopmentExpenses": 0, "generalAndAdministrativeExpenses": 99419000, "sellingAndMarketingExpenses": 0, "sellingGeneralAndAdministrativeExpenses": 99419000, "otherExpenses": -638000, "operatingExpenses": 98781000, "costAndExpenses": 673937000, "interestIncome": 0, "interestExpense": 3963000, "depreciationAndAmortization": 15669000, "ebitda": 70326000, "ebitdaratio": 0.0964384448, "operatingIncome": 55295000, "operatingIncomeRatio": 0.0758263488, "totalOtherIncomeExpensesNet": 638000, "incomeBeforeTax": 50694000, "incomeBeforeTaxRatio": 0.0695169713, "incomeTaxExpense": 19671000, "netIncome": 31023000, "netIncomeRatio": 0.0425420168, "eps": 1.43, "epsdiluted": 1.42, "weightedAverageShsOut": 21694406, "weightedAverageShsOutDil": 21847183, "link": "https://www.sec.gov/Archives/edgar/data/763744/000114420407012421/0001144204-07-012421-index.htm", "finalLink": "https://www.sec.gov/Archives/edgar/data/763744/000114420407012421/v068206.htm", "calculatedOtherExpenses": -638000, "calculatedOperatingExpenses": 98781000, "calculatedNetInterest": -3963000, "calculatedOtherIncome": -638000, "calculatedIncomeNonControlling": 0, "calculatedEbitda": 70964000}, {"date": "2005-12-31", "symbol": "LCII", "reportedCurrency": "USD", "cik": "0000763744", "fillingDate": "2006-03-14", "acceptedDate": "2006-03-14 15:24:22", "calendarYear": "2005", "period": "FY", "revenue": 669147000, "costOfRevenue": 519000000, "grossProfit": 150147000, "grossProfitRatio": 0.2243856731, "researchAndDevelopmentExpenses": 0, "generalAndAdministrativeExpenses": 92549000, "sellingAndMarketingExpenses": 0, "sellingGeneralAndAdministrativeExpenses": 92549000, "otherExpenses": -131000, "operatingExpenses": 92418000, "costAndExpenses": 611418000, "interestIncome": 0, "interestExpense": 3535000, "depreciationAndAmortization": 11945000, "ebitda": 69543000, "ebitdaratio": 0.1039278365, "operatingIncome": 57729000, "operatingIncomeRatio": 0.0862725231, "totalOtherIncomeExpensesNet": 131000, "incomeBeforeTax": 54063000, "incomeBeforeTaxRatio": 0.0807939063, "incomeTaxExpense": 20461000, "netIncome": 33602000, "netIncomeRatio": 0.0502161707, "eps": 1.6, "epsdiluted": 1.56, "weightedAverageShsOut": 21001250, "weightedAverageShsOutDil": 21539744, "link": "https://www.sec.gov/Archives/edgar/data/763744/000114420406009780/0001144204-06-009780-index.htm", "finalLink": "https://www.sec.gov/Archives/edgar/data/763744/000114420406009780/v037629_10k.htm", "calculatedOtherExpenses": -131000, "calculatedOperatingExpenses": 92418000, "calculatedNetInterest": -3535000, "calculatedOtherIncome": -131000, "calculatedIncomeNonControlling": 0, "calculatedEbitda": 69674000}, {"date": "2004-12-31", "symbol": "LCII", "reportedCurrency": "USD", "cik": "0000763744", "fillingDate": "2005-03-14", "acceptedDate": "2005-03-14 15:05:37", "calendarYear": "2004", "period": "FY", "revenue": 530870000, "costOfRevenue": 414491000, "grossProfit": 116379000, "grossProfitRatio": 0.219223162, "researchAndDevelopmentExpenses": 0, "generalAndAdministrativeExpenses": 72811000, "sellingAndMarketingExpenses": 0, "sellingGeneralAndAdministrativeExpenses": 72811000, "otherExpenses": -428000, "operatingExpenses": 72383000, "costAndExpenses": 486874000, "interestIncome": 0, "interestExpense": 2711000, "depreciationAndAmortization": 9300000, "ebitda": 52868000, "ebitdaratio": 0.0995874696, "operatingIncome": 43996000, "operatingIncomeRatio": 0.0828752802, "totalOtherIncomeExpensesNet": 428000, "incomeBeforeTax": 40857000, "incomeBeforeTaxRatio": 0.0769623448, "incomeTaxExpense": 15749000, "netIncome": 25108000, "netIncomeRatio": 0.0472959482, "eps": 1.22, "epsdiluted": 1.18, "weightedAverageShsOut": 20580328, "weightedAverageShsOutDil": 21277966, "link": "https://www.sec.gov/Archives/edgar/data/763744/000116923205001646/0001169232-05-001646-index.htm", "finalLink": "https://www.sec.gov/Archives/edgar/data/763744/000116923205001646/d62943_10-k.htm", "calculatedOtherExpenses": -428000, "calculatedOperatingExpenses": 72383000, "calculatedNetInterest": -2711000, "calculatedOtherIncome": -428000, "calculatedIncomeNonControlling": 0, "calculatedEbitda": 53296000}, {"date": "2003-12-31", "symbol": "LCII", "reportedCurrency": "USD", "cik": "0000763744", "fillingDate": "2004-03-11", "acceptedDate": "2004-03-11 12:58:50", "calendarYear": "2003", "period": "FY", "revenue": 353116000, "costOfRevenue": 266435000, "grossProfit": 86681000, "grossProfitRatio": 0.2454745749, "researchAndDevelopmentExpenses": 0, "generalAndAdministrativeExpenses": 52404000, "sellingAndMarketingExpenses": 0, "sellingGeneralAndAdministrativeExpenses": 52404000, "otherExpenses": 0, "operatingExpenses": 52404000, "costAndExpenses": 318839000, "interestIncome": 0, "interestExpense": 2986000, "depreciationAndAmortization": 7863000, "ebitda": 42140000, "ebitdaratio": 0.1193375548, "operatingIncome": 34277000, "operatingIncomeRatio": 0.0970700846, "totalOtherIncomeExpensesNet": -3034000, "incomeBeforeTax": 31243000, "incomeBeforeTaxRatio": 0.0884780072, "incomeTaxExpense": 11868000, "netIncome": 19423000, "netIncomeRatio": 0.0550045877, "eps": 0.96, "epsdiluted": 0.94, "weightedAverageShsOut": 20232292, "weightedAverageShsOutDil": 20662766, "link": "https://www.sec.gov/Archives/edgar/data/763744/000116923204001671/0001169232-04-001671-index.htm", "finalLink": "https://www.sec.gov/Archives/edgar/data/763744/000116923204001671/d58763_10-k.htm", "calculatedOtherExpenses": 0, "calculatedOperatingExpenses": 52404000, "calculatedNetInterest": -2986000, "calculatedOtherIncome": -48000, "calculatedIncomeNonControlling": -48000, "calculatedEbitda": 42140000}, {"date": "2002-12-31", "symbol": "LCII", "reportedCurrency": "USD", "cik": "0000763744", "fillingDate": "2003-03-28", "acceptedDate": "2003-03-28 17:27:16", "calendarYear": "2002", "period": "FY", "revenue": 325431000, "costOfRevenue": 246844000, "grossProfit": 78587000, "grossProfitRatio": 0.2414859064, "researchAndDevelopmentExpenses": 0, "generalAndAdministrativeExpenses": 49374000, "sellingAndMarketingExpenses": 0, "sellingGeneralAndAdministrativeExpenses": 49374000, "otherExpenses": 0, "operatingExpenses": 49374000, "costAndExpenses": 296218000, "interestIncome": 0, "interestExpense": 33928000, "depreciationAndAmortization": 7332000, "ebitda": 36545000, "ebitdaratio": 0.1122972304, "operatingIncome": 29213000, "operatingIncomeRatio": 0.0897671088, "totalOtherIncomeExpensesNet": -3566000, "incomeBeforeTax": 25647000, "incomeBeforeTaxRatio": 0.0788093329, "incomeTaxExpense": 9883000, "netIncome": -14598000, "netIncomeRatio": -0.0448574352, "eps": -0.74, "epsdiluted": -0.73, "weightedAverageShsOut": 19594631, "weightedAverageShsOutDil": 19997260, "link": "https://www.sec.gov/Archives/edgar/data/763744/000116923203002426/0001169232-03-002426-index.htm", "finalLink": "https://www.sec.gov/Archives/edgar/data/763744/000116923203002426/d54858_10-k.txt", "calculatedOtherExpenses": 0, "calculatedOperatingExpenses": 49374000, "calculatedNetInterest": -33928000, "calculatedOtherIncome": 30362000, "calculatedIncomeNonControlling": 30362000, "calculatedEbitda": 36545000}, {"date": "2001-12-31", "symbol": "LCII", "reportedCurrency": "USD", "cik": "0000763744", "fillingDate": "2002-03-27", "acceptedDate": "2002-03-27 00:00:00", "calendarYear": "2001", "period": "FY", "revenue": 269469000, "costOfRevenue": 208072000, "grossProfit": 61397000, "grossProfitRatio": 0.2278443903, "researchAndDevelopmentExpenses": 0, "generalAndAdministrativeExpenses": 42292000, "sellingAndMarketingExpenses": 0, "sellingGeneralAndAdministrativeExpenses": 42292000, "otherExpenses": 0, "operatingExpenses": 42292000, "costAndExpenses": 250364000, "interestIncome": 0, "interestExpense": 4310000, "depreciationAndAmortization": 8534000, "ebitda": 27639000, "ebitdaratio": 0.1025683845, "operatingIncome": 19105000, "operatingIncomeRatio": 0.0708986934, "totalOtherIncomeExpensesNet": -4310000, "incomeBeforeTax": 14795000, "incomeBeforeTaxRatio": 0.0549042747, "incomeTaxExpense": 5861000, "netIncome": 8934000, "netIncomeRatio": 0.0331540919, "eps": 0.46, "epsdiluted": 0.46, "weightedAverageShsOut": 19421739, "weightedAverageShsOutDil": 19421739, "link": "https://www.sec.gov/Archives/edgar/data/763744/000100547702001387/0001005477-02-001387-index.htm", "finalLink": "https://www.sec.gov/Archives/edgar/data/763744/000100547702001387/d02-36756.txt", "calculatedOtherExpenses": 0, "calculatedOperatingExpenses": 42292000, "calculatedNetInterest": -4310000, "calculatedOtherIncome": 0, "calculatedIncomeNonControlling": 0, "calculatedEbitda": 27639000}, {"date": "2000-12-31", "symbol": "LCII", "reportedCurrency": "USD", "cik": "0000763744", "fillingDate": "2001-03-28", "acceptedDate": "2001-03-28 00:00:00", "calendarYear": "2000", "period": "FY", "revenue": 287765000, "costOfRevenue": 221646000, "grossProfit": 66119000, "grossProfitRatio": 0.2297673449, "researchAndDevelopmentExpenses": 0, "generalAndAdministrativeExpenses": 42733000, "sellingAndMarketingExpenses": 0, "sellingGeneralAndAdministrativeExpenses": 42733000, "otherExpenses": 8954000, "operatingExpenses": 51687000, "costAndExpenses": 273333000, "interestIncome": 0, "interestExpense": 17753000, "depreciationAndAmortization": 8954000, "ebitda": 30283000, "ebitdaratio": 0.1052351745, "operatingIncome": 14432000, "operatingIncomeRatio": 0.0501520338, "totalOtherIncomeExpensesNet": -6897000, "incomeBeforeTax": 3576000, "incomeBeforeTaxRatio": 0.0124268066, "incomeTaxExpense": 2029000, "netIncome": 1547000, "netIncomeRatio": 0.0053759144, "eps": 0.075, "epsdiluted": 0.075, "weightedAverageShsOut": 20626667, "weightedAverageShsOutDil": 20626667, "link": "https://www.sec.gov/Archives/edgar/data/763744/000100547701002240/0001005477-01-002240-index.htm", "finalLink": "https://www.sec.gov/Archives/edgar/data/763744/000100547701002240/0001005477-01-002240-0001.txt", "calculatedOtherExpenses": 8954000, "calculatedOperatingExpenses": 51687000, "calculatedNetInterest": -17753000, "calculatedOtherIncome": 6897000, "calculatedIncomeNonControlling": 0, "calculatedEbitda": 23386000}, {"date": "1999-12-31", "symbol": "LCII", "reportedCurrency": "USD", "cik": "0000763744", "fillingDate": "2000-03-24", "acceptedDate": "2000-03-24 00:00:00", "calendarYear": "1999", "period": "FY", "revenue": 324500000, "costOfRevenue": 241000000, "grossProfit": 83500000, "grossProfitRatio": 0.2573189522, "researchAndDevelopmentExpenses": 0, "generalAndAdministrativeExpenses": 43400000, "sellingAndMarketingExpenses": 0, "sellingGeneralAndAdministrativeExpenses": 43400000, "otherExpenses": 8100000, "operatingExpenses": 51500000, "costAndExpenses": 292500000, "interestIncome": 0, "interestExpense": 3400000, "depreciationAndAmortization": 8100000, "ebitda": 40100000, "ebitdaratio": 0.1235747304, "operatingIncome": 32000000, "operatingIncomeRatio": 0.0986132512, "totalOtherIncomeExpensesNet": -3400000, "incomeBeforeTax": 28600000, "incomeBeforeTaxRatio": 0.0881355932, "incomeTaxExpense": 11400000, "netIncome": 17200000, "netIncomeRatio": 0.0530046225, "eps": 0.76, "epsdiluted": 0.76, "weightedAverageShsOut": 22781457, "weightedAverageShsOutDil": 22781457, "link": "https://www.sec.gov/Archives/edgar/data/763744/000100547700002443/0001005477-00-002443-index.html", "finalLink": "https://www.sec.gov/Archives/edgar/data/763744/000100547700002443/", "calculatedOtherExpenses": 8100000, "calculatedOperatingExpenses": 51500000, "calculatedNetInterest": -3400000, "calculatedOtherIncome": 0, "calculatedIncomeNonControlling": 0, "calculatedEbitda": 40100000}, {"date": "1998-12-31", "symbol": "LCII", "reportedCurrency": "USD", "cik": "0000763744", "fillingDate": "1999-03-30", "acceptedDate": "1999-03-30 00:00:00", "calendarYear": "1998", "period": "FY", "revenue": 330600000, "costOfRevenue": 255900000, "grossProfit": 74700000, "grossProfitRatio": 0.2259528131, "researchAndDevelopmentExpenses": 0, "generalAndAdministrativeExpenses": 39000000, "sellingAndMarketingExpenses": 0, "sellingGeneralAndAdministrativeExpenses": 39000000, "otherExpenses": 6800000, "operatingExpenses": 45800000, "costAndExpenses": 301700000, "interestIncome": 0, "interestExpense": 3900000, "depreciationAndAmortization": 6800000, "ebitda": 35700000, "ebitdaratio": 0.1079854809, "operatingIncome": 28900000, "operatingIncomeRatio": 0.0874168179, "totalOtherIncomeExpensesNet": -3900000, "incomeBeforeTax": 25000000, "incomeBeforeTaxRatio": 0.0756200847, "incomeTaxExpense": 9800000, "netIncome": 15200000, "netIncomeRatio": 0.0459770115, "eps": 0.68, "epsdiluted": 0.67, "weightedAverageShsOut": 22352941, "weightedAverageShsOutDil": 22686567, "link": "https://www.sec.gov/Archives/edgar/data/763744/000100547799001463/0001005477-99-001463-index.html", "finalLink": "https://www.sec.gov/Archives/edgar/data/763744/", "calculatedOtherExpenses": 6800000, "calculatedOperatingExpenses": 45800000, "calculatedNetInterest": -3900000, "calculatedOtherIncome": 0, "calculatedIncomeNonControlling": 0, "calculatedEbitda": 35700000}, {"date": "1997-12-31", "symbol": "LCII", "reportedCurrency": "USD", "cik": "0000763744", "fillingDate": "1998-03-31", "acceptedDate": "1998-03-31 00:00:00", "calendarYear": "1997", "period": "FY", "revenue": 208400000, "costOfRevenue": 159100000, "grossProfit": 49300000, "grossProfitRatio": 0.2365642994, "researchAndDevelopmentExpenses": 0, "generalAndAdministrativeExpenses": 24500000, "sellingAndMarketingExpenses": 0, "sellingGeneralAndAdministrativeExpenses": 24500000, "otherExpenses": 3000000, "operatingExpenses": 27500000, "costAndExpenses": 186600000, "interestIncome": 0, "interestExpense": 2500000, "depreciationAndAmortization": 3000000, "ebitda": 24800000, "ebitdaratio": 0.1190019194, "operatingIncome": 21800000, "operatingIncomeRatio": 0.1046065259, "totalOtherIncomeExpensesNet": -2500000, "incomeBeforeTax": 19300000, "incomeBeforeTaxRatio": 0.0926103647, "incomeTaxExpense": 7300000, "netIncome": 12000000, "netIncomeRatio": 0.0575815739, "eps": 0.61, "epsdiluted": 0.6, "weightedAverageShsOut": 19672131, "weightedAverageShsOutDil": 20168067, "link": "https://www.sec.gov/Archives/edgar/data/763744/000100547798000994/0001005477-98-000994-index.html", "finalLink": "https://www.sec.gov/Archives/edgar/data/763744/", "calculatedOtherExpenses": 3000000, "calculatedOperatingExpenses": 27500000, "calculatedNetInterest": -2500000, "calculatedOtherIncome": 0, "calculatedIncomeNonControlling": 0, "calculatedEbitda": 24800000}, {"date": "1996-12-31", "symbol": "LCII", "reportedCurrency": "USD", "cik": "0000763744", "fillingDate": "1997-03-28", "acceptedDate": "1997-03-28 00:00:00", "calendarYear": "1996", "period": "FY", "revenue": 168200000, "costOfRevenue": 123700000, "grossProfit": 44500000, "grossProfitRatio": 0.2645659929, "researchAndDevelopmentExpenses": 0, "generalAndAdministrativeExpenses": 20400000, "sellingAndMarketingExpenses": 0, "sellingGeneralAndAdministrativeExpenses": 20400000, "otherExpenses": 1700000, "operatingExpenses": 22100000, "costAndExpenses": 145800000, "interestIncome": 0, "interestExpense": 400000, "depreciationAndAmortization": 1700000, "ebitda": 24100000, "ebitdaratio": 0.1432818074, "operatingIncome": 22400000, "operatingIncomeRatio": 0.1331747919, "totalOtherIncomeExpensesNet": -400000, "incomeBeforeTax": 22000000, "incomeBeforeTaxRatio": 0.1307966706, "incomeTaxExpense": 8600000, "netIncome": 13400000, "netIncomeRatio": 0.079667063, "eps": 0.63, "epsdiluted": 0.63, "weightedAverageShsOut": 21440000, "weightedAverageShsOutDil": 23181818, "link": "https://www.sec.gov/Archives/edgar/data/763744/000100547797000906/0001005477-97-000906-index.html", "finalLink": "https://www.sec.gov/Archives/edgar/data/763744/", "calculatedOtherExpenses": 1700000, "calculatedOperatingExpenses": 22100000, "calculatedNetInterest": -400000, "calculatedOtherIncome": 0, "calculatedIncomeNonControlling": 0, "calculatedEbitda": 24100000}, {"date": "1995-12-31", "symbol": "LCII", "reportedCurrency": "USD", "cik": "0000763744", "fillingDate": "1996-03-22", "acceptedDate": "1996-03-22 00:00:00", "calendarYear": "1995", "period": "FY", "revenue": 100100000, "costOfRevenue": 71800000, "grossProfit": 28300000, "grossProfitRatio": 0.2827172827, "researchAndDevelopmentExpenses": 0, "generalAndAdministrativeExpenses": 14700000, "sellingAndMarketingExpenses": 0, "sellingGeneralAndAdministrativeExpenses": 14700000, "otherExpenses": 800000, "operatingExpenses": 15500000, "costAndExpenses": 87300000, "interestIncome": 0, "interestExpense": -200000, "depreciationAndAmortization": 800000, "ebitda": 13500000, "ebitdaratio": 0.1348651349, "operatingIncome": 12800000, "operatingIncomeRatio": 0.1278721279, "totalOtherIncomeExpensesNet": 100000, "incomeBeforeTax": 12900000, "incomeBeforeTaxRatio": 0.1288711289, "incomeTaxExpense": 5100000, "netIncome": 7800000, "netIncomeRatio": 0.0779220779, "eps": 0.4, "epsdiluted": 0.4, "weightedAverageShsOut": 19746835, "weightedAverageShsOutDil": 19746835, "link": "https://www.sec.gov/Archives/edgar/data/763744/000088981296000269/0000889812-96-000269-index.html", "finalLink": "https://www.sec.gov/Archives/edgar/data/763744/", "calculatedOtherExpenses": 800000, "calculatedOperatingExpenses": 15500000, "calculatedNetInterest": 200000, "calculatedOtherIncome": -100000, "calculatedIncomeNonControlling": 0, "calculatedEbitda": 13600000}, {"date": "1994-12-31", "symbol": "LCII", "reportedCurrency": "USD", "cik": "0000763744", "fillingDate": "1994-12-31", "acceptedDate": "1994-12-31 00:00:00", "calendarYear": "1994", "period": "FY", "revenue": 83000000, "costOfRevenue": 59800000, "grossProfit": 23200000, "grossProfitRatio": 0.2795180723, "researchAndDevelopmentExpenses": 0, "generalAndAdministrativeExpenses": 0, "sellingAndMarketingExpenses": 0, "sellingGeneralAndAdministrativeExpenses": 13300000, "otherExpenses": 700000, "operatingExpenses": 14000000, "costAndExpenses": 73800000, "interestIncome": 0, "interestExpense": 100000, "depreciationAndAmortization": 700000, "ebitda": 9900000, "ebitdaratio": 0.1192771084, "operatingIncome": 9200000, "operatingIncomeRatio": 0.1108433735, "totalOtherIncomeExpensesNet": 0, "incomeBeforeTax": 9200000, "incomeBeforeTaxRatio": 0.1108433735, "incomeTaxExpense": 3600000, "netIncome": 5500000, "netIncomeRatio": 0.0662650602, "eps": 0.32, "epsdiluted": 0.31, "weightedAverageShsOut": 17460317, "weightedAverageShsOutDil": 18032787, "link": null, "finalLink": null, "calculatedOtherExpenses": 700000, "calculatedOperatingExpenses": 14000000, "calculatedNetInterest": -100000, "calculatedOtherIncome": 100000, "calculatedIncomeNonControlling": 100000, "calculatedEbitda": 9900000}, {"date": "1993-12-31", "symbol": "LCII", "reportedCurrency": "USD", "cik": "0000763744", "fillingDate": "1993-12-31", "acceptedDate": "1993-12-31 00:00:00", "calendarYear": "1993", "period": "FY", "revenue": 130800000, "costOfRevenue": 94700000, "grossProfit": 36100000, "grossProfitRatio": 0.2759938838, "researchAndDevelopmentExpenses": 0, "generalAndAdministrativeExpenses": 0, "sellingAndMarketingExpenses": 0, "sellingGeneralAndAdministrativeExpenses": 26300000, "otherExpenses": 1900000, "operatingExpenses": 28200000, "costAndExpenses": 122900000, "interestIncome": 0, "interestExpense": 400000, "depreciationAndAmortization": 1900000, "ebitda": 9800000, "ebitdaratio": 0.0749235474, "operatingIncome": 7900000, "operatingIncomeRatio": 0.0603975535, "totalOtherIncomeExpensesNet": -400000, "incomeBeforeTax": 7500000, "incomeBeforeTaxRatio": 0.0573394495, "incomeTaxExpense": 1900000, "netIncome": 5600000, "netIncomeRatio": 0.0428134557, "eps": 0.3, "epsdiluted": 0.28, "weightedAverageShsOut": 18666667, "weightedAverageShsOutDil": 19649123, "link": null, "finalLink": null, "calculatedOtherExpenses": 1900000, "calculatedOperatingExpenses": 28200000, "calculatedNetInterest": -400000, "calculatedOtherIncome": 0, "calculatedIncomeNonControlling": 0, "calculatedEbitda": 9800000}, {"date": "1992-12-31", "symbol": "LCII", "reportedCurrency": "USD", "cik": "0000763744", "fillingDate": "1992-12-31", "acceptedDate": "1992-12-31 00:00:00", "calendarYear": "1992", "period": "FY", "revenue": 37100000, "costOfRevenue": 27600000, "grossProfit": 9500000, "grossProfitRatio": 0.25606469, "researchAndDevelopmentExpenses": 0, "generalAndAdministrativeExpenses": 0, "sellingAndMarketingExpenses": 0, "sellingGeneralAndAdministrativeExpenses": 7900000, "otherExpenses": 600000, "operatingExpenses": 8500000, "costAndExpenses": 36100000, "interestIncome": 0, "interestExpense": -1000000, "depreciationAndAmortization": 600000, "ebitda": 1600000, "ebitdaratio": 0.0431266846, "operatingIncome": 1000000, "operatingIncomeRatio": 0.0269541779, "totalOtherIncomeExpensesNet": -400000, "incomeBeforeTax": 600000, "incomeBeforeTaxRatio": 0.0161725067, "incomeTaxExpense": 400000, "netIncome": 1600000, "netIncomeRatio": 0.0431266846, "eps": 0.085, "epsdiluted": 0.085, "weightedAverageShsOut": 18823529, "weightedAverageShsOutDil": 18823529, "link": null, "finalLink": null, "calculatedOtherExpenses": 600000, "calculatedOperatingExpenses": 8500000, "calculatedNetInterest": 1000000, "calculatedOtherIncome": -1400000, "calculatedIncomeNonControlling": -1400000, "calculatedEbitda": 1600000}, {"date": "1991-08-31", "symbol": "LCII", "reportedCurrency": "USD", "cik": "0000763744", "fillingDate": "1991-08-31", "acceptedDate": "1991-08-31 00:00:00", "calendarYear": "1991", "period": "FY", "revenue": 92600000, "costOfRevenue": 69300000, "grossProfit": 23300000, "grossProfitRatio": 0.2516198704, "researchAndDevelopmentExpenses": 0, "generalAndAdministrativeExpenses": 0, "sellingAndMarketingExpenses": 0, "sellingGeneralAndAdministrativeExpenses": 18000000, "otherExpenses": 1600000, "operatingExpenses": 19600000, "costAndExpenses": 88900000, "interestIncome": 0, "interestExpense": 2200000, "depreciationAndAmortization": 1600000, "ebitda": 5300000, "ebitdaratio": 0.0572354212, "operatingIncome": 3700000, "operatingIncomeRatio": 0.0399568035, "totalOtherIncomeExpensesNet": -2200000, "incomeBeforeTax": 1500000, "incomeBeforeTaxRatio": 0.0161987041, "incomeTaxExpense": -200000, "netIncome": 1700000, "netIncomeRatio": 0.0183585313, "eps": 0.095, "epsdiluted": 0.095, "weightedAverageShsOut": 17894737, "weightedAverageShsOutDil": 17894737, "link": null, "finalLink": null, "calculatedOtherExpenses": 1600000, "calculatedOperatingExpenses": 19600000, "calculatedNetInterest": -2200000, "calculatedOtherIncome": 0, "calculatedIncomeNonControlling": 0, "calculatedEbitda": 5300000}, {"date": "1990-08-31", "symbol": "LCII", "reportedCurrency": "USD", "cik": "0000763744", "fillingDate": "1990-08-31", "acceptedDate": "1990-08-31 00:00:00", "calendarYear": "1990", "period": "FY", "revenue": 92200000, "costOfRevenue": 66000000, "grossProfit": 26200000, "grossProfitRatio": 0.284164859, "researchAndDevelopmentExpenses": 0, "generalAndAdministrativeExpenses": 0, "sellingAndMarketingExpenses": 0, "sellingGeneralAndAdministrativeExpenses": 19700000, "otherExpenses": 1800000, "operatingExpenses": 21500000, "costAndExpenses": 87500000, "interestIncome": 0, "interestExpense": 16800000, "depreciationAndAmortization": 1800000, "ebitda": 6500000, "ebitdaratio": 0.0704989154, "operatingIncome": 4700000, "operatingIncomeRatio": 0.0509761388, "totalOtherIncomeExpensesNet": -2600000, "incomeBeforeTax": 2100000, "incomeBeforeTaxRatio": 0.0227765727, "incomeTaxExpense": 1300000, "netIncome": -13400000, "netIncomeRatio": -0.1453362256, "eps": -0.72, "epsdiluted": -0.72, "weightedAverageShsOut": 18611111, "weightedAverageShsOutDil": 18611111, "link": null, "finalLink": null, "calculatedOtherExpenses": 1800000, "calculatedOperatingExpenses": 21500000, "calculatedNetInterest": -16800000, "calculatedOtherIncome": 14200000, "calculatedIncomeNonControlling": 14200000, "calculatedEbitda": 6500000}, {"date": "1989-08-31", "symbol": "LCII", "reportedCurrency": "USD", "cik": "0000763744", "fillingDate": "1989-08-31", "acceptedDate": "1989-08-31 00:00:00", "calendarYear": "1989", "period": "FY", "revenue": 122900000, "costOfRevenue": 96300000, "grossProfit": 26600000, "grossProfitRatio": 0.2164361269, "researchAndDevelopmentExpenses": 0, "generalAndAdministrativeExpenses": 0, "sellingAndMarketingExpenses": 0, "sellingGeneralAndAdministrativeExpenses": 20900000, "otherExpenses": 2400000, "operatingExpenses": 23300000, "costAndExpenses": 119600000, "interestIncome": 0, "interestExpense": 6500000, "depreciationAndAmortization": 2400000, "ebitda": 7500000, "ebitdaratio": 0.0610252238, "operatingIncome": 3300000, "operatingIncomeRatio": 0.0268510985, "totalOtherIncomeExpensesNet": -1800000, "incomeBeforeTax": -1400000, "incomeBeforeTaxRatio": -0.0113913751, "incomeTaxExpense": -100000, "netIncome": -1300000, "netIncomeRatio": -0.0105777055, "eps": -0.07, "epsdiluted": -0.07, "weightedAverageShsOut": 18571429, "weightedAverageShsOutDil": 18571429, "link": null, "finalLink": null, "calculatedOtherExpenses": 2400000, "calculatedOperatingExpenses": 23300000, "calculatedNetInterest": -6500000, "calculatedOtherIncome": 1800000, "calculatedIncomeNonControlling": 0, "calculatedEbitda": 5700000}, {"date": "1988-08-31", "symbol": "LCII", "reportedCurrency": "USD", "cik": "0000763744", "fillingDate": "1988-08-31", "acceptedDate": "1988-08-31 00:00:00", "calendarYear": "1988", "period": "FY", "revenue": 98800000, "costOfRevenue": 76200000, "grossProfit": 22600000, "grossProfitRatio": 0.2287449393, "researchAndDevelopmentExpenses": 0, "generalAndAdministrativeExpenses": 0, "sellingAndMarketingExpenses": 0, "sellingGeneralAndAdministrativeExpenses": 18400000, "otherExpenses": 2300000, "operatingExpenses": 20700000, "costAndExpenses": 96900000, "interestIncome": 0, "interestExpense": -600000, "depreciationAndAmortization": 2300000, "ebitda": 4200000, "ebitdaratio": 0.0425101215, "operatingIncome": 1900000, "operatingIncomeRatio": 0.0192307692, "totalOtherIncomeExpensesNet": 600000, "incomeBeforeTax": 2500000, "incomeBeforeTaxRatio": 0.0253036437, "incomeTaxExpense": 700000, "netIncome": 1800000, "netIncomeRatio": 0.0182186235, "eps": 0.0959, "epsdiluted": 0.0959, "weightedAverageShsOut": 18768000, "weightedAverageShsOutDil": 18768000, "link": null, "finalLink": null, "calculatedOtherExpenses": 2300000, "calculatedOperatingExpenses": 20700000, "calculatedNetInterest": 600000, "calculatedOtherIncome": 0, "calculatedIncomeNonControlling": 0, "calculatedEbitda": 4200000}, {"date": "1987-08-31", "symbol": "LCII", "reportedCurrency": "USD", "cik": "0000763744", "fillingDate": "1987-08-31", "acceptedDate": "1987-08-31 00:00:00", "calendarYear": "1987", "period": "FY", "revenue": 88000000, "costOfRevenue": 63500000, "grossProfit": 24500000, "grossProfitRatio": 0.2784090909, "researchAndDevelopmentExpenses": 0, "generalAndAdministrativeExpenses": 0, "sellingAndMarketingExpenses": 0, "sellingGeneralAndAdministrativeExpenses": 18000000, "otherExpenses": 2200000, "operatingExpenses": 20200000, "costAndExpenses": 83700000, "interestIncome": 0, "interestExpense": 1100000, "depreciationAndAmortization": 2200000, "ebitda": 6500000, "ebitdaratio": 0.0738636364, "operatingIncome": 4300000, "operatingIncomeRatio": 0.0488636364, "totalOtherIncomeExpensesNet": -1300000, "incomeBeforeTax": 3000000, "incomeBeforeTaxRatio": 0.0340909091, "incomeTaxExpense": 1700000, "netIncome": 1500000, "netIncomeRatio": 0.0170454545, "eps": 0.075, "epsdiluted": 0.075, "weightedAverageShsOut": 20000000, "weightedAverageShsOutDil": 20000000, "link": null, "finalLink": null, "calculatedOtherExpenses": 2200000, "calculatedOperatingExpenses": 20200000, "calculatedNetInterest": -1100000, "calculatedOtherIncome": -200000, "calculatedIncomeNonControlling": -200000, "calculatedEbitda": 6500000}, {"date": "1986-08-31", "symbol": "LCII", "reportedCurrency": "USD", "cik": "0000763744", "fillingDate": "1986-08-31", "acceptedDate": "1986-08-31 00:00:00", "calendarYear": "1986", "period": "FY", "revenue": 72600000, "costOfRevenue": 51200000, "grossProfit": 21400000, "grossProfitRatio": 0.2947658402, "researchAndDevelopmentExpenses": 0, "generalAndAdministrativeExpenses": 0, "sellingAndMarketingExpenses": 0, "sellingGeneralAndAdministrativeExpenses": 15700000, "otherExpenses": 1700000, "operatingExpenses": 17400000, "costAndExpenses": 68600000, "interestIncome": 0, "interestExpense": 3500000, "depreciationAndAmortization": 1700000, "ebitda": 5700000, "ebitdaratio": 0.0785123967, "operatingIncome": 4000000, "operatingIncomeRatio": 0.0550964187, "totalOtherIncomeExpensesNet": -800000, "incomeBeforeTax": 3200000, "incomeBeforeTaxRatio": 0.044077135, "incomeTaxExpense": 1800000, "netIncome": -1300000, "netIncomeRatio": -0.0179063361, "eps": -0.075, "epsdiluted": -0.075, "weightedAverageShsOut": 17333333, "weightedAverageShsOutDil": 17333333, "link": null, "finalLink": null, "calculatedOtherExpenses": 1700000, "calculatedOperatingExpenses": 17400000, "calculatedNetInterest": -3500000, "calculatedOtherIncome": 2700000, "calculatedIncomeNonControlling": 2700000, "calculatedEbitda": 5700000}, {"date": "1985-08-31", "symbol": "LCII", "reportedCurrency": "USD", "cik": "0000763744", "fillingDate": "1985-08-31", "acceptedDate": "1985-08-31 00:00:00", "calendarYear": "1985", "period": "FY", "revenue": 53300000, "costOfRevenue": 37000000, "grossProfit": 16300000, "grossProfitRatio": 0.3058161351, "researchAndDevelopmentExpenses": 0, "generalAndAdministrativeExpenses": 0, "sellingAndMarketingExpenses": 0, "sellingGeneralAndAdministrativeExpenses": 14000000, "otherExpenses": 1000000, "operatingExpenses": 15000000, "costAndExpenses": 52000000, "interestIncome": 0, "interestExpense": -2200000, "depreciationAndAmortization": 1000000, "ebitda": 700000, "ebitdaratio": 0.0131332083, "operatingIncome": 1300000, "operatingIncomeRatio": 0.0243902439, "totalOtherIncomeExpensesNet": 1600000, "incomeBeforeTax": 2000000, "incomeBeforeTaxRatio": 0.0375234522, "incomeTaxExpense": 1100000, "netIncome": 800000, "netIncomeRatio": 0.0150093809, "eps": 0.05, "epsdiluted": 0.05, "weightedAverageShsOut": 16000000, "weightedAverageShsOutDil": 16000000, "link": null, "finalLink": null, "calculatedOtherExpenses": 1000000, "calculatedOperatingExpenses": 15000000, "calculatedNetInterest": 2200000, "calculatedOtherIncome": -1500000, "calculatedIncomeNonControlling": 100000, "calculatedEbitda": 2300000}]}