{"originalCurrency": "USD", "convertedCurrency": "USD", "report": [{"date": "2023-12-31", "symbol": "LEA", "reportedCurrency": "USD", "cik": "0000842162", "fillingDate": "2024-02-08", "acceptedDate": "2024-02-08 16:23:34", "calendarYear": "2023", "period": "FY", "revenue": 23466900000, "costOfRevenue": 21756500000, "grossProfit": 1710400000, "grossProfitRatio": 0.0728856389, "researchAndDevelopmentExpenses": 319600000, "generalAndAdministrativeExpenses": 0, "sellingAndMarketingExpenses": 0, "sellingGeneralAndAdministrativeExpenses": 714700000, "otherExpenses": -54900000, "operatingExpenses": 777200000, "costAndExpenses": 22533700000, "interestIncome": 0, "interestExpense": 101100000, "depreciationAndAmortization": 604400000, "ebitda": 1482700000, "ebitdaratio": 0.0631826104, "operatingIncome": 878300000, "operatingIncomeRatio": 0.0374271847, "totalOtherIncomeExpensesNet": -54900000, "incomeBeforeTax": 777200000, "incomeBeforeTaxRatio": 0.0331189889, "incomeTaxExpense": 180800000, "netIncome": 572500000, "netIncomeRatio": 0.0243960642, "eps": 9.73, "epsdiluted": 9.68, "weightedAverageShsOut": 58830334, "weightedAverageShsOutDil": 59116375, "link": "https://www.sec.gov/Archives/edgar/data/842162/000084216224000008/0000842162-24-000008-index.htm", "finalLink": "https://www.sec.gov/Archives/edgar/data/842162/000084216224000008/lear-20231231.htm", "calculatedOtherExpenses": -202200000, "calculatedOperatingExpenses": 832100000, "calculatedNetInterest": -101100000, "calculatedOtherIncome": 0, "calculatedIncomeNonControlling": 23900000, "calculatedEbitda": 1482700000}, {"date": "2022-12-31", "symbol": "LEA", "reportedCurrency": "USD", "cik": "0000842162", "fillingDate": "2023-02-09", "acceptedDate": "2023-02-09 16:59:45", "calendarYear": "2022", "period": "FY", "revenue": 20891500000, "costOfRevenue": 19481600000, "grossProfit": 1409900000, "grossProfitRatio": 0.0674867769, "researchAndDevelopmentExpenses": 318800000, "generalAndAdministrativeExpenses": 0, "sellingAndMarketingExpenses": 0, "sellingGeneralAndAdministrativeExpenses": 684800000, "otherExpenses": 70800000, "operatingExpenses": 755600000, "costAndExpenses": 20237200000, "interestIncome": 98600000, "interestExpense": 98600000, "depreciationAndAmortization": 70800000, "ebitda": 678700000, "ebitdaratio": 0.0324868966, "operatingIncome": 607900000, "operatingIncomeRatio": 0.0290979585, "totalOtherIncomeExpensesNet": -98600000, "incomeBeforeTax": 509300000, "incomeBeforeTaxRatio": 0.0243783357, "incomeTaxExpense": 133700000, "netIncome": 327700000, "netIncomeRatio": 0.0156858052, "eps": 5.49, "epsdiluted": 5.47, "weightedAverageShsOut": 59674488, "weightedAverageShsOutDil": 59920529, "link": "https://www.sec.gov/Archives/edgar/data/842162/000084216223000011/0000842162-23-000011-index.htm", "finalLink": "https://www.sec.gov/Archives/edgar/data/842162/000084216223000011/lear-20221231.htm", "calculatedOtherExpenses": -201600000, "calculatedOperatingExpenses": 802000000, "calculatedNetInterest": 0, "calculatedOtherIncome": -98600000, "calculatedIncomeNonControlling": 47900000, "calculatedEbitda": 678700000}, {"date": "2021-12-31", "symbol": "LEA", "reportedCurrency": "USD", "cik": "0000842162", "fillingDate": "2022-02-10", "acceptedDate": "2022-02-10 09:17:46", "calendarYear": "2021", "period": "FY", "revenue": 19263100000, "costOfRevenue": 17871200000, "grossProfit": 1391900000, "grossProfitRatio": 0.072257321, "researchAndDevelopmentExpenses": 310200000, "generalAndAdministrativeExpenses": 0, "sellingAndMarketingExpenses": 0, "sellingGeneralAndAdministrativeExpenses": 643200000, "otherExpenses": 73300000, "operatingExpenses": 716500000, "costAndExpenses": 18587700000, "interestIncome": 91800000, "interestExpense": 91800000, "depreciationAndAmortization": 73300000, "ebitda": 748600000, "ebitdaratio": 0.0388618654, "operatingIncome": 675300000, "operatingIncomeRatio": 0.0350566627, "totalOtherIncomeExpensesNet": -91800000, "incomeBeforeTax": 583500000, "incomeBeforeTaxRatio": 0.0302910746, "incomeTaxExpense": 137700000, "netIncome": 373900000, "netIncomeRatio": 0.0194101676, "eps": 6.22, "epsdiluted": 6.19, "weightedAverageShsOut": 60082833, "weightedAverageShsOutDil": 60420484, "link": "https://www.sec.gov/Archives/edgar/data/842162/000084216222000009/0000842162-22-000009-index.htm", "finalLink": "https://www.sec.gov/Archives/edgar/data/842162/000084216222000009/lear-20211231.htm", "calculatedOtherExpenses": -236800000, "calculatedOperatingExpenses": 716600000, "calculatedNetInterest": 0, "calculatedOtherIncome": -91800000, "calculatedIncomeNonControlling": 71900000, "calculatedEbitda": 748600000}, {"date": "2020-12-31", "symbol": "LEA", "reportedCurrency": "USD", "cik": "0000842162", "fillingDate": "2021-02-10", "acceptedDate": "2021-02-10 08:04:19", "calendarYear": "2020", "period": "FY", "revenue": 17045500000, "costOfRevenue": 15936600000, "grossProfit": 1108900000, "grossProfitRatio": 0.0650552932, "researchAndDevelopmentExpenses": 327300000, "generalAndAdministrativeExpenses": 0, "sellingAndMarketingExpenses": 0, "sellingGeneralAndAdministrativeExpenses": 588900000, "otherExpenses": 65900000, "operatingExpenses": 654800000, "costAndExpenses": 16591400000, "interestIncome": 99600000, "interestExpense": 99600000, "depreciationAndAmortization": 65900000, "ebitda": 464800000, "ebitdaratio": 0.027268194, "operatingIncome": 398900000, "operatingIncomeRatio": 0.0234020709, "totalOtherIncomeExpensesNet": -99600000, "incomeBeforeTax": 299300000, "incomeBeforeTaxRatio": 0.0175588865, "incomeTaxExpense": 93900000, "netIncome": 158500000, "netIncomeRatio": 0.0092986419, "eps": 2.63, "epsdiluted": 2.62, "weightedAverageShsOut": 60254380, "weightedAverageShsOutDil": 60426962, "link": "https://www.sec.gov/Archives/edgar/data/842162/000084216221000010/0000842162-21-000010-index.htm", "finalLink": "https://www.sec.gov/Archives/edgar/data/842162/000084216221000010/lear-20201231.htm", "calculatedOtherExpenses": -206200000, "calculatedOperatingExpenses": 710000000, "calculatedNetInterest": 0, "calculatedOtherIncome": -99600000, "calculatedIncomeNonControlling": 46900000, "calculatedEbitda": 464800000}, {"date": "2019-12-31", "symbol": "LEA", "reportedCurrency": "USD", "cik": "0000842162", "fillingDate": "2020-02-04", "acceptedDate": "2020-02-04 08:34:46", "calendarYear": "2019", "period": "FY", "revenue": 19810300000, "costOfRevenue": 18072800000, "grossProfit": 1737500000, "grossProfitRatio": 0.0877068999, "researchAndDevelopmentExpenses": 316600000, "generalAndAdministrativeExpenses": 0, "sellingAndMarketingExpenses": 0, "sellingGeneralAndAdministrativeExpenses": 605000000, "otherExpenses": 62300000, "operatingExpenses": 667300000, "costAndExpenses": 18740100000, "interestIncome": 92000000, "interestExpense": 92000000, "depreciationAndAmortization": 62300000, "ebitda": 1107900000, "ebitdaratio": 0.0559254529, "operatingIncome": 1045600000, "operatingIncomeRatio": 0.0527806242, "totalOtherIncomeExpensesNet": -92000000, "incomeBeforeTax": 953600000, "incomeBeforeTaxRatio": 0.0481365754, "incomeTaxExpense": 146100000, "netIncome": 753600000, "netIncomeRatio": 0.0380408172, "eps": 12.8, "epsdiluted": 12.75, "weightedAverageShsOut": 61697192, "weightedAverageShsOutDil": 61923528, "link": "https://www.sec.gov/Archives/edgar/data/842162/000084216220000006/0000842162-20-000006-index.htm", "finalLink": "https://www.sec.gov/Archives/edgar/data/842162/000084216220000006/lear-2019123110xk.htm", "calculatedOtherExpenses": -229700000, "calculatedOperatingExpenses": 691900000, "calculatedNetInterest": 0, "calculatedOtherIncome": -92000000, "calculatedIncomeNonControlling": 53900000, "calculatedEbitda": 1107900000}, {"date": "2018-12-31", "symbol": "LEA", "reportedCurrency": "USD", "cik": "0000842162", "fillingDate": "2019-02-05", "acceptedDate": "2019-02-05 09:30:07", "calendarYear": "2018", "period": "FY", "revenue": 21148500000, "costOfRevenue": 18830200000, "grossProfit": 2318300000, "grossProfitRatio": 0.1096200676, "researchAndDevelopmentExpenses": 296600000, "generalAndAdministrativeExpenses": 612800000, "sellingAndMarketingExpenses": 0, "sellingGeneralAndAdministrativeExpenses": 612800000, "otherExpenses": -31600000, "operatingExpenses": 664200000, "costAndExpenses": 19494400000, "interestIncome": 0, "interestExpense": 84100000, "depreciationAndAmortization": 51400000, "ebitda": 1673900000, "ebitdaratio": 0.0791498215, "operatingIncome": 1654100000, "operatingIncomeRatio": 0.0782135849, "totalOtherIncomeExpensesNet": -31600000, "incomeBeforeTax": 1538400000, "incomeBeforeTaxRatio": 0.0727427477, "incomeTaxExpense": 311900000, "netIncome": 1149800000, "netIncomeRatio": 0.0543679221, "eps": 18.27, "epsdiluted": 17.37, "weightedAverageShsOut": 62939613, "weightedAverageShsOutDil": 66200000, "link": "https://www.sec.gov/Archives/edgar/data/842162/000084216219000006/0000842162-19-000006-index.htm", "finalLink": "https://www.sec.gov/Archives/edgar/data/842162/000084216219000006/lear-2018123110xk.htm", "calculatedOtherExpenses": -245200000, "calculatedOperatingExpenses": 664200000, "calculatedNetInterest": -84100000, "calculatedOtherIncome": -31600000, "calculatedIncomeNonControlling": 76700000, "calculatedEbitda": 1705500000}, {"date": "2017-12-31", "symbol": "LEA", "reportedCurrency": "USD", "cik": "0000842162", "fillingDate": "2018-02-06", "acceptedDate": "2018-02-06 10:32:36", "calendarYear": "2017", "period": "FY", "revenue": 20467000000, "costOfRevenue": 18175900000, "grossProfit": 2291100000, "grossProfitRatio": 0.1119411736, "researchAndDevelopmentExpenses": 147900000, "generalAndAdministrativeExpenses": 635200000, "sellingAndMarketingExpenses": 0, "sellingGeneralAndAdministrativeExpenses": 635200000, "otherExpenses": 4100000, "operatingExpenses": 682800000, "costAndExpenses": 18858700000, "interestIncome": 0, "interestExpense": 85700000, "depreciationAndAmortization": 47600000, "ebitda": 1660000000, "ebitdaratio": 0.0811061709, "operatingIncome": 1608300000, "operatingIncomeRatio": 0.0785801534, "totalOtherIncomeExpensesNet": 4100000, "incomeBeforeTax": 1526700000, "incomeBeforeTaxRatio": 0.0745932477, "incomeTaxExpense": 197500000, "netIncome": 1313400000, "netIncomeRatio": 0.0641715933, "eps": 19.64, "epsdiluted": 18.59, "weightedAverageShsOut": 66873764, "weightedAverageShsOutDil": 69300000, "link": "https://www.sec.gov/Archives/edgar/data/842162/000084216218000007/0000842162-18-000007-index.htm", "finalLink": "https://www.sec.gov/Archives/edgar/data/842162/000084216218000007/lea-2017123110xk.htm", "calculatedOtherExpenses": -100300000, "calculatedOperatingExpenses": 682800000, "calculatedNetInterest": -85700000, "calculatedOtherIncome": 4100000, "calculatedIncomeNonControlling": 15800000, "calculatedEbitda": 1655900000}, {"date": "2016-12-31", "symbol": "LEA", "reportedCurrency": "USD", "cik": "0000842162", "fillingDate": "2017-02-07", "acceptedDate": "2017-02-07 08:38:05", "calendarYear": "2016", "period": "FY", "revenue": 18557600000, "costOfRevenue": 16455500000, "grossProfit": 2102100000, "grossProfitRatio": 0.1132743458, "researchAndDevelopmentExpenses": 143700000, "generalAndAdministrativeExpenses": 621900000, "sellingAndMarketingExpenses": 0, "sellingGeneralAndAdministrativeExpenses": 621900000, "otherExpenses": -6400000, "operatingExpenses": 674900000, "costAndExpenses": 17130400000, "interestIncome": 0, "interestExpense": 82500000, "depreciationAndAmortization": 53000000, "ebitda": 1473800000, "ebitdaratio": 0.0794175971, "operatingIncome": 1427200000, "operatingIncomeRatio": 0.0769064965, "totalOtherIncomeExpensesNet": -6400000, "incomeBeforeTax": 1338300000, "incomeBeforeTaxRatio": 0.0721160064, "incomeTaxExpense": 370200000, "netIncome": 975100000, "netIncomeRatio": 0.0525445101, "eps": 14.04, "epsdiluted": 13.33, "weightedAverageShsOut": 69431643, "weightedAverageShsOutDil": 73100000, "link": "https://www.sec.gov/Archives/edgar/data/842162/000084216217000006/0000842162-17-000006-index.htm", "finalLink": "https://www.sec.gov/Archives/edgar/data/842162/000084216217000006/lea-2016123110xk.htm", "calculatedOtherExpenses": -90700000, "calculatedOperatingExpenses": 674900000, "calculatedNetInterest": -82500000, "calculatedOtherIncome": -6400000, "calculatedIncomeNonControlling": -7000000, "calculatedEbitda": 1480200000}, {"date": "2015-12-31", "symbol": "LEA", "reportedCurrency": "USD", "cik": "0000842162", "fillingDate": "2016-02-09", "acceptedDate": "2016-02-09 07:55:43", "calendarYear": "2015", "period": "FY", "revenue": 18211400000, "costOfRevenue": 16391600000, "grossProfit": 1819800000, "grossProfitRatio": 0.0999264197, "researchAndDevelopmentExpenses": 126800000, "generalAndAdministrativeExpenses": 580500000, "sellingAndMarketingExpenses": 0, "sellingGeneralAndAdministrativeExpenses": 580500000, "otherExpenses": -68600000, "operatingExpenses": 633000000, "costAndExpenses": 17024600000, "interestIncome": 0, "interestExpense": 86700000, "depreciationAndAmortization": 52500000, "ebitda": 1170700000, "ebitdaratio": 0.0642839101, "operatingIncome": 1186800000, "operatingIncomeRatio": 0.0651679717, "totalOtherIncomeExpensesNet": -68600000, "incomeBeforeTax": 1031500000, "incomeBeforeTaxRatio": 0.0566403462, "incomeTaxExpense": 285500000, "netIncome": 745500000, "netIncomeRatio": 0.0409358973, "eps": 10.01, "epsdiluted": 9.59, "weightedAverageShsOut": 74464213, "weightedAverageShsOutDil": 77800000, "link": "https://www.sec.gov/Archives/edgar/data/842162/000084216216000019/0000842162-16-000019-index.htm", "finalLink": "https://www.sec.gov/Archives/edgar/data/842162/000084216216000019/lea-2015123110xk.htm", "calculatedOtherExpenses": -74300000, "calculatedOperatingExpenses": 633000000, "calculatedNetInterest": -86700000, "calculatedOtherIncome": -68600000, "calculatedIncomeNonControlling": 500000, "calculatedEbitda": 1239300000}, {"date": "2014-12-31", "symbol": "LEA", "reportedCurrency": "USD", "cik": "0000842162", "fillingDate": "2015-02-10", "acceptedDate": "2015-02-10 16:30:33", "calendarYear": "2014", "period": "FY", "revenue": 17727300000, "costOfRevenue": 16234500000, "grossProfit": 1492800000, "grossProfitRatio": 0.0842091012, "researchAndDevelopmentExpenses": 102000000, "generalAndAdministrativeExpenses": 529900000, "sellingAndMarketingExpenses": 0, "sellingGeneralAndAdministrativeExpenses": 529900000, "otherExpenses": -74300000, "operatingExpenses": 563600000, "costAndExpenses": 16798100000, "interestIncome": 0, "interestExpense": 67500000, "depreciationAndAmortization": 33700000, "ebitda": 888600000, "ebitdaratio": 0.0501260767, "operatingIncome": 929200000, "operatingIncomeRatio": 0.0524163296, "totalOtherIncomeExpensesNet": -74300000, "incomeBeforeTax": 787400000, "incomeBeforeTaxRatio": 0.0444173676, "incomeTaxExpense": 121400000, "netIncome": 672400000, "netIncomeRatio": 0.0379301981, "eps": 8.62, "epsdiluted": 8.23, "weightedAverageShsOut": 78021985, "weightedAverageShsOutDil": 81700000, "link": "https://www.sec.gov/Archives/edgar/data/842162/000084216215000004/0000842162-15-000004-index.htm", "finalLink": "https://www.sec.gov/Archives/edgar/data/842162/000084216215000004/lea-2014123110xk.htm", "calculatedOtherExpenses": -68300000, "calculatedOperatingExpenses": 563600000, "calculatedNetInterest": -67500000, "calculatedOtherIncome": -74300000, "calculatedIncomeNonControlling": -6400000, "calculatedEbitda": 962900000}, {"date": "2013-12-31", "symbol": "LEA", "reportedCurrency": "USD", "cik": "0000842162", "fillingDate": "2014-02-11", "acceptedDate": "2014-02-10 19:14:14", "calendarYear": "2013", "period": "FY", "revenue": 16234000000, "costOfRevenue": 14934300000, "grossProfit": 1299700000, "grossProfitRatio": 0.0800603671, "researchAndDevelopmentExpenses": 108400000, "generalAndAdministrativeExpenses": 528700000, "sellingAndMarketingExpenses": 0, "sellingGeneralAndAdministrativeExpenses": 528700000, "otherExpenses": -58100000, "operatingExpenses": 563100000, "costAndExpenses": 15497400000, "interestIncome": 0, "interestExpense": 68400000, "depreciationAndAmortization": 34400000, "ebitda": 712900000, "ebitdaratio": 0.0439140076, "operatingIncome": 736600000, "operatingIncomeRatio": 0.0453739066, "totalOtherIncomeExpensesNet": -58100000, "incomeBeforeTax": 610100000, "incomeBeforeTaxRatio": 0.0375816188, "incomeTaxExpense": 192700000, "netIncome": 431400000, "netIncomeRatio": 0.0265738573, "eps": 5.34, "epsdiluted": 4.99, "weightedAverageShsOut": 80751304, "weightedAverageShsOutDil": 86400000, "link": "https://www.sec.gov/Archives/edgar/data/842162/000119312514043696/0001193125-14-043696-index.htm", "finalLink": "https://www.sec.gov/Archives/edgar/data/842162/000119312514043696/d642138d10k.htm", "calculatedOtherExpenses": -74000000, "calculatedOperatingExpenses": 563100000, "calculatedNetInterest": -68400000, "calculatedOtherIncome": -58100000, "calculatedIncomeNonControlling": -14000000, "calculatedEbitda": 771000000}, {"date": "2012-12-31", "symbol": "LEA", "reportedCurrency": "USD", "cik": "0000842162", "fillingDate": "2013-02-12", "acceptedDate": "2013-02-12 08:09:44", "calendarYear": "2012", "period": "FY", "revenue": 14567000000, "costOfRevenue": 13349500000, "grossProfit": 1217500000, "grossProfitRatio": 0.0835793231, "researchAndDevelopmentExpenses": 104300000, "generalAndAdministrativeExpenses": 479300000, "sellingAndMarketingExpenses": 0, "sellingGeneralAndAdministrativeExpenses": 479300000, "otherExpenses": -6400000, "operatingExpenses": 512300000, "costAndExpenses": 13861800000, "interestIncome": 0, "interestExpense": 49900000, "depreciationAndAmortization": 33000000, "ebitda": 731800000, "ebitdaratio": 0.0502368367, "operatingIncome": 705200000, "operatingIncomeRatio": 0.0484107915, "totalOtherIncomeExpensesNet": -6400000, "incomeBeforeTax": 648900000, "incomeBeforeTaxRatio": 0.0445458914, "incomeTaxExpense": -638000000, "netIncome": 1282800000, "netIncomeRatio": 0.0880620581, "eps": 13.37, "epsdiluted": 12.85, "weightedAverageShsOut": 95942075, "weightedAverageShsOutDil": 99800000, "link": "https://www.sec.gov/Archives/edgar/data/842162/000119312513050279/0001193125-13-050279-index.htm", "finalLink": "https://www.sec.gov/Archives/edgar/data/842162/000119312513050279/d441321d10k.htm", "calculatedOtherExpenses": -71300000, "calculatedOperatingExpenses": 512300000, "calculatedNetInterest": -49900000, "calculatedOtherIncome": -6400000, "calculatedIncomeNonControlling": 4100000, "calculatedEbitda": 738200000}, {"date": "2011-12-31", "symbol": "LEA", "reportedCurrency": "USD", "cik": "0000842162", "fillingDate": "2012-02-17", "acceptedDate": "2012-02-17 16:07:17", "calendarYear": "2011", "period": "FY", "revenue": 14156500000, "costOfRevenue": 12963300000, "grossProfit": 1193200000, "grossProfitRatio": 0.0842863702, "researchAndDevelopmentExpenses": 0, "generalAndAdministrativeExpenses": 485600000, "sellingAndMarketingExpenses": 0, "sellingGeneralAndAdministrativeExpenses": 485600000, "otherExpenses": 28000000, "operatingExpenses": 513600000, "costAndExpenses": 13476900000, "interestIncome": 0, "interestExpense": 39700000, "depreciationAndAmortization": 246300000, "ebitda": 925900000, "ebitdaratio": 0.0654045845, "operatingIncome": 679600000, "operatingIncomeRatio": 0.0480062162, "totalOtherIncomeExpensesNet": -24200000, "incomeBeforeTax": 615700000, "incomeBeforeTaxRatio": 0.0434923887, "incomeTaxExpense": 68800000, "netIncome": 540700000, "netIncomeRatio": 0.038194469, "eps": 5.21, "epsdiluted": 5.08, "weightedAverageShsOut": 103750223, "weightedAverageShsOutDil": 106344367, "link": "https://www.sec.gov/Archives/edgar/data/842162/000119312512067424/0001193125-12-067424-index.htm", "finalLink": "https://www.sec.gov/Archives/edgar/data/842162/000119312512067424/d238512d10k.htm", "calculatedOtherExpenses": 28000000, "calculatedOperatingExpenses": 513600000, "calculatedNetInterest": -39700000, "calculatedOtherIncome": -24200000, "calculatedIncomeNonControlling": 6200000, "calculatedEbitda": 925900000}, {"date": "2010-12-31", "symbol": "LEA", "reportedCurrency": "USD", "cik": "0000842162", "fillingDate": "2011-02-10", "acceptedDate": "2011-02-10 06:22:12", "calendarYear": "2010", "period": "FY", "revenue": 11954600000, "costOfRevenue": 10936300000, "grossProfit": 1018300000, "grossProfitRatio": 0.0851805999, "researchAndDevelopmentExpenses": 0, "generalAndAdministrativeExpenses": 452700000, "sellingAndMarketingExpenses": 0, "sellingGeneralAndAdministrativeExpenses": 452700000, "otherExpenses": 27200000, "operatingExpenses": 479900000, "costAndExpenses": 11416200000, "interestIncome": 0, "interestExpense": 55400000, "depreciationAndAmortization": 235900000, "ebitda": 774300000, "ebitdaratio": 0.0647700467, "operatingIncome": 538400000, "operatingIncomeRatio": 0.0450370569, "totalOtherIncomeExpensesNet": -34200000, "incomeBeforeTax": 448800000, "incomeBeforeTaxRatio": 0.037542034, "incomeTaxExpense": 24600000, "netIncome": 438300000, "netIncomeRatio": 0.036663711, "eps": 4.3, "epsdiluted": 4.05, "weightedAverageShsOut": 94814044, "weightedAverageShsOutDil": 108122150, "link": "https://www.sec.gov/Archives/edgar/data/842162/000095012311011395/0000950123-11-011395-index.htm", "finalLink": "https://www.sec.gov/Archives/edgar/data/842162/000095012311011395/k50033e10vk.htm", "calculatedOtherExpenses": 27200000, "calculatedOperatingExpenses": 479900000, "calculatedNetInterest": -55400000, "calculatedOtherIncome": -34200000, "calculatedIncomeNonControlling": -14100000, "calculatedEbitda": 774300000}, {"date": "2009-12-31", "symbol": "LEA", "reportedCurrency": "USD", "cik": "0000842162", "fillingDate": "2010-02-26", "acceptedDate": "2010-02-26 08:18:05", "calendarYear": "2009", "period": "FY", "revenue": 9739600000, "costOfRevenue": 9379400000, "grossProfit": 360200000, "grossProfitRatio": 0.0369830383, "researchAndDevelopmentExpenses": 0, "generalAndAdministrativeExpenses": 447900000, "sellingAndMarketingExpenses": 0, "sellingGeneralAndAdministrativeExpenses": 447900000, "otherExpenses": 8600000, "operatingExpenses": 456500000, "costAndExpenses": 9835900000, "interestIncome": 0, "interestExpense": 162500000, "depreciationAndAmortization": 263700000, "ebitda": 167400000, "ebitdaratio": 0.0171875642, "operatingIncome": -96300000, "operatingIncomeRatio": -0.0098874697, "totalOtherIncomeExpensesNet": 1152600000, "incomeBeforeTax": 893800000, "incomeBeforeTaxRatio": 0.0917696825, "incomeTaxExpense": 5000000, "netIncome": 814400000, "netIncomeRatio": 0.083617397, "eps": 5.7, "epsdiluted": 5.69, "weightedAverageShsOut": 142976508, "weightedAverageShsOutDil": 143076394, "link": "https://www.sec.gov/Archives/edgar/data/842162/000095012310017521/0000950123-10-017521-index.htm", "finalLink": "https://www.sec.gov/Archives/edgar/data/842162/000095012310017521/k48869e10vk.htm", "calculatedOtherExpenses": 8600000, "calculatedOperatingExpenses": 456500000, "calculatedNetInterest": -162500000, "calculatedOtherIncome": 1152600000, "calculatedIncomeNonControlling": 74400000, "calculatedEbitda": 167400000}, {"date": "2008-12-31", "symbol": "LEA", "reportedCurrency": "USD", "cik": "0000842162", "fillingDate": "2009-03-17", "acceptedDate": "2009-03-17 16:17:34", "calendarYear": "2008", "period": "FY", "revenue": 13570500000, "costOfRevenue": 12826500000, "grossProfit": 744000000, "grossProfitRatio": 0.0548248038, "researchAndDevelopmentExpenses": 0, "generalAndAdministrativeExpenses": 513200000, "sellingAndMarketingExpenses": 0, "sellingGeneralAndAdministrativeExpenses": 513200000, "otherExpenses": 0, "operatingExpenses": 513200000, "costAndExpenses": 13339700000, "interestIncome": 0, "interestExpense": 190300000, "depreciationAndAmortization": 299300000, "ebitda": 1112000000, "ebitdaratio": 0.0819424487, "operatingIncome": 230800000, "operatingIncomeRatio": 0.0170074795, "totalOtherIncomeExpensesNet": -619100000, "incomeBeforeTax": -541400000, "incomeBeforeTaxRatio": -0.0398953613, "incomeTaxExpense": 85800000, "netIncome": -689900000, "netIncomeRatio": -0.0508382152, "eps": -4.47, "epsdiluted": -4.47, "weightedAverageShsOut": 154484720, "weightedAverageShsOutDil": 154484720, "link": "https://www.sec.gov/Archives/edgar/data/842162/000095013409005547/0000950134-09-005547-index.htm", "finalLink": "https://www.sec.gov/Archives/edgar/data/842162/000095013409005547/a47482e10vk.htm", "calculatedOtherExpenses": 0, "calculatedOperatingExpenses": 513200000, "calculatedNetInterest": -190300000, "calculatedOtherIncome": -581900000, "calculatedIncomeNonControlling": 62700000, "calculatedEbitda": 530100000}, {"date": "2007-12-31", "symbol": "LEA", "reportedCurrency": "USD", "cik": "0000842162", "fillingDate": "2008-02-15", "acceptedDate": "2008-02-15 17:30:03", "calendarYear": "2007", "period": "FY", "revenue": 15995000000, "costOfRevenue": 14846500000, "grossProfit": 1148500000, "grossProfitRatio": 0.0718036887, "researchAndDevelopmentExpenses": 0, "generalAndAdministrativeExpenses": 574700000, "sellingAndMarketingExpenses": 0, "sellingGeneralAndAdministrativeExpenses": 574700000, "otherExpenses": 0, "operatingExpenses": 574700000, "costAndExpenses": 15421200000, "interestIncome": 0, "interestExpense": 199200000, "depreciationAndAmortization": 296900000, "ebitda": 922100000, "ebitdaratio": 0.0576492654, "operatingIncome": 573800000, "operatingIncomeRatio": 0.0358737105, "totalOtherIncomeExpensesNet": -17600000, "incomeBeforeTax": 323200000, "incomeBeforeTaxRatio": 0.0202063145, "incomeTaxExpense": 89900000, "netIncome": 241500000, "netIncomeRatio": 0.0150984683, "eps": 1.57, "epsdiluted": 1.55, "weightedAverageShsOut": 153653530, "weightedAverageShsOutDil": 156428496, "link": "https://www.sec.gov/Archives/edgar/data/842162/000095013708002415/0000950137-08-002415-index.htm", "finalLink": "https://www.sec.gov/Archives/edgar/data/842162/000095013708002415/k23879e10vk.htm", "calculatedOtherExpenses": 0, "calculatedOperatingExpenses": 574700000, "calculatedNetInterest": -199200000, "calculatedOtherIncome": -51400000, "calculatedIncomeNonControlling": -8200000, "calculatedEbitda": 870700000}, {"date": "2006-12-31", "symbol": "LEA", "reportedCurrency": "USD", "cik": "0000842162", "fillingDate": "2007-02-27", "acceptedDate": "2007-02-27 11:14:55", "calendarYear": "2006", "period": "FY", "revenue": 17838900000, "costOfRevenue": 16911200000, "grossProfit": 927700000, "grossProfitRatio": 0.0520043276, "researchAndDevelopmentExpenses": 0, "generalAndAdministrativeExpenses": 646700000, "sellingAndMarketingExpenses": 0, "sellingGeneralAndAdministrativeExpenses": 646700000, "otherExpenses": 0, "operatingExpenses": 646700000, "costAndExpenses": 17557900000, "interestIncome": 0, "interestExpense": 0, "depreciationAndAmortization": 392200000, "ebitda": 1397800000, "ebitdaratio": 0.0783568494, "operatingIncome": 281000000, "operatingIncomeRatio": 0.0157520923, "totalOtherIncomeExpensesNet": -708400000, "incomeBeforeTax": -653400000, "incomeBeforeTaxRatio": -0.036627819, "incomeTaxExpense": 54900000, "netIncome": -707500000, "netIncomeRatio": -0.0396605172, "eps": -5.15, "epsdiluted": -5.15, "weightedAverageShsOut": 137245393, "weightedAverageShsOutDil": 137245393, "link": "https://www.sec.gov/Archives/edgar/data/842162/000095012407001141/0000950124-07-001141-index.htm", "finalLink": "https://www.sec.gov/Archives/edgar/data/842162/000095012407001141/k12678e10vk.htm", "calculatedOtherExpenses": 0, "calculatedOperatingExpenses": 646700000, "calculatedNetInterest": 0, "calculatedOtherIncome": -934400000, "calculatedIncomeNonControlling": -800000, "calculatedEbitda": 673200000}, {"date": "2005-12-31", "symbol": "LEA", "reportedCurrency": "USD", "cik": "0000842162", "fillingDate": "2006-03-09", "acceptedDate": "2006-03-09 17:17:38", "calendarYear": "2005", "period": "FY", "revenue": 17089200000, "costOfRevenue": 16353200000, "grossProfit": 736000000, "grossProfitRatio": 0.0430681366, "researchAndDevelopmentExpenses": 0, "generalAndAdministrativeExpenses": 630600000, "sellingAndMarketingExpenses": 0, "sellingGeneralAndAdministrativeExpenses": 630600000, "otherExpenses": 0, "operatingExpenses": 630600000, "costAndExpenses": 16983800000, "interestIncome": 0, "interestExpense": 0, "depreciationAndAmortization": 393400000, "ebitda": 1549600000, "ebitdaratio": 0.0906771528, "operatingIncome": 105400000, "operatingIncomeRatio": 0.006167638, "totalOtherIncomeExpensesNet": -1102200000, "incomeBeforeTax": -1128600000, "incomeBeforeTaxRatio": -0.0660417106, "incomeTaxExpense": 194300000, "netIncome": -1381500000, "netIncomeRatio": -0.0808405309, "eps": -10.28, "epsdiluted": -10.28, "weightedAverageShsOut": 134321828, "weightedAverageShsOutDil": 134321828, "link": "https://www.sec.gov/Archives/edgar/data/842162/000095012406001078/0000950124-06-001078-index.htm", "finalLink": "https://www.sec.gov/Archives/edgar/data/842162/000095012406001078/k02496e10vk.htm", "calculatedOtherExpenses": 0, "calculatedOperatingExpenses": 630600000, "calculatedNetInterest": 0, "calculatedOtherIncome": -1234000000, "calculatedIncomeNonControlling": 58600000, "calculatedEbitda": 498800000}, {"date": "2004-12-31", "symbol": "LEA", "reportedCurrency": "USD", "cik": "0000842162", "fillingDate": "2005-03-01", "acceptedDate": "2005-03-01 17:08:45", "calendarYear": "2004", "period": "FY", "revenue": 16960000000, "costOfRevenue": 15557900000, "grossProfit": 1402100000, "grossProfitRatio": 0.0826709906, "researchAndDevelopmentExpenses": 0, "generalAndAdministrativeExpenses": 633700000, "sellingAndMarketingExpenses": 0, "sellingGeneralAndAdministrativeExpenses": 633700000, "otherExpenses": 0, "operatingExpenses": 633700000, "costAndExpenses": 16191600000, "interestIncome": 0, "interestExpense": 165500000, "depreciationAndAmortization": 355100000, "ebitda": 1162100000, "ebitdaratio": 0.0685200472, "operatingIncome": 768400000, "operatingIncomeRatio": 0.0453066038, "totalOtherIncomeExpensesNet": -36000000, "incomeBeforeTax": 564300000, "incomeBeforeTaxRatio": 0.0332724057, "incomeTaxExpense": 128000000, "netIncome": 422200000, "netIncomeRatio": 0.0248938679, "eps": 3.09, "epsdiluted": 2.89, "weightedAverageShsOut": 136634304, "weightedAverageShsOutDil": 146343154, "link": "https://www.sec.gov/Archives/edgar/data/842162/000095012405001152/0000950124-05-001152-index.htm", "finalLink": "https://www.sec.gov/Archives/edgar/data/842162/000095012405001152/k91926e10vk.htm", "calculatedOtherExpenses": 0, "calculatedOperatingExpenses": 633700000, "calculatedNetInterest": -165500000, "calculatedOtherIncome": -38600000, "calculatedIncomeNonControlling": 14100000, "calculatedEbitda": 1123500000}, {"date": "2003-12-31", "symbol": "LEA", "reportedCurrency": "USD", "cik": "0000842162", "fillingDate": "2004-03-15", "acceptedDate": "2004-03-15 09:52:31", "calendarYear": "2003", "period": "FY", "revenue": 15746700000, "costOfRevenue": 14400300000, "grossProfit": 1346400000, "grossProfitRatio": 0.0855036293, "researchAndDevelopmentExpenses": 0, "generalAndAdministrativeExpenses": 573600000, "sellingAndMarketingExpenses": 0, "sellingGeneralAndAdministrativeExpenses": 573600000, "otherExpenses": 0, "operatingExpenses": 573600000, "costAndExpenses": 14973900000, "interestIncome": 0, "interestExpense": 0, "depreciationAndAmortization": 321800000, "ebitda": 1146400000, "ebitdaratio": 0.0728025555, "operatingIncome": 772800000, "operatingIncomeRatio": 0.0490769495, "totalOtherIncomeExpensesNet": -43200000, "incomeBeforeTax": 380500000, "incomeBeforeTaxRatio": 0.024163793, "incomeTaxExpense": 153700000, "netIncome": 380500000, "netIncomeRatio": 0.024163793, "eps": 2.86, "epsdiluted": 2.66, "weightedAverageShsOut": 133274956, "weightedAverageShsOutDil": 143314501, "link": "https://www.sec.gov/Archives/edgar/data/842162/000095012404000921/0000950124-04-000921-index.htm", "finalLink": "https://www.sec.gov/Archives/edgar/data/842162/000095012404000921/k82537e10vk.htm", "calculatedOtherExpenses": 0, "calculatedOperatingExpenses": 573600000, "calculatedNetInterest": 0, "calculatedOtherIncome": -392300000, "calculatedIncomeNonControlling": -153700000, "calculatedEbitda": 1094600000}, {"date": "2002-12-31", "symbol": "LEA", "reportedCurrency": "USD", "cik": "0000842162", "fillingDate": "2003-03-21", "acceptedDate": "2003-03-21 08:23:28", "calendarYear": "2002", "period": "FY", "revenue": 14424600000, "costOfRevenue": 13164300000, "grossProfit": 1260300000, "grossProfitRatio": 0.0873715736, "researchAndDevelopmentExpenses": 0, "generalAndAdministrativeExpenses": 517200000, "sellingAndMarketingExpenses": 0, "sellingGeneralAndAdministrativeExpenses": 517200000, "otherExpenses": 0, "operatingExpenses": 517200000, "costAndExpenses": 13681500000, "interestIncome": 0, "interestExpense": 67600000, "depreciationAndAmortization": 301000000, "ebitda": 1096200000, "ebitdaratio": 0.0759951749, "operatingIncome": 743100000, "operatingIncomeRatio": 0.0515161599, "totalOtherIncomeExpensesNet": -50800000, "incomeBeforeTax": 480500000, "incomeBeforeTaxRatio": 0.033311149, "incomeTaxExpense": 157000000, "netIncome": 13000000, "netIncomeRatio": 0.0009012382, "eps": 0.1, "epsdiluted": 0.095, "weightedAverageShsOut": 130000000, "weightedAverageShsOutDil": 136842105, "link": "https://www.sec.gov/Archives/edgar/data/842162/000095012403000793/0000950124-03-000793-index.htm", "finalLink": "https://www.sec.gov/Archives/edgar/data/842162/000095012403000793/k74351e10vk.htm", "calculatedOtherExpenses": 0, "calculatedOperatingExpenses": 517200000, "calculatedNetInterest": -67600000, "calculatedOtherIncome": -195000000, "calculatedIncomeNonControlling": 310500000, "calculatedEbitda": 1044100000}, {"date": "2001-12-31", "symbol": "LEA", "reportedCurrency": "USD", "cik": "0000842162", "fillingDate": "2002-03-18", "acceptedDate": "2002-03-18 00:00:00", "calendarYear": "2001", "period": "FY", "revenue": 13624700000, "costOfRevenue": 12589900000, "grossProfit": 1034800000, "grossProfitRatio": 0.0759502962, "researchAndDevelopmentExpenses": 0, "generalAndAdministrativeExpenses": 514200000, "sellingAndMarketingExpenses": 0, "sellingGeneralAndAdministrativeExpenses": 514200000, "otherExpenses": 90200000, "operatingExpenses": 604400000, "costAndExpenses": 13194300000, "interestIncome": 0, "interestExpense": 0, "depreciationAndAmortization": 392200000, "ebitda": 887900000, "ebitdaratio": 0.0651684074, "operatingIncome": 430400000, "operatingIncomeRatio": 0.0315896864, "totalOtherIncomeExpensesNet": -61300000, "incomeBeforeTax": 102900000, "incomeBeforeTaxRatio": 0.0075524599, "incomeTaxExpense": 68700000, "netIncome": 26300000, "netIncomeRatio": 0.0019303177, "eps": 0.21, "epsdiluted": 0.2, "weightedAverageShsOut": 128292683, "weightedAverageShsOutDil": 131500000, "link": "https://www.sec.gov/Archives/edgar/data/842162/000095012402000856/0000950124-02-000856-index.htm", "finalLink": "https://www.sec.gov/Archives/edgar/data/842162/000095012402000856/k67985e10-k.htm", "calculatedOtherExpenses": 90200000, "calculatedOperatingExpenses": 604400000, "calculatedNetInterest": 0, "calculatedOtherIncome": -327500000, "calculatedIncomeNonControlling": 7900000, "calculatedEbitda": 822600000}, {"date": "2000-12-31", "symbol": "LEA", "reportedCurrency": "USD", "cik": "0000842162", "fillingDate": "2001-03-07", "acceptedDate": "2001-03-07 00:00:00", "calendarYear": "2000", "period": "FY", "revenue": 14072800000, "costOfRevenue": 12320400000, "grossProfit": 1752400000, "grossProfitRatio": 0.1245239043, "researchAndDevelopmentExpenses": 0, "generalAndAdministrativeExpenses": 524800000, "sellingAndMarketingExpenses": 0, "sellingGeneralAndAdministrativeExpenses": 524800000, "otherExpenses": 392200000, "operatingExpenses": 917000000, "costAndExpenses": 13237400000, "interestIncome": 0, "interestExpense": 0, "depreciationAndAmortization": 392200000, "ebitda": 1260900000, "ebitdaratio": 0.0895983742, "operatingIncome": 835400000, "operatingIncomeRatio": 0.0593627423, "totalOtherIncomeExpensesNet": -33300000, "incomeBeforeTax": 472000000, "incomeBeforeTaxRatio": 0.0335398783, "incomeTaxExpense": 197300000, "netIncome": 274700000, "netIncomeRatio": 0.019519925, "eps": 2.11, "epsdiluted": 2.09, "weightedAverageShsOut": 130498812, "weightedAverageShsOutDil": 131750600, "link": "https://www.sec.gov/Archives/edgar/data/842162/000095012401001156/0000950124-01-001156-index.htm", "finalLink": "https://www.sec.gov/Archives/edgar/data/842162/000095012401001156/k60499e10-k405.htm", "calculatedOtherExpenses": 392200000, "calculatedOperatingExpenses": 917000000, "calculatedNetInterest": 0, "calculatedOtherIncome": -363400000, "calculatedIncomeNonControlling": 0, "calculatedEbitda": 1227600000}, {"date": "1999-12-31", "symbol": "LEA", "reportedCurrency": "USD", "cik": "0000842162", "fillingDate": "2000-03-24", "acceptedDate": "2000-03-24 00:00:00", "calendarYear": "1999", "period": "FY", "revenue": 12428800000, "costOfRevenue": 10895300000, "grossProfit": 1533500000, "grossProfitRatio": 0.1233827884, "researchAndDevelopmentExpenses": 0, "generalAndAdministrativeExpenses": 483700000, "sellingAndMarketingExpenses": 0, "sellingGeneralAndAdministrativeExpenses": 483700000, "otherExpenses": 340900000, "operatingExpenses": 824600000, "costAndExpenses": 11719900000, "interestIncome": 0, "interestExpense": 0, "depreciationAndAmortization": 340900000, "ebitda": 1084900000, "ebitdaratio": 0.0872891993, "operatingIncome": 708900000, "operatingIncomeRatio": 0.0570368821, "totalOtherIncomeExpensesNet": -35100000, "incomeBeforeTax": 431100000, "incomeBeforeTaxRatio": 0.034685569, "incomeTaxExpense": 174000000, "netIncome": 257100000, "netIncomeRatio": 0.0206858265, "eps": 1.92, "epsdiluted": 1.9, "weightedAverageShsOut": 133906250, "weightedAverageShsOutDil": 135315789, "link": "https://www.sec.gov/Archives/edgar/data/842162/000095012400001513/0000950124-00-001513-index.html", "finalLink": "https://www.sec.gov/Archives/edgar/data/842162/000095012400001513/0000950124-00-001513-d1.html", "calculatedOtherExpenses": 340900000, "calculatedOperatingExpenses": 824600000, "calculatedNetInterest": 0, "calculatedOtherIncome": -277800000, "calculatedIncomeNonControlling": 0, "calculatedEbitda": 1049800000}, {"date": "1998-12-31", "symbol": "LEA", "reportedCurrency": "USD", "cik": "0000842162", "fillingDate": "1999-03-30", "acceptedDate": "1999-03-30 00:00:00", "calendarYear": "1998", "period": "FY", "revenue": 9059400000, "costOfRevenue": 8027500000, "grossProfit": 1031900000, "grossProfitRatio": 0.1139037905, "researchAndDevelopmentExpenses": 0, "generalAndAdministrativeExpenses": 337000000, "sellingAndMarketingExpenses": 0, "sellingGeneralAndAdministrativeExpenses": 337000000, "otherExpenses": 219700000, "operatingExpenses": 556700000, "costAndExpenses": 8584200000, "interestIncome": 0, "interestExpense": 0, "depreciationAndAmortization": 219700000, "ebitda": 843300000, "ebitdaratio": 0.0930856348, "operatingIncome": 475200000, "operatingIncomeRatio": 0.0524538049, "totalOtherIncomeExpensesNet": -148400000, "incomeBeforeTax": 209400000, "incomeBeforeTaxRatio": 0.0231141135, "incomeTaxExpense": 93900000, "netIncome": 115500000, "netIncomeRatio": 0.0127491887, "eps": 0.87, "epsdiluted": 0.85, "weightedAverageShsOut": 133526012, "weightedAverageShsOutDil": 135882353, "link": "https://www.sec.gov/Archives/edgar/data/842162/000095012499002191/0000950124-99-002191-index.html", "finalLink": "https://www.sec.gov/Archives/edgar/data/842162/", "calculatedOtherExpenses": 219700000, "calculatedOperatingExpenses": 556700000, "calculatedNetInterest": 0, "calculatedOtherIncome": -265800000, "calculatedIncomeNonControlling": 0, "calculatedEbitda": 694900000}, {"date": "1997-12-31", "symbol": "LEA", "reportedCurrency": "USD", "cik": "0000842162", "fillingDate": "1998-03-24", "acceptedDate": "1998-03-24 00:00:00", "calendarYear": "1997", "period": "FY", "revenue": 7342900000, "costOfRevenue": 6390500000, "grossProfit": 952400000, "grossProfitRatio": 0.1297035231, "researchAndDevelopmentExpenses": 0, "generalAndAdministrativeExpenses": 286900000, "sellingAndMarketingExpenses": 0, "sellingGeneralAndAdministrativeExpenses": 286900000, "otherExpenses": 184400000, "operatingExpenses": 471300000, "costAndExpenses": 6861800000, "interestIncome": 0, "interestExpense": 0, "depreciationAndAmortization": 184400000, "ebitda": 691000000, "ebitdaratio": 0.0941045091, "operatingIncome": 481100000, "operatingIncomeRatio": 0.0655190728, "totalOtherIncomeExpensesNet": -25500000, "incomeBeforeTax": 351300000, "incomeBeforeTaxRatio": 0.0478421332, "incomeTaxExpense": 143100000, "netIncome": 207200000, "netIncomeRatio": 0.0282177341, "eps": 1.57, "epsdiluted": 1.52, "weightedAverageShsOut": 132396166, "weightedAverageShsOutDil": 136315789, "link": "https://www.sec.gov/Archives/edgar/data/842162/000095012498001514/0000950124-98-001514-index.html", "finalLink": "https://www.sec.gov/Archives/edgar/data/842162/", "calculatedOtherExpenses": 184400000, "calculatedOperatingExpenses": 471300000, "calculatedNetInterest": 0, "calculatedOtherIncome": -129800000, "calculatedIncomeNonControlling": 1000000, "calculatedEbitda": 665500000}, {"date": "1996-12-31", "symbol": "LEA", "reportedCurrency": "USD", "cik": "0000842162", "fillingDate": "1997-03-28", "acceptedDate": "1997-03-28 00:00:00", "calendarYear": "1996", "period": "FY", "revenue": 6249100000, "costOfRevenue": 5517300000, "grossProfit": 731800000, "grossProfitRatio": 0.1171048631, "researchAndDevelopmentExpenses": 0, "generalAndAdministrativeExpenses": 210300000, "sellingAndMarketingExpenses": 0, "sellingGeneralAndAdministrativeExpenses": 210300000, "otherExpenses": 145700000, "operatingExpenses": 356000000, "costAndExpenses": 5873300000, "interestIncome": 0, "interestExpense": 0, "depreciationAndAmortization": 145700000, "ebitda": 537100000, "ebitdaratio": 0.0859483766, "operatingIncome": 375800000, "operatingIncomeRatio": 0.0601366597, "totalOtherIncomeExpensesNet": -15600000, "incomeBeforeTax": 253400000, "incomeBeforeTaxRatio": 0.0405498392, "incomeTaxExpense": 101500000, "netIncome": 151900000, "netIncomeRatio": 0.0243075003, "eps": 1.19, "epsdiluted": 1.19, "weightedAverageShsOut": 127647059, "weightedAverageShsOutDil": 127647059, "link": "https://www.sec.gov/Archives/edgar/data/842162/000095012497001854/0000950124-97-001854-index.html", "finalLink": "https://www.sec.gov/Archives/edgar/data/842162/", "calculatedOtherExpenses": 145700000, "calculatedOperatingExpenses": 356000000, "calculatedNetInterest": 0, "calculatedOtherIncome": -122400000, "calculatedIncomeNonControlling": 0, "calculatedEbitda": 521500000}, {"date": "1995-12-31", "symbol": "LEA", "reportedCurrency": "USD", "cik": "0000842162", "fillingDate": "1996-03-27", "acceptedDate": "1996-03-27 00:00:00", "calendarYear": "1995", "period": "FY", "revenue": 4714400000, "costOfRevenue": 4235900000, "grossProfit": 478500000, "grossProfitRatio": 0.1014975395, "researchAndDevelopmentExpenses": 0, "generalAndAdministrativeExpenses": 139000000, "sellingAndMarketingExpenses": 0, "sellingGeneralAndAdministrativeExpenses": 139000000, "otherExpenses": 94700000, "operatingExpenses": 233700000, "costAndExpenses": 4469600000, "interestIncome": 0, "interestExpense": 0, "depreciationAndAmortization": 94700000, "ebitda": 353200000, "ebitdaratio": 0.0749193959, "operatingIncome": 244800000, "operatingIncomeRatio": 0.0519260139, "totalOtherIncomeExpensesNet": -13700000, "incomeBeforeTax": 157300000, "incomeBeforeTaxRatio": 0.0333658578, "incomeTaxExpense": 63100000, "netIncome": 91600000, "netIncomeRatio": 0.019429832, "eps": 0.87, "epsdiluted": 0.87, "weightedAverageShsOut": 105287356, "weightedAverageShsOutDil": 105287356, "link": "https://www.sec.gov/Archives/edgar/data/842162/000095012496001324/0000950124-96-001324-index.html", "finalLink": "https://www.sec.gov/Archives/edgar/data/842162/", "calculatedOtherExpenses": 94700000, "calculatedOperatingExpenses": 233700000, "calculatedNetInterest": 0, "calculatedOtherIncome": -87500000, "calculatedIncomeNonControlling": 2600000, "calculatedEbitda": 339500000}, {"date": "1994-12-31", "symbol": "LEA", "reportedCurrency": "USD", "cik": "0000842162", "fillingDate": "1995-03-29", "acceptedDate": "1995-03-29 00:00:00", "calendarYear": "1994", "period": "FY", "revenue": 3147500000, "costOfRevenue": 2836800000, "grossProfit": 310700000, "grossProfitRatio": 0.0987132645, "researchAndDevelopmentExpenses": 0, "generalAndAdministrativeExpenses": 82600000, "sellingAndMarketingExpenses": 0, "sellingGeneralAndAdministrativeExpenses": 82600000, "otherExpenses": 58500000, "operatingExpenses": 141100000, "costAndExpenses": 2977900000, "interestIncome": 0, "interestExpense": 0, "depreciationAndAmortization": 58500000, "ebitda": 235700000, "ebitdaratio": 0.0748848292, "operatingIncome": 169600000, "operatingIncomeRatio": 0.0538840349, "totalOtherIncomeExpensesNet": -7600000, "incomeBeforeTax": 114800000, "incomeBeforeTaxRatio": 0.0364733916, "incomeTaxExpense": 55000000, "netIncome": 59800000, "netIncomeRatio": 0.0189992057, "eps": 0.63, "epsdiluted": 0.63, "weightedAverageShsOut": 94920635, "weightedAverageShsOutDil": 94920635, "link": "https://www.sec.gov/Archives/edgar/data/842162/000095012495000955/0000950124-95-000955-index.html", "finalLink": "https://www.sec.gov/Archives/edgar/data/842162/", "calculatedOtherExpenses": 58500000, "calculatedOperatingExpenses": 141100000, "calculatedNetInterest": 0, "calculatedOtherIncome": -54800000, "calculatedIncomeNonControlling": 0, "calculatedEbitda": 228100000}, {"date": "1993-12-31", "symbol": "LEA", "reportedCurrency": "USD", "cik": "0000842162", "fillingDate": "1994-03-31", "acceptedDate": "1994-03-31 00:00:00", "calendarYear": "1993", "period": "FY", "revenue": 1950300000, "costOfRevenue": 1780100000, "grossProfit": 170200000, "grossProfitRatio": 0.0872686253, "researchAndDevelopmentExpenses": 0, "generalAndAdministrativeExpenses": 0, "sellingAndMarketingExpenses": 0, "sellingGeneralAndAdministrativeExpenses": 62700000, "otherExpenses": 90600000, "operatingExpenses": 90600000, "costAndExpenses": 1870700000, "interestIncome": 0, "interestExpense": 0, "depreciationAndAmortization": 42600000, "ebitda": 114400000, "ebitdaratio": 0.0586576424, "operatingIncome": 79600000, "operatingIncomeRatio": 0.0408142337, "totalOtherIncomeExpensesNet": 7800000, "incomeBeforeTax": 26100000, "incomeBeforeTaxRatio": 0.0133825565, "incomeTaxExpense": 26900000, "netIncome": -13800000, "netIncomeRatio": -0.0070758345, "eps": -0.19, "epsdiluted": -0.19, "weightedAverageShsOut": 70769231, "weightedAverageShsOutDil": 70769231, "link": "https://www.sec.gov/Archives/edgar/data/842162/000095012494000674/0000950124-94-000674-index.html", "finalLink": "https://www.sec.gov/Archives/edgar/data/842162/", "calculatedOtherExpenses": 27900000, "calculatedOperatingExpenses": 90600000, "calculatedNetInterest": 0, "calculatedOtherIncome": -53500000, "calculatedIncomeNonControlling": 13000000, "calculatedEbitda": 122200000}]}