{"originalCurrency": "USD", "convertedCurrency": "USD", "report": [{"date": "2023-11-30", "symbol": "LEN", "reportedCurrency": "USD", "cik": "0000920760", "fillingDate": "2024-01-26", "acceptedDate": "2024-01-26 17:11:20", "calendarYear": "2023", "period": "FY", "revenue": 34233366000, "costOfRevenue": 249022000, "grossProfit": 33984344000, "grossProfitRatio": 0.9927257518, "researchAndDevelopmentExpenses": 0, "generalAndAdministrativeExpenses": 501338000, "sellingAndMarketingExpenses": 0, "sellingGeneralAndAdministrativeExpenses": 501338000, "otherExpenses": -42570000, "operatingExpenses": 501338000, "costAndExpenses": 750360000, "interestIncome": 0, "interestExpense": 257893000, "depreciationAndAmortization": 110164000, "ebitda": 5527707000, "ebitdaratio": 0.161471326, "operatingIncome": 5527707000, "operatingIncomeRatio": 0.161471326, "totalOtherIncomeExpensesNet": -325403000, "incomeBeforeTax": 5202304000, "incomeBeforeTaxRatio": 0.151965892, "incomeTaxExpense": 1241013000, "netIncome": 3938511000, "netIncomeRatio": 0.115048897, "eps": 13.73, "epsdiluted": 13.73, "weightedAverageShsOut": 283319000, "weightedAverageShsOutDil": 283319000, "link": "https://www.sec.gov/Archives/edgar/data/920760/000162828024002371/0001628280-24-002371-index.htm", "finalLink": "https://www.sec.gov/Archives/edgar/data/920760/000162828024002371/len-20231130.htm", "calculatedOtherExpenses": 27955299000, "calculatedOperatingExpenses": 28456637000, "calculatedNetInterest": -257893000, "calculatedOtherIncome": -67510000, "calculatedIncomeNonControlling": 22780000, "calculatedEbitda": 5637871000}, {"date": "2022-11-30", "symbol": "LEN", "reportedCurrency": "USD", "cik": "0000920760", "fillingDate": "2023-01-26", "acceptedDate": "2023-01-26 16:21:24", "calendarYear": "2022", "period": "FY", "revenue": 33671010000, "costOfRevenue": 23197056000, "grossProfit": 10473954000, "grossProfitRatio": 0.3110674138, "researchAndDevelopmentExpenses": 0, "generalAndAdministrativeExpenses": 2378741000, "sellingAndMarketingExpenses": 0, "sellingGeneralAndAdministrativeExpenses": 2378741000, "otherExpenses": 1270793000, "operatingExpenses": 3649534000, "costAndExpenses": 26846590000, "interestIncome": 34376000, "interestExpense": 1478648000, "depreciationAndAmortization": 87075000, "ebitda": 7545913000, "ebitdaratio": 0.2241071177, "operatingIncome": 7458838000, "operatingIncomeRatio": 0.2215210652, "totalOtherIncomeExpensesNet": -1444272000, "incomeBeforeTax": 6014566000, "incomeBeforeTaxRatio": 0.1786274305, "incomeTaxExpense": 1366065000, "netIncome": 4614125000, "netIncomeRatio": 0.1370355389, "eps": 15.74, "epsdiluted": 15.72, "weightedAverageShsOut": 289824000, "weightedAverageShsOutDil": 289824000, "link": "https://www.sec.gov/Archives/edgar/data/920760/000162828023001606/0001628280-23-001606-index.htm", "finalLink": "https://www.sec.gov/Archives/edgar/data/920760/000162828023001606/len-20221130.htm", "calculatedOtherExpenses": 636375000, "calculatedOperatingExpenses": 3015116000, "calculatedNetInterest": -1444272000, "calculatedOtherIncome": 0, "calculatedIncomeNonControlling": 34376000, "calculatedEbitda": 7545913000}, {"date": "2021-11-30", "symbol": "LEN", "reportedCurrency": "USD", "cik": "0000920760", "fillingDate": "2022-01-28", "acceptedDate": "2022-01-28 16:35:48", "calendarYear": "2021", "period": "FY", "revenue": 27130676000, "costOfRevenue": 20853412000, "grossProfit": 6277264000, "grossProfitRatio": 0.2313714557, "researchAndDevelopmentExpenses": 0, "generalAndAdministrativeExpenses": 398381000, "sellingAndMarketingExpenses": 0, "sellingGeneralAndAdministrativeExpenses": 398381000, "otherExpenses": -59825000, "operatingExpenses": 398381000, "costAndExpenses": 21251793000, "interestIncome": 20142000, "interestExpense": 365373000, "depreciationAndAmortization": 85954000, "ebitda": 5878883000, "ebitdaratio": 0.2166876712, "operatingIncome": 5792929000, "operatingIncomeRatio": 0.2135195231, "totalOtherIncomeExpensesNet": 26129000, "incomeBeforeTax": 5819058000, "incomeBeforeTaxRatio": 0.2144826026, "incomeTaxExpense": 1362509000, "netIncome": 4430111000, "netIncomeRatio": 0.163287896, "eps": 14.28, "epsdiluted": 14.27, "weightedAverageShsOut": 306612000, "weightedAverageShsOutDil": 306612000, "link": "https://www.sec.gov/Archives/edgar/data/920760/000162828022001450/0001628280-22-001450-index.htm", "finalLink": "https://www.sec.gov/Archives/edgar/data/920760/000162828022001450/len-20211130.htm", "calculatedOtherExpenses": 85954000, "calculatedOperatingExpenses": 484335000, "calculatedNetInterest": -345231000, "calculatedOtherIncome": 371360000, "calculatedIncomeNonControlling": 26438000, "calculatedEbitda": 5878883000}, {"date": "2020-11-30", "symbol": "LEN", "reportedCurrency": "USD", "cik": "0000920760", "fillingDate": "2021-01-22", "acceptedDate": "2021-01-22 16:30:38", "calendarYear": "2020", "period": "FY", "revenue": 22488854000, "costOfRevenue": 19006648000, "grossProfit": 3482206000, "grossProfitRatio": 0.1548414161, "researchAndDevelopmentExpenses": 0, "generalAndAdministrativeExpenses": 358418000, "sellingAndMarketingExpenses": 0, "sellingGeneralAndAdministrativeExpenses": 358418000, "otherExpenses": -16980000, "operatingExpenses": 358418000, "costAndExpenses": 19365066000, "interestIncome": 22401000, "interestExpense": 22401000, "depreciationAndAmortization": 94553000, "ebitda": 3123788000, "ebitdaratio": 0.1389038321, "operatingIncome": 3029235000, "operatingIncomeRatio": 0.1346993938, "totalOtherIncomeExpensesNet": 94553000, "incomeBeforeTax": 3123788000, "incomeBeforeTaxRatio": 0.1389038321, "incomeTaxExpense": 656235000, "netIncome": 2465036000, "netIncomeRatio": 0.1096114546, "eps": 7.88, "epsdiluted": 7.85, "weightedAverageShsOut": 309406000, "weightedAverageShsOutDil": 309407000, "link": "https://www.sec.gov/Archives/edgar/data/920760/000162828021000722/0001628280-21-000722-index.htm", "finalLink": "https://www.sec.gov/Archives/edgar/data/920760/000162828021000722/len-20201130.htm", "calculatedOtherExpenses": 94553000, "calculatedOperatingExpenses": 452971000, "calculatedNetInterest": 0, "calculatedOtherIncome": 94553000, "calculatedIncomeNonControlling": 2517000, "calculatedEbitda": 3123788000}, {"date": "2019-11-30", "symbol": "LEN", "reportedCurrency": "USD", "cik": "0000920760", "fillingDate": "2020-01-27", "acceptedDate": "2020-01-27 16:40:35", "calendarYear": "2019", "period": "FY", "revenue": 22259561000, "costOfRevenue": 17742081000, "grossProfit": 4517480000, "grossProfitRatio": 0.2029456017, "researchAndDevelopmentExpenses": 0, "generalAndAdministrativeExpenses": 2056299000, "sellingAndMarketingExpenses": 0, "sellingGeneralAndAdministrativeExpenses": 2056299000, "otherExpenses": -40282000, "operatingExpenses": 2056299000, "costAndExpenses": 19798380000, "interestIncome": 17620000, "interestExpense": 17620000, "depreciationAndAmortization": 92200000, "ebitda": 2461181000, "ebitdaratio": 0.1105673647, "operatingIncome": 2368981000, "operatingIncomeRatio": 0.1064253244, "totalOtherIncomeExpensesNet": 65311000, "incomeBeforeTax": 2434292000, "incomeBeforeTaxRatio": 0.1093593894, "incomeTaxExpense": 592173000, "netIncome": 1849052000, "netIncomeRatio": 0.0830677658, "eps": 5.76, "epsdiluted": 5.74, "weightedAverageShsOut": 318419000, "weightedAverageShsOutDil": 318422000, "link": "https://www.sec.gov/Archives/edgar/data/920760/000162828020000559/0001628280-20-000559-index.htm", "finalLink": "https://www.sec.gov/Archives/edgar/data/920760/000162828020000559/len-20191130x10k.htm", "calculatedOtherExpenses": 92200000, "calculatedOperatingExpenses": 2148499000, "calculatedNetInterest": 0, "calculatedOtherIncome": 65311000, "calculatedIncomeNonControlling": -6933000, "calculatedEbitda": 2461181000}, {"date": "2018-11-30", "symbol": "LEN", "reportedCurrency": "USD", "cik": "0000920760", "fillingDate": "2019-01-28", "acceptedDate": "2019-01-28 17:11:06", "calendarYear": "2018", "period": "FY", "revenue": 20571631000, "costOfRevenue": 16629282000, "grossProfit": 3942349000, "grossProfitRatio": 0.1916400795, "researchAndDevelopmentExpenses": 0, "generalAndAdministrativeExpenses": 1952098000, "sellingAndMarketingExpenses": 0, "sellingGeneralAndAdministrativeExpenses": 1952098000, "otherExpenses": 143783000, "operatingExpenses": 1952098000, "costAndExpenses": 18581380000, "interestIncome": 0, "interestExpense": 11258000, "depreciationAndAmortization": 91181000, "ebitda": 1846824000, "ebitdaratio": 0.0897752833, "operatingIncome": 1755643000, "operatingIncomeRatio": 0.0853429171, "totalOtherIncomeExpensesNet": 507041000, "incomeBeforeTax": 2262684000, "incomeBeforeTaxRatio": 0.109990501, "incomeTaxExpense": 545171000, "netIncome": 1695831000, "netIncomeRatio": 0.082435418, "eps": 5.51, "epsdiluted": 5.5, "weightedAverageShsOut": 307968000, "weightedAverageShsOutDil": 308565000, "link": "https://www.sec.gov/Archives/edgar/data/920760/000162828019000598/0001628280-19-000598-index.htm", "finalLink": "https://www.sec.gov/Archives/edgar/data/920760/000162828019000598/len-20181130x10k.htm", "calculatedOtherExpenses": 234608000, "calculatedOperatingExpenses": 2186706000, "calculatedNetInterest": -11258000, "calculatedOtherIncome": 518299000, "calculatedIncomeNonControlling": 21682000, "calculatedEbitda": 1846824000}, {"date": "2017-11-30", "symbol": "LEN", "reportedCurrency": "USD", "cik": "0000920760", "fillingDate": "2018-01-25", "acceptedDate": "2018-01-24 18:43:27", "calendarYear": "2017", "period": "FY", "revenue": 12646365000, "costOfRevenue": 11021481000, "grossProfit": 1624884000, "grossProfitRatio": 0.1284862488, "researchAndDevelopmentExpenses": 0, "generalAndAdministrativeExpenses": 285889000, "sellingAndMarketingExpenses": 0, "sellingGeneralAndAdministrativeExpenses": 285889000, "otherExpenses": 8347000, "operatingExpenses": 285889000, "costAndExpenses": 11307370000, "interestIncome": 0, "interestExpense": 7164000, "depreciationAndAmortization": 66324000, "ebitda": 1475500000, "ebitdaratio": 0.1166738426, "operatingIncome": 1475500000, "operatingIncomeRatio": 0.1166738426, "totalOtherIncomeExpensesNet": -142220000, "incomeBeforeTax": 1189611000, "incomeBeforeTaxRatio": 0.0940674257, "incomeTaxExpense": 417857000, "netIncome": 810480000, "netIncomeRatio": 0.064087981, "eps": 3.38, "epsdiluted": 3.38, "weightedAverageShsOut": 237155000, "weightedAverageShsOutDil": 237156000, "link": "https://www.sec.gov/Archives/edgar/data/920760/000162828018000562/0001628280-18-000562-index.htm", "finalLink": "https://www.sec.gov/Archives/edgar/data/920760/000162828018000562/len-20171130x10k.htm", "calculatedOtherExpenses": -136505000, "calculatedOperatingExpenses": 149384000, "calculatedNetInterest": -7164000, "calculatedOtherIncome": -278725000, "calculatedIncomeNonControlling": -38726000, "calculatedEbitda": 1541824000}, {"date": "2016-11-30", "symbol": "LEN", "reportedCurrency": "USD", "cik": "0000920760", "fillingDate": "2017-01-20", "acceptedDate": "2017-01-20 16:27:11", "calendarYear": "2016", "period": "FY", "revenue": 10949999000, "costOfRevenue": 8556157000, "grossProfit": 2393842000, "grossProfitRatio": 0.2186157277, "researchAndDevelopmentExpenses": 0, "generalAndAdministrativeExpenses": 1131479000, "sellingAndMarketingExpenses": 0, "sellingGeneralAndAdministrativeExpenses": 1131479000, "otherExpenses": 17527000, "operatingExpenses": 1131479000, "costAndExpenses": 9687636000, "interestIncome": 0, "interestExpense": 4626000, "depreciationAndAmortization": 50219000, "ebitda": 1335095000, "ebitdaratio": 0.1219264952, "operatingIncome": 1257737000, "operatingIncomeRatio": 0.114861837, "totalOtherIncomeExpensesNet": 72732000, "incomeBeforeTax": 1330469000, "incomeBeforeTaxRatio": 0.1215040294, "incomeTaxExpense": 417378000, "netIncome": 911844000, "netIncomeRatio": 0.0832734323, "eps": 4.05, "epsdiluted": 3.85, "weightedAverageShsOut": 222789420, "weightedAverageShsOutDil": 235326240, "link": "https://www.sec.gov/Archives/edgar/data/920760/000162828017000327/0001628280-17-000327-index.htm", "finalLink": "https://www.sec.gov/Archives/edgar/data/920760/000162828017000327/len-20161130x10k.htm", "calculatedOtherExpenses": 4626000, "calculatedOperatingExpenses": 1136105000, "calculatedNetInterest": -4626000, "calculatedOtherIncome": 77358000, "calculatedIncomeNonControlling": 1247000, "calculatedEbitda": 1307956000}, {"date": "2015-11-30", "symbol": "LEN", "reportedCurrency": "USD", "cik": "0000920760", "fillingDate": "2016-01-22", "acceptedDate": "2016-01-22 16:02:41", "calendarYear": "2015", "period": "FY", "revenue": 9474008000, "costOfRevenue": 7340698000, "grossProfit": 2133310000, "grossProfitRatio": 0.2251750262, "researchAndDevelopmentExpenses": 0, "generalAndAdministrativeExpenses": 1047294000, "sellingAndMarketingExpenses": 0, "sellingGeneralAndAdministrativeExpenses": 1047294000, "otherExpenses": 30870000, "operatingExpenses": 1047294000, "costAndExpenses": 8387992000, "interestIncome": 0, "interestExpense": 12454000, "depreciationAndAmortization": 43666000, "ebitda": 1222070000, "ebitdaratio": 0.1289918691, "operatingIncome": 1073562000, "operatingIncomeRatio": 0.1133165604, "totalOtherIncomeExpensesNet": 136054000, "incomeBeforeTax": 1209616000, "incomeBeforeTaxRatio": 0.1276773252, "incomeTaxExpense": 390416000, "netIncome": 802894000, "netIncomeRatio": 0.0847470258, "eps": 3.79, "epsdiluted": 3.39, "weightedAverageShsOut": 209292780, "weightedAverageShsOutDil": 235428240, "link": "https://www.sec.gov/Archives/edgar/data/920760/000162828016010323/0001628280-16-010323-index.htm", "finalLink": "https://www.sec.gov/Archives/edgar/data/920760/000162828016010323/len-20151130x10k.htm", "calculatedOtherExpenses": 12454000, "calculatedOperatingExpenses": 1059748000, "calculatedNetInterest": -12454000, "calculatedOtherIncome": 148508000, "calculatedIncomeNonControlling": 16306000, "calculatedEbitda": 1117228000}, {"date": "2014-11-30", "symbol": "LEN", "reportedCurrency": "USD", "cik": "0000920760", "fillingDate": "2015-01-23", "acceptedDate": "2015-01-23 08:51:37", "calendarYear": "2014", "period": "FY", "revenue": 7779812000, "costOfRevenue": 5965790000, "grossProfit": 1814022000, "grossProfitRatio": 0.2331704159, "researchAndDevelopmentExpenses": 0, "generalAndAdministrativeExpenses": 891984000, "sellingAndMarketingExpenses": 0, "sellingGeneralAndAdministrativeExpenses": 891984000, "otherExpenses": 10921000, "operatingExpenses": 891984000, "costAndExpenses": 6857774000, "interestIncome": 0, "interestExpense": 36551000, "depreciationAndAmortization": 38542000, "ebitda": 1006335000, "ebitdaratio": 0.1293520975, "operatingIncome": 885487000, "operatingIncomeRatio": 0.1138185601, "totalOtherIncomeExpensesNet": 84297000, "incomeBeforeTax": 969784000, "incomeBeforeTaxRatio": 0.1246539119, "incomeTaxExpense": 341091000, "netIncome": 638916000, "netIncomeRatio": 0.0821248637, "eps": 3.06, "epsdiluted": 2.75, "weightedAverageShsOut": 206253180, "weightedAverageShsOutDil": 232804800, "link": "https://www.sec.gov/Archives/edgar/data/920760/000162828015000218/0001628280-15-000218-index.htm", "finalLink": "https://www.sec.gov/Archives/edgar/data/920760/000162828015000218/len-20141130x10k.htm", "calculatedOtherExpenses": 36551000, "calculatedOperatingExpenses": 928535000, "calculatedNetInterest": -36551000, "calculatedOtherIncome": 120848000, "calculatedIncomeNonControlling": -10223000, "calculatedEbitda": 924029000}, {"date": "2013-11-30", "symbol": "LEN", "reportedCurrency": "USD", "cik": "0000920760", "fillingDate": "2014-01-28", "acceptedDate": "2014-01-27 18:55:30", "calendarYear": "2013", "period": "FY", "revenue": 5935095000, "costOfRevenue": 4543737000, "grossProfit": 1391358000, "grossProfitRatio": 0.234428935, "researchAndDevelopmentExpenses": 0, "generalAndAdministrativeExpenses": 705522000, "sellingAndMarketingExpenses": 0, "sellingGeneralAndAdministrativeExpenses": 705522000, "otherExpenses": 44133000, "operatingExpenses": 705522000, "costAndExpenses": 5249259000, "interestIncome": 0, "interestExpense": 93913000, "depreciationAndAmortization": 30349000, "ebitda": 775854000, "ebitdaratio": 0.1307230971, "operatingIncome": 745505000, "operatingIncomeRatio": 0.1256096153, "totalOtherIncomeExpensesNet": 90018000, "incomeBeforeTax": 681941000, "incomeBeforeTaxRatio": 0.1148997615, "incomeTaxExpense": 177015000, "netIncome": 479674000, "netIncomeRatio": 0.0808199363, "eps": 2.43, "epsdiluted": 2.11, "weightedAverageShsOut": 194282460, "weightedAverageShsOutDil": 230438400, "link": "https://www.sec.gov/Archives/edgar/data/920760/000144530514000129/0001445305-14-000129-index.htm", "finalLink": "https://www.sec.gov/Archives/edgar/data/920760/000144530514000129/len-20131130x10k.htm", "calculatedOtherExpenses": -59669000, "calculatedOperatingExpenses": 645853000, "calculatedNetInterest": -93913000, "calculatedOtherIncome": 30349000, "calculatedIncomeNonControlling": 25252000, "calculatedEbitda": 775854000}, {"date": "2012-11-30", "symbol": "LEN", "reportedCurrency": "USD", "cik": "0000920760", "fillingDate": "2013-01-29", "acceptedDate": "2013-01-29 16:57:10", "calendarYear": "2012", "period": "FY", "revenue": 4104706000, "costOfRevenue": 3216465000, "grossProfit": 888241000, "grossProfitRatio": 0.2163957662, "researchAndDevelopmentExpenses": 0, "generalAndAdministrativeExpenses": 566065000, "sellingAndMarketingExpenses": 0, "sellingGeneralAndAdministrativeExpenses": 566065000, "otherExpenses": -20516000, "operatingExpenses": 566065000, "costAndExpenses": 3782530000, "interestIncome": 0, "interestExpense": 94353000, "depreciationAndAmortization": 28081000, "ebitda": 316467000, "ebitdaratio": 0.077098579, "operatingIncome": 227823000, "operatingIncomeRatio": 0.0555028789, "totalOtherIncomeExpensesNet": -5709000, "incomeBeforeTax": 222114000, "incomeBeforeTaxRatio": 0.0541120363, "incomeTaxExpense": -435218000, "netIncome": 679124000, "netIncomeRatio": 0.1654500956, "eps": 3.51, "epsdiluted": 3.05, "weightedAverageShsOut": 190395240, "weightedAverageShsOutDil": 223068900, "link": "https://www.sec.gov/Archives/edgar/data/920760/000144530513000116/0001445305-13-000116-index.htm", "finalLink": "https://www.sec.gov/Archives/edgar/data/920760/000144530513000116/len-20121130x10k.htm", "calculatedOtherExpenses": 94353000, "calculatedOperatingExpenses": 660418000, "calculatedNetInterest": -94353000, "calculatedOtherIncome": 88644000, "calculatedIncomeNonControlling": -21792000, "calculatedEbitda": 255904000}, {"date": "2011-11-30", "symbol": "LEN", "reportedCurrency": "USD", "cik": "0000920760", "fillingDate": "2012-01-30", "acceptedDate": "2012-01-30 17:12:21", "calendarYear": "2011", "period": "FY", "revenue": 3095385000, "costOfRevenue": 193230000, "grossProfit": 2902155000, "grossProfitRatio": 0.9375748089, "researchAndDevelopmentExpenses": 0, "generalAndAdministrativeExpenses": 95256000, "sellingAndMarketingExpenses": 0, "sellingGeneralAndAdministrativeExpenses": 95256000, "otherExpenses": 0, "operatingExpenses": 95256000, "costAndExpenses": 288486000, "interestIncome": 0, "interestExpense": 90650000, "depreciationAndAmortization": 21500000, "ebitda": 2806899000, "ebitdaratio": 0.9068012541, "operatingIncome": 109044000, "operatingIncomeRatio": 0.035227928, "totalOtherIncomeExpensesNet": 84690000, "incomeBeforeTax": 97974000, "incomeBeforeTaxRatio": 0.0316516362, "incomeTaxExpense": -14570000, "netIncome": 92199000, "netIncomeRatio": 0.0297859555, "eps": 0.48, "epsdiluted": 0.47, "weightedAverageShsOut": 188231820, "weightedAverageShsOutDil": 199088700, "link": "https://www.sec.gov/Archives/edgar/data/920760/000119312512029792/0001193125-12-029792-index.htm", "finalLink": "https://www.sec.gov/Archives/edgar/data/920760/000119312512029792/d257946d10k.htm", "calculatedOtherExpenses": 2697855000, "calculatedOperatingExpenses": 2793111000, "calculatedNetInterest": -90650000, "calculatedOtherIncome": 79580000, "calculatedIncomeNonControlling": 20345000, "calculatedEbitda": 130544000}, {"date": "2010-11-30", "symbol": "LEN", "reportedCurrency": "USD", "cik": "0000920760", "fillingDate": "2011-01-31", "acceptedDate": "2011-01-31 16:43:34", "calendarYear": "2010", "period": "FY", "revenue": 3074022000, "costOfRevenue": 2855729000, "grossProfit": 218293000, "grossProfitRatio": 0.0710121788, "researchAndDevelopmentExpenses": 0, "generalAndAdministrativeExpenses": 93926000, "sellingAndMarketingExpenses": 0, "sellingGeneralAndAdministrativeExpenses": 93926000, "otherExpenses": 0, "operatingExpenses": 93926000, "costAndExpenses": 2949655000, "interestIncome": 0, "interestExpense": 70425000, "depreciationAndAmortization": 13520000, "ebitda": 142284000, "ebitdaratio": 0.0462859407, "operatingIncome": 100060000, "operatingIncomeRatio": 0.0325501899, "totalOtherIncomeExpensesNet": 40783000, "incomeBeforeTax": 94725000, "incomeBeforeTaxRatio": 0.0308146786, "incomeTaxExpense": -25734000, "netIncome": 95261000, "netIncomeRatio": 0.030989043, "eps": 0.5, "epsdiluted": 0.5, "weightedAverageShsOut": 186619200, "weightedAverageShsOutDil": 192634140, "link": "https://www.sec.gov/Archives/edgar/data/920760/000119312511018957/0001193125-11-018957-index.htm", "finalLink": "https://www.sec.gov/Archives/edgar/data/920760/000119312511018957/d10k.htm", "calculatedOtherExpenses": 24307000, "calculatedOperatingExpenses": 118233000, "calculatedNetInterest": -70425000, "calculatedOtherIncome": 65090000, "calculatedIncomeNonControlling": 25198000, "calculatedEbitda": 113580000}, {"date": "2009-11-30", "symbol": "LEN", "reportedCurrency": "USD", "cik": "0000920760", "fillingDate": "2010-01-29", "acceptedDate": "2010-01-29 17:18:47", "calendarYear": "2009", "period": "FY", "revenue": 3119387000, "costOfRevenue": 3459506000, "grossProfit": -340119000, "grossProfitRatio": -0.1090339224, "researchAndDevelopmentExpenses": 0, "generalAndAdministrativeExpenses": 129752000, "sellingAndMarketingExpenses": -9659000, "sellingGeneralAndAdministrativeExpenses": 120093000, "otherExpenses": 0, "operatingExpenses": 120093000, "costAndExpenses": 3579599000, "interestIncome": 28912000, "interestExpense": 70850000, "depreciationAndAmortization": 19905000, "ebitda": -542312000, "ebitdaratio": -0.1738521062, "operatingIncome": -30990000, "operatingIncomeRatio": -0.0099346442, "totalOtherIncomeExpensesNet": -229342000, "incomeBeforeTax": -731492000, "incomeBeforeTaxRatio": -0.2344986371, "incomeTaxExpense": -314345000, "netIncome": -417147000, "netIncomeRatio": -0.1337272355, "eps": -2.4, "epsdiluted": -2.4, "weightedAverageShsOut": 173947740, "weightedAverageShsOutDil": 173947740, "link": "https://www.sec.gov/Archives/edgar/data/920760/000119312510017215/0001193125-10-017215-index.htm", "finalLink": "https://www.sec.gov/Archives/edgar/data/920760/000119312510017215/d10k.htm", "calculatedOtherExpenses": -429222000, "calculatedOperatingExpenses": -309129000, "calculatedNetInterest": -41938000, "calculatedOtherIncome": -658564000, "calculatedIncomeNonControlling": 0, "calculatedEbitda": -11085000}, {"date": "2008-11-30", "symbol": "LEN", "reportedCurrency": "USD", "cik": "0000920760", "fillingDate": "2009-01-27", "acceptedDate": "2009-01-27 07:29:21", "calendarYear": "2008", "period": "FY", "revenue": 4575417000, "costOfRevenue": 4885250000, "grossProfit": -309833000, "grossProfitRatio": -0.0677168879, "researchAndDevelopmentExpenses": 0, "generalAndAdministrativeExpenses": 129752000, "sellingAndMarketingExpenses": 0, "sellingGeneralAndAdministrativeExpenses": 129752000, "otherExpenses": 0, "operatingExpenses": 129752000, "costAndExpenses": 5015002000, "interestIncome": 0, "interestExpense": 4097000, "depreciationAndAmortization": 32399000, "ebitda": -340302000, "ebitdaratio": -0.0743761716, "operatingIncome": -400786000, "operatingIncomeRatio": -0.0875955132, "totalOtherIncomeExpensesNet": -126040000, "incomeBeforeTax": -561528000, "incomeBeforeTaxRatio": -0.1227271744, "incomeTaxExpense": 547557000, "netIncome": -1109085000, "netIncomeRatio": -0.2424008566, "eps": -6.86, "epsdiluted": -6.86, "weightedAverageShsOut": 161562900, "weightedAverageShsOutDil": 161562900, "link": "https://www.sec.gov/Archives/edgar/data/920760/000119312509011559/0001193125-09-011559-index.htm", "finalLink": "https://www.sec.gov/Archives/edgar/data/920760/000119312509011559/d10k.htm", "calculatedOtherExpenses": -38799000, "calculatedOperatingExpenses": 90953000, "calculatedNetInterest": -4097000, "calculatedOtherIncome": -156645000, "calculatedIncomeNonControlling": 0, "calculatedEbitda": -368387000}, {"date": "2007-11-30", "symbol": "LEN", "reportedCurrency": "USD", "cik": "0000920760", "fillingDate": "2008-01-29", "acceptedDate": "2008-01-29 17:00:05", "calendarYear": "2007", "period": "FY", "revenue": 10186781000, "costOfRevenue": 12639486000, "grossProfit": -2452705000, "grossProfitRatio": -0.240773312, "researchAndDevelopmentExpenses": 0, "generalAndAdministrativeExpenses": 173202000, "sellingAndMarketingExpenses": 0, "sellingGeneralAndAdministrativeExpenses": 173202000, "otherExpenses": 1090473000, "operatingExpenses": 173202000, "costAndExpenses": 12812688000, "interestIncome": 0, "interestExpense": 1927000, "depreciationAndAmortization": 56764000, "ebitda": -2478795000, "ebitdaratio": -0.2433344744, "operatingIncome": -2913999000, "operatingIncomeRatio": -0.2860569006, "totalOtherIncomeExpensesNet": -453247000, "incomeBeforeTax": -3081081000, "incomeBeforeTaxRatio": -0.3024587453, "incomeTaxExpense": -1140000000, "netIncome": -1941081000, "netIncomeRatio": -0.1905490066, "eps": -12.07, "epsdiluted": -12.07, "weightedAverageShsOut": 160836931, "weightedAverageShsOutDil": 160836931, "link": "https://www.sec.gov/Archives/edgar/data/920760/000119312508014540/0001193125-08-014540-index.htm", "finalLink": "https://www.sec.gov/Archives/edgar/data/920760/000119312508014540/d10k.htm", "calculatedOtherExpenses": 288092000, "calculatedOperatingExpenses": 461294000, "calculatedNetInterest": -1927000, "calculatedOtherIncome": -165155000, "calculatedIncomeNonControlling": 0, "calculatedEbitda": -2857235000}, {"date": "2006-11-30", "symbol": "LEN", "reportedCurrency": "USD", "cik": "0000920760", "fillingDate": "2007-02-08", "acceptedDate": "2007-02-08 17:23:27", "calendarYear": "2006", "period": "FY", "revenue": 16266662000, "costOfRevenue": 15171384000, "grossProfit": 1095278000, "grossProfitRatio": 0.0673326833, "researchAndDevelopmentExpenses": 0, "generalAndAdministrativeExpenses": 193307000, "sellingAndMarketingExpenses": 0, "sellingGeneralAndAdministrativeExpenses": 193307000, "otherExpenses": 0, "operatingExpenses": 193307000, "costAndExpenses": 15364691000, "interestIncome": 0, "interestExpense": 13415000, "depreciationAndAmortization": 50011000, "ebitda": 885353000, "ebitdaratio": 0.0544274541, "operatingIncome": 901971000, "operatingIncomeRatio": 0.0554490528, "totalOtherIncomeExpensesNet": 54093000, "incomeBeforeTax": 942649000, "incomeBeforeTaxRatio": 0.0579497502, "incomeTaxExpense": 348780000, "netIncome": 593869000, "netIncomeRatio": 0.0365083506, "eps": 3.69, "epsdiluted": 3.62, "weightedAverageShsOut": 161102761, "weightedAverageShsOutDil": 164158911, "link": "https://www.sec.gov/Archives/edgar/data/920760/000119312507024341/0001193125-07-024341-index.htm", "finalLink": "https://www.sec.gov/Archives/edgar/data/920760/000119312507024341/d10k.htm", "calculatedOtherExpenses": 0, "calculatedOperatingExpenses": 193307000, "calculatedNetInterest": -13415000, "calculatedOtherIncome": 54093000, "calculatedIncomeNonControlling": 0, "calculatedEbitda": 951982000}, {"date": "2005-11-30", "symbol": "LEN", "reportedCurrency": "USD", "cik": "0000920760", "fillingDate": "2006-08-08", "acceptedDate": "2006-08-08 17:14:58", "calendarYear": "2005", "period": "FY", "revenue": 13866971000, "costOfRevenue": 11635411000, "grossProfit": 2231560000, "grossProfitRatio": 0.1609262758, "researchAndDevelopmentExpenses": 0, "generalAndAdministrativeExpenses": 187257000, "sellingAndMarketingExpenses": 0, "sellingGeneralAndAdministrativeExpenses": 187257000, "otherExpenses": 6858096000, "operatingExpenses": 187257000, "costAndExpenses": 11822668000, "interestIncome": 0, "interestExpense": 45030000, "depreciationAndAmortization": 79558000, "ebitda": 2097254000, "ebitdaratio": 0.1512409595, "operatingIncome": 2044303000, "operatingIncomeRatio": 0.1474224616, "totalOtherIncomeExpensesNet": 160421000, "incomeBeforeTax": 2159694000, "incomeBeforeTaxRatio": 0.1557437453, "incomeTaxExpense": 815284000, "netIncome": 1355155000, "netIncomeRatio": 0.0977253792, "eps": 8.43, "epsdiluted": 8.07, "weightedAverageShsOut": 157895184, "weightedAverageShsOutDil": 167953597, "link": "https://www.sec.gov/Archives/edgar/data/920760/000119312506165938/0001193125-06-165938-index.htm", "finalLink": "https://www.sec.gov/Archives/edgar/data/920760/000119312506165938/d10ka.htm", "calculatedOtherExpenses": 0, "calculatedOperatingExpenses": 187257000, "calculatedNetInterest": -45030000, "calculatedOtherIncome": 160421000, "calculatedIncomeNonControlling": -10745000, "calculatedEbitda": 2123861000}, {"date": "2004-12-31", "symbol": "LEN", "reportedCurrency": "USD", "cik": "0000920760", "fillingDate": "2006-02-09", "acceptedDate": "2006-02-09 17:34:38", "calendarYear": "2004", "period": "FY", "revenue": 10504899000, "costOfRevenue": 8993304000, "grossProfit": 1511595000, "grossProfitRatio": 0.1438942916, "researchAndDevelopmentExpenses": 0, "generalAndAdministrativeExpenses": 141722000, "sellingAndMarketingExpenses": 0, "sellingGeneralAndAdministrativeExpenses": 141722000, "otherExpenses": 0, "operatingExpenses": 141722000, "costAndExpenses": 9135026000, "interestIncome": 0, "interestExpense": 0, "depreciationAndAmortization": 73286000, "ebitda": 1384704000, "ebitdaratio": 0.1318150703, "operatingIncome": 8702388000, "operatingIncomeRatio": 0.8284123436, "totalOtherIncomeExpensesNet": 149194000, "incomeBeforeTax": 1519067000, "incomeBeforeTaxRatio": 0.1446055788, "incomeTaxExpense": 573448000, "netIncome": 945619000, "netIncomeRatio": 0.090016953, "eps": 5.97, "epsdiluted": 5.59, "weightedAverageShsOut": 158379537, "weightedAverageShsOutDil": 169216032, "link": "https://www.sec.gov/Archives/edgar/data/920760/000119312506025438/0001193125-06-025438-index.htm", "finalLink": "https://www.sec.gov/Archives/edgar/data/920760/000119312506025438/d10k.htm", "calculatedOtherExpenses": -7332515000, "calculatedOperatingExpenses": -7190793000, "calculatedNetInterest": 0, "calculatedOtherIncome": -7183321000, "calculatedIncomeNonControlling": 0, "calculatedEbitda": 8775674000}, {"date": "2003-11-30", "symbol": "LEN", "reportedCurrency": "USD", "cik": "0000920760", "fillingDate": "2004-03-01", "acceptedDate": "2004-03-01 16:43:17", "calendarYear": "2003", "period": "FY", "revenue": 8907619000, "costOfRevenue": 7692877000, "grossProfit": 1214742000, "grossProfitRatio": 0.1363711223, "researchAndDevelopmentExpenses": 0, "generalAndAdministrativeExpenses": 111488000, "sellingAndMarketingExpenses": 0, "sellingGeneralAndAdministrativeExpenses": 111488000, "otherExpenses": 0, "operatingExpenses": 111488000, "costAndExpenses": 7804365000, "interestIncome": 0, "interestExpense": 0, "depreciationAndAmortization": 75911000, "ebitda": 1157302000, "ebitdaratio": 0.12992271, "operatingIncome": 7477589000, "operatingIncomeRatio": 0.8394599051, "totalOtherIncomeExpensesNet": 103800000, "incomeBeforeTax": 1207054000, "incomeBeforeTaxRatio": 0.1355080409, "incomeTaxExpense": 455663000, "netIncome": 751391000, "netIncomeRatio": 0.0843537426, "eps": 5, "epsdiluted": 4.56, "weightedAverageShsOut": 150278200, "weightedAverageShsOutDil": 164821252, "link": "https://www.sec.gov/Archives/edgar/data/920760/000119312504032317/0001193125-04-032317-index.htm", "finalLink": "https://www.sec.gov/Archives/edgar/data/920760/000119312504032317/d10k.htm", "calculatedOtherExpenses": -6374335000, "calculatedOperatingExpenses": -6262847000, "calculatedNetInterest": 0, "calculatedOtherIncome": -6270535000, "calculatedIncomeNonControlling": 0, "calculatedEbitda": 7553500000}, {"date": "2002-11-30", "symbol": "LEN", "reportedCurrency": "USD", "cik": "0000920760", "fillingDate": "2003-02-28", "acceptedDate": "2003-02-28 17:21:00", "calendarYear": "2002", "period": "FY", "revenue": 7319802000, "costOfRevenue": 6212568000, "grossProfit": 1107234000, "grossProfitRatio": 0.151265567, "researchAndDevelopmentExpenses": 0, "generalAndAdministrativeExpenses": 85958000, "sellingAndMarketingExpenses": 0, "sellingGeneralAndAdministrativeExpenses": 85958000, "otherExpenses": 0, "operatingExpenses": 85958000, "costAndExpenses": 6298526000, "interestIncome": 0, "interestExpense": 0, "depreciationAndAmortization": 72389000, "ebitda": 1093665000, "ebitdaratio": 0.1494118284, "operatingIncome": 6126610000, "operatingIncomeRatio": 0.8369912192, "totalOtherIncomeExpensesNet": -5250901000, "incomeBeforeTax": 875709000, "incomeBeforeTaxRatio": 0.1196356131, "incomeTaxExpense": 330580000, "netIncome": 545129000, "netIncomeRatio": 0.0744731893, "eps": 3.8, "epsdiluted": 3.44, "weightedAverageShsOut": 143307108, "weightedAverageShsOutDil": 158413556, "link": "https://www.sec.gov/Archives/edgar/data/920760/000093176303000421/0000931763-03-000421-index.htm", "finalLink": "https://www.sec.gov/Archives/edgar/data/920760/000093176303000421/d10k.htm", "calculatedOtherExpenses": -5105334000, "calculatedOperatingExpenses": -5019376000, "calculatedNetInterest": 0, "calculatedOtherIncome": -5250901000, "calculatedIncomeNonControlling": 0, "calculatedEbitda": 6198999000}, {"date": "2001-11-30", "symbol": "LEN", "reportedCurrency": "USD", "cik": "0000920760", "fillingDate": "2002-02-28", "acceptedDate": "2002-02-28 00:00:00", "calendarYear": "2001", "period": "FY", "revenue": 6029301000, "costOfRevenue": 5154544000, "grossProfit": 874757000, "grossProfitRatio": 0.1450843141, "researchAndDevelopmentExpenses": 0, "generalAndAdministrativeExpenses": 0, "sellingAndMarketingExpenses": 0, "sellingGeneralAndAdministrativeExpenses": 75831000, "otherExpenses": 0, "operatingExpenses": 75831000, "costAndExpenses": 5230375000, "interestIncome": 0, "interestExpense": 0, "depreciationAndAmortization": 68670000, "ebitda": 867596000, "ebitdaratio": 0.1438966142, "operatingIncome": 798926000, "operatingIncomeRatio": 0.1325072343, "totalOtherIncomeExpensesNet": -119503000, "incomeBeforeTax": 679423000, "incomeBeforeTaxRatio": 0.1126868604, "incomeTaxExpense": 261578000, "netIncome": 417845000, "netIncomeRatio": 0.0693023951, "eps": 2.97, "epsdiluted": 2.68, "weightedAverageShsOut": 140576400, "weightedAverageShsOutDil": 156117912, "link": "https://www.sec.gov/Archives/edgar/data/920760/000093176302000536/0000931763-02-000536-index.htm", "finalLink": "https://www.sec.gov/Archives/edgar/data/920760/000093176302000536/d10k.txt", "calculatedOtherExpenses": 0, "calculatedOperatingExpenses": 75831000, "calculatedNetInterest": 0, "calculatedOtherIncome": -119503000, "calculatedIncomeNonControlling": 0, "calculatedEbitda": 867596000}, {"date": "2000-11-30", "symbol": "LEN", "reportedCurrency": "USD", "cik": "0000920760", "fillingDate": "2001-02-28", "acceptedDate": "2001-02-28 00:00:00", "calendarYear": "2000", "period": "FY", "revenue": 4706968000, "costOfRevenue": 4124046000, "grossProfit": 582922000, "grossProfitRatio": 0.1238423546, "researchAndDevelopmentExpenses": 0, "generalAndAdministrativeExpenses": 0, "sellingAndMarketingExpenses": 0, "sellingGeneralAndAdministrativeExpenses": 50155000, "otherExpenses": 0, "operatingExpenses": 108686000, "costAndExpenses": 4232732000, "interestIncome": 0, "interestExpense": 0, "depreciationAndAmortization": 58531000, "ebitda": 532767000, "ebitdaratio": 0.1131868753, "operatingIncome": 474236000, "operatingIncomeRatio": 0.1007519065, "totalOtherIncomeExpensesNet": -98601000, "incomeBeforeTax": 375635000, "incomeBeforeTaxRatio": 0.0798040267, "incomeTaxExpense": 146498000, "netIncome": 229137000, "netIncomeRatio": 0.0486803819, "eps": 1.78, "epsdiluted": 1.62, "weightedAverageShsOut": 128545857, "weightedAverageShsOutDil": 141259184, "link": "https://www.sec.gov/Archives/edgar/data/920760/000095017001000281/0000950170-01-000281-index.htm", "finalLink": "https://www.sec.gov/Archives/edgar/data/920760/000095017001000281/0000950170-01-000281-0001.txt", "calculatedOtherExpenses": 58531000, "calculatedOperatingExpenses": 108686000, "calculatedNetInterest": 0, "calculatedOtherIncome": -98601000, "calculatedIncomeNonControlling": 0, "calculatedEbitda": 532767000}, {"date": "1999-11-30", "symbol": "LEN", "reportedCurrency": "USD", "cik": "0000920760", "fillingDate": "2000-02-28", "acceptedDate": "2000-02-28 00:00:00", "calendarYear": "1999", "period": "FY", "revenue": 3118500000, "costOfRevenue": 2698900000, "grossProfit": 419600000, "grossProfitRatio": 0.1345518679, "researchAndDevelopmentExpenses": 0, "generalAndAdministrativeExpenses": 0, "sellingAndMarketingExpenses": 0, "sellingGeneralAndAdministrativeExpenses": 37600000, "otherExpenses": 0, "operatingExpenses": 85300000, "costAndExpenses": 2784200000, "interestIncome": 0, "interestExpense": 0, "depreciationAndAmortization": 47700000, "ebitda": 382000000, "ebitdaratio": 0.1224947892, "operatingIncome": 334300000, "operatingIncomeRatio": 0.1071989739, "totalOtherIncomeExpensesNet": -48800000, "incomeBeforeTax": 285500000, "incomeBeforeTaxRatio": 0.0915504249, "incomeTaxExpense": 112800000, "netIncome": 172700000, "netIncomeRatio": 0.0553791887, "eps": 1.32, "epsdiluted": 1.22, "weightedAverageShsOut": 130484444, "weightedAverageShsOutDil": 141437518, "link": "https://www.sec.gov/Archives/edgar/data/920760/000095017000000300/0000950170-00-000300-index.html", "finalLink": "https://www.sec.gov/Archives/edgar/data/920760/000095017000000300/", "calculatedOtherExpenses": 47700000, "calculatedOperatingExpenses": 85300000, "calculatedNetInterest": 0, "calculatedOtherIncome": -48800000, "calculatedIncomeNonControlling": 0, "calculatedEbitda": 382000000}, {"date": "1998-11-30", "symbol": "LEN", "reportedCurrency": "USD", "cik": "0000920760", "fillingDate": "1998-11-30", "acceptedDate": "1998-11-29 19:00:00", "calendarYear": "1998", "period": "FY", "revenue": 2416900000, "costOfRevenue": 2075800000, "grossProfit": 341100000, "grossProfitRatio": 0.1411312011, "researchAndDevelopmentExpenses": 0, "generalAndAdministrativeExpenses": 0, "sellingAndMarketingExpenses": 0, "sellingGeneralAndAdministrativeExpenses": 29000000, "otherExpenses": 0, "operatingExpenses": 53400000, "costAndExpenses": 2129200000, "interestIncome": 0, "interestExpense": 0, "depreciationAndAmortization": 24400000, "ebitda": 312100000, "ebitdaratio": 0.1291323596, "operatingIncome": 287700000, "operatingIncomeRatio": 0.1190367827, "totalOtherIncomeExpensesNet": -47600000, "incomeBeforeTax": 240100000, "incomeBeforeTaxRatio": 0.0993421325, "incomeTaxExpense": 96000000, "netIncome": 144100000, "netIncomeRatio": 0.0596218296, "eps": 1.27, "epsdiluted": 1.22, "weightedAverageShsOut": 113499614, "weightedAverageShsOutDil": 118057831, "link": "", "finalLink": "", "calculatedOtherExpenses": 24400000, "calculatedOperatingExpenses": 53400000, "calculatedNetInterest": 0, "calculatedOtherIncome": -47600000, "calculatedIncomeNonControlling": 0, "calculatedEbitda": 312100000}, {"date": "1997-11-30", "symbol": "LEN", "reportedCurrency": "USD", "cik": "0000920760", "fillingDate": "1997-11-30", "acceptedDate": "1997-11-29 19:00:00", "calendarYear": "1997", "period": "FY", "revenue": 1303100000, "costOfRevenue": 1138300000, "grossProfit": 164800000, "grossProfitRatio": 0.1264676541, "researchAndDevelopmentExpenses": 0, "generalAndAdministrativeExpenses": 0, "sellingAndMarketingExpenses": 0, "sellingGeneralAndAdministrativeExpenses": 15900000, "otherExpenses": 0, "operatingExpenses": 24900000, "costAndExpenses": 1163200000, "interestIncome": 0, "interestExpense": 0, "depreciationAndAmortization": 9000000, "ebitda": 178100000, "ebitdaratio": 0.1366740849, "operatingIncome": 169100000, "operatingIncomeRatio": 0.1297674776, "totalOtherIncomeExpensesNet": -29200000, "incomeBeforeTax": 85700000, "incomeBeforeTaxRatio": 0.0657662497, "incomeTaxExpense": 35100000, "netIncome": 84400000, "netIncomeRatio": 0.0647686287, "eps": 1.1, "epsdiluted": 1.09, "weightedAverageShsOut": 76522667, "weightedAverageShsOutDil": 77208969, "link": "", "finalLink": "", "calculatedOtherExpenses": -20200000, "calculatedOperatingExpenses": -4300000, "calculatedNetInterest": 0, "calculatedOtherIncome": -83400000, "calculatedIncomeNonControlling": -33800000, "calculatedEbitda": 178100000}, {"date": "1996-12-31", "symbol": "LEN", "reportedCurrency": "USD", "cik": "0000920760", "fillingDate": "1997-02-11", "acceptedDate": "1997-02-11 00:00:00", "calendarYear": "1996", "period": "FY", "revenue": 1181200000, "costOfRevenue": 981400000, "grossProfit": 199800000, "grossProfitRatio": 0.1691500169, "researchAndDevelopmentExpenses": 0, "generalAndAdministrativeExpenses": 0, "sellingAndMarketingExpenses": 0, "sellingGeneralAndAdministrativeExpenses": 12400000, "otherExpenses": 0, "operatingExpenses": 24400000, "costAndExpenses": 1005800000, "interestIncome": 0, "interestExpense": 0, "depreciationAndAmortization": 12000000, "ebitda": 187400000, "ebitdaratio": 0.1586522181, "operatingIncome": 175400000, "operatingIncomeRatio": 0.1484930579, "totalOtherIncomeExpensesNet": -31100000, "incomeBeforeTax": 144300000, "incomeBeforeTaxRatio": 0.1221639011, "incomeTaxExpense": 56300000, "netIncome": 88000000, "netIncomeRatio": 0.074500508, "eps": 1.2, "epsdiluted": 1.19, "weightedAverageShsOut": 73273469, "weightedAverageShsOutDil": 73876543, "link": "https://www.sec.gov/Archives/edgar/data/920760/000091205797004075/0000912057-97-004075-index.html", "finalLink": "https://www.sec.gov/Archives/edgar/data/920760/", "calculatedOtherExpenses": 12000000, "calculatedOperatingExpenses": 24400000, "calculatedNetInterest": 0, "calculatedOtherIncome": -31100000, "calculatedIncomeNonControlling": 0, "calculatedEbitda": 187400000}, {"date": "1995-11-30", "symbol": "LEN", "reportedCurrency": "USD", "cik": "0000920760", "fillingDate": "1995-11-30", "acceptedDate": "1995-11-29 19:00:00", "calendarYear": "1995", "period": "FY", "revenue": 870500000, "costOfRevenue": 714900000, "grossProfit": 155600000, "grossProfitRatio": 0.1787478461, "researchAndDevelopmentExpenses": 0, "generalAndAdministrativeExpenses": 0, "sellingAndMarketingExpenses": 0, "sellingGeneralAndAdministrativeExpenses": 10500000, "otherExpenses": 0, "operatingExpenses": 20800000, "costAndExpenses": 735700000, "interestIncome": 0, "interestExpense": 0, "depreciationAndAmortization": 10300000, "ebitda": 145100000, "ebitdaratio": 0.1666858128, "operatingIncome": 134800000, "operatingIncomeRatio": 0.1548535325, "totalOtherIncomeExpensesNet": -19400000, "incomeBeforeTax": 115400000, "incomeBeforeTaxRatio": 0.1325674899, "incomeTaxExpense": 45000000, "netIncome": 70400000, "netIncomeRatio": 0.0808730615, "eps": 0.96, "epsdiluted": 0.96, "weightedAverageShsOut": 73649231, "weightedAverageShsOutDil": 73649231, "link": "", "finalLink": "", "calculatedOtherExpenses": 10300000, "calculatedOperatingExpenses": 20800000, "calculatedNetInterest": 0, "calculatedOtherIncome": -19400000, "calculatedIncomeNonControlling": 0, "calculatedEbitda": 145100000}, {"date": "1994-11-30", "symbol": "LEN", "reportedCurrency": "USD", "cik": "0000920760", "fillingDate": "1994-11-30", "acceptedDate": "1994-11-29 19:00:00", "calendarYear": "1994", "period": "FY", "revenue": 817900000, "costOfRevenue": 672000000, "grossProfit": 145900000, "grossProfitRatio": 0.1783836655, "researchAndDevelopmentExpenses": 0, "generalAndAdministrativeExpenses": 0, "sellingAndMarketingExpenses": 0, "sellingGeneralAndAdministrativeExpenses": 10300000, "otherExpenses": 0, "operatingExpenses": 18700000, "costAndExpenses": 690700000, "interestIncome": 0, "interestExpense": 0, "depreciationAndAmortization": 8400000, "ebitda": 135600000, "ebitdaratio": 0.1657904389, "operatingIncome": 127200000, "operatingIncomeRatio": 0.1555202347, "totalOtherIncomeExpensesNet": -15400000, "incomeBeforeTax": 111800000, "incomeBeforeTaxRatio": 0.1366915271, "incomeTaxExpense": 43600000, "netIncome": 69200000, "netIncomeRatio": 0.0846069202, "eps": 0.94, "epsdiluted": 0.94, "weightedAverageShsOut": 73525000, "weightedAverageShsOutDil": 73525000, "link": "", "finalLink": "", "calculatedOtherExpenses": 8400000, "calculatedOperatingExpenses": 18700000, "calculatedNetInterest": 0, "calculatedOtherIncome": -15400000, "calculatedIncomeNonControlling": -1000000, "calculatedEbitda": 135600000}, {"date": "1993-11-30", "symbol": "LEN", "reportedCurrency": "USD", "cik": "0000920760", "fillingDate": "1993-11-30", "acceptedDate": "1993-11-29 19:00:00", "calendarYear": "1993", "period": "FY", "revenue": 666900000, "costOfRevenue": 546800000, "grossProfit": 120100000, "grossProfitRatio": 0.1800869696, "researchAndDevelopmentExpenses": 0, "generalAndAdministrativeExpenses": 0, "sellingAndMarketingExpenses": 0, "sellingGeneralAndAdministrativeExpenses": 28100000, "otherExpenses": 0, "operatingExpenses": 38100000, "costAndExpenses": 584900000, "interestIncome": 0, "interestExpense": 0, "depreciationAndAmortization": 10000000, "ebitda": 92000000, "ebitdaratio": 0.1379517169, "operatingIncome": 82000000, "operatingIncomeRatio": 0.1229569651, "totalOtherIncomeExpensesNet": 0, "incomeBeforeTax": 82000000, "incomeBeforeTaxRatio": 0.1229569651, "incomeTaxExpense": 29500000, "netIncome": 52500000, "netIncomeRatio": 0.0787224471, "eps": 0.74, "epsdiluted": 0.74, "weightedAverageShsOut": 70927152, "weightedAverageShsOutDil": 70927152, "link": "", "finalLink": "", "calculatedOtherExpenses": 10000000, "calculatedOperatingExpenses": 38100000, "calculatedNetInterest": 0, "calculatedOtherIncome": 0, "calculatedIncomeNonControlling": 0, "calculatedEbitda": 92000000}, {"date": "1992-11-30", "symbol": "LEN", "reportedCurrency": "USD", "cik": "0000920760", "fillingDate": "1992-11-30", "acceptedDate": "1992-11-29 19:00:00", "calendarYear": "1992", "period": "FY", "revenue": 429400000, "costOfRevenue": 345400000, "grossProfit": 84000000, "grossProfitRatio": 0.1956217979, "researchAndDevelopmentExpenses": 0, "generalAndAdministrativeExpenses": 0, "sellingAndMarketingExpenses": 0, "sellingGeneralAndAdministrativeExpenses": 20400000, "otherExpenses": 0, "operatingExpenses": 31000000, "costAndExpenses": 376400000, "interestIncome": 0, "interestExpense": 0, "depreciationAndAmortization": 10600000, "ebitda": 71200000, "ebitdaratio": 0.165812762, "operatingIncome": 60600000, "operatingIncomeRatio": 0.1411271542, "totalOtherIncomeExpensesNet": -7600000, "incomeBeforeTax": 45300000, "incomeBeforeTaxRatio": 0.105496041, "incomeTaxExpense": 16200000, "netIncome": 29100000, "netIncomeRatio": 0.06776898, "eps": 0.47, "epsdiluted": 0.47, "weightedAverageShsOut": 62488421, "weightedAverageShsOutDil": 62488421, "link": "", "finalLink": "", "calculatedOtherExpenses": 3000000, "calculatedOperatingExpenses": 23400000, "calculatedNetInterest": 0, "calculatedOtherIncome": -15300000, "calculatedIncomeNonControlling": 0, "calculatedEbitda": 71200000}, {"date": "1991-11-30", "symbol": "LEN", "reportedCurrency": "USD", "cik": "0000920760", "fillingDate": "1991-11-30", "acceptedDate": "1991-11-29 19:00:00", "calendarYear": "1991", "period": "FY", "revenue": 325700000, "costOfRevenue": 268100000, "grossProfit": 57600000, "grossProfitRatio": 0.1768498618, "researchAndDevelopmentExpenses": 0, "generalAndAdministrativeExpenses": 0, "sellingAndMarketingExpenses": 0, "sellingGeneralAndAdministrativeExpenses": 17300000, "otherExpenses": 0, "operatingExpenses": 24600000, "costAndExpenses": 292700000, "interestIncome": 0, "interestExpense": 0, "depreciationAndAmortization": 7300000, "ebitda": 40300000, "ebitdaratio": 0.1237334971, "operatingIncome": 33000000, "operatingIncomeRatio": 0.1013202333, "totalOtherIncomeExpensesNet": 0, "incomeBeforeTax": 33000000, "incomeBeforeTaxRatio": 0.1013202333, "incomeTaxExpense": 11900000, "netIncome": 21100000, "netIncomeRatio": 0.0647835431, "eps": 0.34, "epsdiluted": 0.34, "weightedAverageShsOut": 61491429, "weightedAverageShsOutDil": 61491429, "link": "", "finalLink": "", "calculatedOtherExpenses": 7300000, "calculatedOperatingExpenses": 24600000, "calculatedNetInterest": 0, "calculatedOtherIncome": 0, "calculatedIncomeNonControlling": 0, "calculatedEbitda": 40300000}, {"date": "1990-11-30", "symbol": "LEN", "reportedCurrency": "USD", "cik": "0000920760", "fillingDate": "1990-11-30", "acceptedDate": "1990-11-29 19:00:00", "calendarYear": "1990", "period": "FY", "revenue": 350900000, "costOfRevenue": 302700000, "grossProfit": 48200000, "grossProfitRatio": 0.1373610715, "researchAndDevelopmentExpenses": 0, "generalAndAdministrativeExpenses": 0, "sellingAndMarketingExpenses": 0, "sellingGeneralAndAdministrativeExpenses": 20500000, "otherExpenses": 0, "operatingExpenses": 27000000, "costAndExpenses": 329700000, "interestIncome": 0, "interestExpense": 0, "depreciationAndAmortization": 6500000, "ebitda": 27700000, "ebitdaratio": 0.0789398689, "operatingIncome": 21200000, "operatingIncomeRatio": 0.060416073, "totalOtherIncomeExpensesNet": -100000, "incomeBeforeTax": 21100000, "incomeBeforeTaxRatio": 0.0601310915, "incomeTaxExpense": 7400000, "netIncome": 13700000, "netIncomeRatio": 0.0390424622, "eps": 0.22, "epsdiluted": 0.22, "weightedAverageShsOut": 62106667, "weightedAverageShsOutDil": 62106667, "link": "", "finalLink": "", "calculatedOtherExpenses": 6500000, "calculatedOperatingExpenses": 27000000, "calculatedNetInterest": 0, "calculatedOtherIncome": -100000, "calculatedIncomeNonControlling": 0, "calculatedEbitda": 27700000}, {"date": "1989-11-30", "symbol": "LEN", "reportedCurrency": "USD", "cik": "0000920760", "fillingDate": "1989-11-30", "acceptedDate": "1989-11-29 19:00:00", "calendarYear": "1989", "period": "FY", "revenue": 440300000, "costOfRevenue": 0, "grossProfit": 440300000, "grossProfitRatio": 1, "researchAndDevelopmentExpenses": 0, "generalAndAdministrativeExpenses": 0, "sellingAndMarketingExpenses": 0, "sellingGeneralAndAdministrativeExpenses": 0, "otherExpenses": 0, "operatingExpenses": 397800000, "costAndExpenses": 397800000, "interestIncome": 0, "interestExpense": 0, "depreciationAndAmortization": 0, "ebitda": 42500000, "ebitdaratio": 0.0965250965, "operatingIncome": 42500000, "operatingIncomeRatio": 0.0965250965, "totalOtherIncomeExpensesNet": 100000, "incomeBeforeTax": 42600000, "incomeBeforeTaxRatio": 0.0967522144, "incomeTaxExpense": 14500000, "netIncome": 28100000, "netIncomeRatio": 0.0638201226, "eps": 0.46, "epsdiluted": 0.46, "weightedAverageShsOut": 61200000, "weightedAverageShsOutDil": 61200000, "link": "", "finalLink": "", "calculatedOtherExpenses": 397800000, "calculatedOperatingExpenses": 397800000, "calculatedNetInterest": 0, "calculatedOtherIncome": 100000, "calculatedIncomeNonControlling": 0, "calculatedEbitda": 42500000}, {"date": "1988-11-30", "symbol": "LEN", "reportedCurrency": "USD", "cik": "0000920760", "fillingDate": "1988-11-30", "acceptedDate": "1988-11-29 19:00:00", "calendarYear": "1988", "period": "FY", "revenue": 380500000, "costOfRevenue": 0, "grossProfit": 380500000, "grossProfitRatio": 1, "researchAndDevelopmentExpenses": 0, "generalAndAdministrativeExpenses": 0, "sellingAndMarketingExpenses": 0, "sellingGeneralAndAdministrativeExpenses": 0, "otherExpenses": 0, "operatingExpenses": 339900000, "costAndExpenses": 339900000, "interestIncome": 0, "interestExpense": 0, "depreciationAndAmortization": 0, "ebitda": 40600000, "ebitdaratio": 0.1067017083, "operatingIncome": 40600000, "operatingIncomeRatio": 0.1067017083, "totalOtherIncomeExpensesNet": 0, "incomeBeforeTax": 40600000, "incomeBeforeTaxRatio": 0.1067017083, "incomeTaxExpense": 13000000, "netIncome": 27600000, "netIncomeRatio": 0.0725361367, "eps": 0.46, "epsdiluted": 0.46, "weightedAverageShsOut": 60541935, "weightedAverageShsOutDil": 60541935, "link": "", "finalLink": "", "calculatedOtherExpenses": 339900000, "calculatedOperatingExpenses": 339900000, "calculatedNetInterest": 0, "calculatedOtherIncome": 0, "calculatedIncomeNonControlling": 0, "calculatedEbitda": 40600000}, {"date": "1987-11-30", "symbol": "LEN", "reportedCurrency": "USD", "cik": "0000920760", "fillingDate": "1987-11-30", "acceptedDate": "1987-11-29 19:00:00", "calendarYear": "1987", "period": "FY", "revenue": 331400000, "costOfRevenue": 0, "grossProfit": 331400000, "grossProfitRatio": 1, "researchAndDevelopmentExpenses": 0, "generalAndAdministrativeExpenses": 0, "sellingAndMarketingExpenses": 0, "sellingGeneralAndAdministrativeExpenses": 0, "otherExpenses": 0, "operatingExpenses": 294300000, "costAndExpenses": 294300000, "interestIncome": 0, "interestExpense": 0, "depreciationAndAmortization": 0, "ebitda": 37100000, "ebitdaratio": 0.111949306, "operatingIncome": 37100000, "operatingIncomeRatio": 0.111949306, "totalOtherIncomeExpensesNet": 0, "incomeBeforeTax": 37100000, "incomeBeforeTaxRatio": 0.111949306, "incomeTaxExpense": 14100000, "netIncome": 23000000, "netIncomeRatio": 0.0694025347, "eps": 0.41, "epsdiluted": 0.41, "weightedAverageShsOut": 56530120, "weightedAverageShsOutDil": 56530120, "link": "", "finalLink": "", "calculatedOtherExpenses": 294300000, "calculatedOperatingExpenses": 294300000, "calculatedNetInterest": 0, "calculatedOtherIncome": 0, "calculatedIncomeNonControlling": 0, "calculatedEbitda": 37100000}, {"date": "1986-11-30", "symbol": "LEN", "reportedCurrency": "USD", "cik": "0000920760", "fillingDate": "1986-11-30", "acceptedDate": "1986-11-29 19:00:00", "calendarYear": "1986", "period": "FY", "revenue": 222600000, "costOfRevenue": 0, "grossProfit": 222600000, "grossProfitRatio": 1, "researchAndDevelopmentExpenses": 0, "generalAndAdministrativeExpenses": 0, "sellingAndMarketingExpenses": 0, "sellingGeneralAndAdministrativeExpenses": 0, "otherExpenses": 0, "operatingExpenses": 199500000, "costAndExpenses": 199500000, "interestIncome": 0, "interestExpense": 0, "depreciationAndAmortization": 0, "ebitda": 23100000, "ebitdaratio": 0.1037735849, "operatingIncome": 23100000, "operatingIncomeRatio": 0.1037735849, "totalOtherIncomeExpensesNet": 100000, "incomeBeforeTax": 23200000, "incomeBeforeTaxRatio": 0.1042228212, "incomeTaxExpense": 10700000, "netIncome": 12500000, "netIncomeRatio": 0.0561545373, "eps": 0.24, "epsdiluted": 0.24, "weightedAverageShsOut": 53125000, "weightedAverageShsOutDil": 53125000, "link": "", "finalLink": "", "calculatedOtherExpenses": 199500000, "calculatedOperatingExpenses": 199500000, "calculatedNetInterest": 0, "calculatedOtherIncome": 100000, "calculatedIncomeNonControlling": 0, "calculatedEbitda": 23100000}, {"date": "1985-11-30", "symbol": "LEN", "reportedCurrency": "USD", "cik": "0000920760", "fillingDate": "1985-11-30", "acceptedDate": "1985-11-29 19:00:00", "calendarYear": "1985", "period": "FY", "revenue": 232000000, "costOfRevenue": 0, "grossProfit": 232000000, "grossProfitRatio": 1, "researchAndDevelopmentExpenses": 0, "generalAndAdministrativeExpenses": 0, "sellingAndMarketingExpenses": 0, "sellingGeneralAndAdministrativeExpenses": 0, "otherExpenses": 0, "operatingExpenses": 210400000, "costAndExpenses": 210400000, "interestIncome": 0, "interestExpense": 0, "depreciationAndAmortization": 0, "ebitda": 21600000, "ebitdaratio": 0.0931034483, "operatingIncome": 21600000, "operatingIncomeRatio": 0.0931034483, "totalOtherIncomeExpensesNet": 100000, "incomeBeforeTax": 21700000, "incomeBeforeTaxRatio": 0.0935344828, "incomeTaxExpense": 10000000, "netIncome": 11700000, "netIncomeRatio": 0.0504310345, "eps": 0.21, "epsdiluted": 0.21, "weightedAverageShsOut": 55506977, "weightedAverageShsOutDil": 55506977, "link": "", "finalLink": "", "calculatedOtherExpenses": 210400000, "calculatedOperatingExpenses": 210400000, "calculatedNetInterest": 0, "calculatedOtherIncome": 100000, "calculatedIncomeNonControlling": 0, "calculatedEbitda": 21600000}]}