{"originalCurrency": "USD", "convertedCurrency": "USD", "report": [{"date": "2023-11-26", "symbol": "LEVI", "reportedCurrency": "USD", "cik": "0000094845", "fillingDate": "2024-01-25", "acceptedDate": "2024-01-25 16:05:43", "calendarYear": "2023", "period": "FY", "revenue": 6179000000, "costOfRevenue": 2663300000, "grossProfit": 3515700000, "grossProfitRatio": 0.5689755624, "researchAndDevelopmentExpenses": 0, "generalAndAdministrativeExpenses": 1267600000, "sellingAndMarketingExpenses": 1803300000, "sellingGeneralAndAdministrativeExpenses": 3072200000, "otherExpenses": -3500000, "operatingExpenses": 3072200000, "costAndExpenses": 5735500000, "interestIncome": 0, "interestExpense": -45900000, "depreciationAndAmortization": 165300000, "ebitda": 353300000, "ebitdaratio": 0.0571775368, "operatingIncome": 353300000, "operatingIncomeRatio": 0.0571775368, "totalOtherIncomeExpensesNet": -88100000, "incomeBeforeTax": 265200000, "incomeBeforeTaxRatio": 0.0429195663, "incomeTaxExpense": 15600000, "netIncome": 249600000, "netIncomeRatio": 0.0403948859, "eps": 0.63, "epsdiluted": 0.62, "weightedAverageShsOut": 397208535, "weightedAverageShsOutDil": 401723167, "link": "https://www.sec.gov/Archives/edgar/data/94845/000009484524000010/0000094845-24-000010-index.htm", "finalLink": "https://www.sec.gov/Archives/edgar/data/94845/000009484524000010/lvis-20231126.htm", "calculatedOtherExpenses": 90200000, "calculatedOperatingExpenses": 3162400000, "calculatedNetInterest": 45900000, "calculatedOtherIncome": -134000000, "calculatedIncomeNonControlling": 0, "calculatedEbitda": 518600000}, {"date": "2022-11-27", "symbol": "LEVI", "reportedCurrency": "USD", "cik": "0000094845", "fillingDate": "2023-01-25", "acceptedDate": "2023-01-25 16:04:19", "calendarYear": "2022", "period": "FY", "revenue": 6168600000, "costOfRevenue": 2619800000, "grossProfit": 3548800000, "grossProfitRatio": 0.5753007165, "researchAndDevelopmentExpenses": 0, "generalAndAdministrativeExpenses": 1209400000, "sellingAndMarketingExpenses": 1683900000, "sellingGeneralAndAdministrativeExpenses": 2893200000, "otherExpenses": 28800000, "operatingExpenses": 2893200000, "costAndExpenses": 5513000000, "interestIncome": 25700000, "interestExpense": 25700000, "depreciationAndAmortization": 196800000, "ebitda": 843300000, "ebitdaratio": 0.1367084914, "operatingIncome": 646500000, "operatingIncomeRatio": 0.1048049801, "totalOtherIncomeExpensesNet": 3100000, "incomeBeforeTax": 649600000, "incomeBeforeTaxRatio": 0.1053075252, "incomeTaxExpense": 80500000, "netIncome": 569100000, "netIncomeRatio": 0.0922575625, "eps": 1.43, "epsdiluted": 1.41, "weightedAverageShsOut": 397341137, "weightedAverageShsOutDil": 403844782, "link": "https://www.sec.gov/Archives/edgar/data/94845/000009484523000006/0000094845-23-000006-index.htm", "finalLink": "https://www.sec.gov/Archives/edgar/data/94845/000009484523000006/lvis-20221127.htm", "calculatedOtherExpenses": 9100000, "calculatedOperatingExpenses": 2902300000, "calculatedNetInterest": 0, "calculatedOtherIncome": 3100000, "calculatedIncomeNonControlling": 0, "calculatedEbitda": 843300000}, {"date": "2021-11-28", "symbol": "LEVI", "reportedCurrency": "USD", "cik": "0000094845", "fillingDate": "2022-01-26", "acceptedDate": "2022-01-26 16:04:05", "calendarYear": "2021", "period": "FY", "revenue": 5763936000, "costOfRevenue": 2417225000, "grossProfit": 3346711000, "grossProfitRatio": 0.5806294518, "researchAndDevelopmentExpenses": 0, "generalAndAdministrativeExpenses": 1081700000, "sellingAndMarketingExpenses": 1565100000, "sellingGeneralAndAdministrativeExpenses": 2652213000, "otherExpenses": 3452000, "operatingExpenses": 2652213000, "costAndExpenses": 5069438000, "interestIncome": 2542000, "interestExpense": 72902000, "depreciationAndAmortization": 154906000, "ebitda": 841117000, "ebitdaratio": 0.1459275398, "operatingIncome": 686211000, "operatingIncomeRatio": 0.1190525016, "totalOtherIncomeExpensesNet": -105971000, "incomeBeforeTax": 580240000, "incomeBeforeTaxRatio": 0.1006673218, "incomeTaxExpense": 26699000, "netIncome": 553541000, "netIncomeRatio": 0.096035244, "eps": 1.38, "epsdiluted": 1.35, "weightedAverageShsOut": 401634760, "weightedAverageShsOutDil": 409778169, "link": "https://www.sec.gov/Archives/edgar/data/94845/000009484522000010/0000094845-22-000010-index.htm", "finalLink": "https://www.sec.gov/Archives/edgar/data/94845/000009484522000010/lvis-20211128.htm", "calculatedOtherExpenses": 8287000, "calculatedOperatingExpenses": 2660500000, "calculatedNetInterest": -70360000, "calculatedOtherIncome": -35611000, "calculatedIncomeNonControlling": 0, "calculatedEbitda": 841117000}, {"date": "2020-11-29", "symbol": "LEVI", "reportedCurrency": "USD", "cik": "0000094845", "fillingDate": "2021-01-27", "acceptedDate": "2021-01-27 16:06:03", "calendarYear": "2020", "period": "FY", "revenue": 4452609000, "costOfRevenue": 2099685000, "grossProfit": 2352924000, "grossProfitRatio": 0.5284371477, "researchAndDevelopmentExpenses": 0, "generalAndAdministrativeExpenses": 900237000, "sellingAndMarketingExpenses": 1371800000, "sellingGeneralAndAdministrativeExpenses": 2347628000, "otherExpenses": -22474000, "operatingExpenses": 2347628000, "costAndExpenses": 4447313000, "interestIncome": 8390000, "interestExpense": 82190000, "depreciationAndAmortization": 141795000, "ebitda": 124617000, "ebitdaratio": 0.0279874114, "operatingIncome": -17178000, "operatingIncomeRatio": -0.0038579628, "totalOtherIncomeExpensesNet": -172605000, "incomeBeforeTax": -189783000, "incomeBeforeTaxRatio": -0.0426228757, "incomeTaxExpense": -62642000, "netIncome": -127141000, "netIncomeRatio": -0.0285542701, "eps": -0.32, "epsdiluted": -0.32, "weightedAverageShsOut": 397315117, "weightedAverageShsOutDil": 397315117, "link": "https://www.sec.gov/Archives/edgar/data/94845/000009484521000009/0000094845-21-000009-index.htm", "finalLink": "https://www.sec.gov/Archives/edgar/data/94845/000009484521000009/lvis-20201129.htm", "calculatedOtherExpenses": 22474000, "calculatedOperatingExpenses": 2370102000, "calculatedNetInterest": -73800000, "calculatedOtherIncome": -98805000, "calculatedIncomeNonControlling": 0, "calculatedEbitda": 124617000}, {"date": "2019-11-24", "symbol": "LEVI", "reportedCurrency": "USD", "cik": "0000094845", "fillingDate": "2020-01-30", "acceptedDate": "2020-01-30 16:16:54", "calendarYear": "2019", "period": "FY", "revenue": 5763087000, "costOfRevenue": 2661714000, "grossProfit": 3101373000, "grossProfitRatio": 0.5381444007, "researchAndDevelopmentExpenses": 0, "generalAndAdministrativeExpenses": 2534698000, "sellingAndMarketingExpenses": 24860000, "sellingGeneralAndAdministrativeExpenses": 2534698000, "otherExpenses": -22843000, "operatingExpenses": 2534698000, "costAndExpenses": 5196412000, "interestIncome": 17190000, "interestExpense": 66248000, "depreciationAndAmortization": 101099000, "ebitda": 667774000, "ebitdaratio": 0.1158708866, "operatingIncome": 566675000, "operatingIncomeRatio": 0.0983283785, "totalOtherIncomeExpensesNet": -89091000, "incomeBeforeTax": 477584000, "incomeBeforeTaxRatio": 0.082869476, "incomeTaxExpense": 82604000, "netIncome": 394612000, "netIncomeRatio": 0.0684723309, "eps": 1.01, "epsdiluted": 0.97, "weightedAverageShsOut": 389082277, "weightedAverageShsOutDil": 408365902, "link": "https://www.sec.gov/Archives/edgar/data/94845/000009484520000008/0000094845-20-000008-index.htm", "finalLink": "https://www.sec.gov/Archives/edgar/data/94845/000009484520000008/a2019yeform10-k.htm", "calculatedOtherExpenses": 0, "calculatedOperatingExpenses": 2534698000, "calculatedNetInterest": -49058000, "calculatedOtherIncome": -40033000, "calculatedIncomeNonControlling": 368000, "calculatedEbitda": 667774000}, {"date": "2018-11-25", "symbol": "LEVI", "reportedCurrency": "USD", "cik": "0000094845", "fillingDate": "2019-02-05", "acceptedDate": "2019-02-05 14:34:42", "calendarYear": "2018", "period": "FY", "revenue": 5575440000, "costOfRevenue": 2577465000, "grossProfit": 2997975000, "grossProfitRatio": 0.5377109251, "researchAndDevelopmentExpenses": 0, "generalAndAdministrativeExpenses": 2460915000, "sellingAndMarketingExpenses": 1443400000, "sellingGeneralAndAdministrativeExpenses": 2460915000, "otherExpenses": 4455000, "operatingExpenses": 2460915000, "costAndExpenses": 5038380000, "interestIncome": 9400000, "interestExpense": 55296000, "depreciationAndAmortization": 120205000, "ebitda": 671120000, "ebitdaratio": 0.1203707689, "operatingIncome": 537060000, "operatingIncomeRatio": 0.0963260299, "totalOtherIncomeExpensesNet": 8858000, "incomeBeforeTax": 500022000, "incomeBeforeTaxRatio": 0.0896829667, "incomeTaxExpense": 214778000, "netIncome": 283142000, "netIncomeRatio": 0.0507837946, "eps": 0.75, "epsdiluted": 0.72, "weightedAverageShsOut": 377077111, "weightedAverageShsOutDil": 393234825, "link": "https://www.sec.gov/Archives/edgar/data/94845/000009484519000006/0000094845-19-000006-index.htm", "finalLink": "https://www.sec.gov/Archives/edgar/data/94845/000009484519000006/a2018yeform10-k.htm", "calculatedOtherExpenses": 0, "calculatedOperatingExpenses": 2460915000, "calculatedNetInterest": -45896000, "calculatedOtherIncome": 8858000, "calculatedIncomeNonControlling": 2102000, "calculatedEbitda": 657265000}, {"date": "2017-11-26", "symbol": "LEVI", "reportedCurrency": "USD", "cik": "0000094845", "fillingDate": "2018-02-07", "acceptedDate": "2018-02-07 14:36:20", "calendarYear": "2017", "period": "FY", "revenue": 4904030000, "costOfRevenue": 2341301000, "grossProfit": 2562729000, "grossProfitRatio": 0.5225761262, "researchAndDevelopmentExpenses": 0, "generalAndAdministrativeExpenses": 2095560000, "sellingAndMarketingExpenses": 1211500000, "sellingGeneralAndAdministrativeExpenses": 2095560000, "otherExpenses": 2313000, "operatingExpenses": 2095560000, "costAndExpenses": 4436861000, "interestIncome": 3380000, "interestExpense": 68603000, "depreciationAndAmortization": 117387000, "ebitda": 590249000, "ebitdaratio": 0.1203599896, "operatingIncome": 467169000, "operatingIncomeRatio": 0.0952622639, "totalOtherIncomeExpensesNet": -53165000, "incomeBeforeTax": 348781000, "incomeBeforeTaxRatio": 0.0711213023, "incomeTaxExpense": 64225000, "netIncome": 281403000, "netIncomeRatio": 0.0573819899, "eps": 0.75, "epsdiluted": 0.72, "weightedAverageShsOut": 377077111, "weightedAverageShsOutDil": 393234825, "link": "https://www.sec.gov/Archives/edgar/data/94845/000009484518000013/0000094845-18-000013-index.htm", "finalLink": "https://www.sec.gov/Archives/edgar/data/94845/000009484518000013/a2017yeform10-k.htm", "calculatedOtherExpenses": 0, "calculatedOperatingExpenses": 2095560000, "calculatedNetInterest": -65223000, "calculatedOtherIncome": -53165000, "calculatedIncomeNonControlling": 3153000, "calculatedEbitda": 584556000}, {"date": "2016-11-27", "symbol": "LEVI", "reportedCurrency": "USD", "cik": "0000094845", "fillingDate": "2017-02-09", "acceptedDate": "2017-02-09 14:42:26", "calendarYear": "2016", "period": "FY", "revenue": 4552739000, "costOfRevenue": 2223727000, "grossProfit": 2329012000, "grossProfitRatio": 0.5115628197, "researchAndDevelopmentExpenses": 0, "generalAndAdministrativeExpenses": 1866493000, "sellingAndMarketingExpenses": 1067200000, "sellingGeneralAndAdministrativeExpenses": 1866493000, "otherExpenses": 7177000, "operatingExpenses": 1866493000, "costAndExpenses": 4090220000, "interestIncome": 1376000, "interestExpense": 73170000, "depreciationAndAmortization": 103878000, "ebitda": 574950000, "ebitdaratio": 0.1262866156, "operatingIncome": 462207000, "operatingIncomeRatio": 0.1015228415, "totalOtherIncomeExpensesNet": 16535000, "incomeBeforeTax": 407260000, "incomeBeforeTaxRatio": 0.0894538431, "incomeTaxExpense": 116051000, "netIncome": 291052000, "netIncomeRatio": 0.0639289887, "eps": 0.76, "epsdiluted": 0.76, "weightedAverageShsOut": 374701965, "weightedAverageShsOutDil": 385488987, "link": "https://www.sec.gov/Archives/edgar/data/94845/000009484517000012/0000094845-17-000012-index.htm", "finalLink": "https://www.sec.gov/Archives/edgar/data/94845/000009484517000012/a2016yeform10-k.htm", "calculatedOtherExpenses": 312000, "calculatedOperatingExpenses": 1866805000, "calculatedNetInterest": -71794000, "calculatedOtherIncome": 16847000, "calculatedIncomeNonControlling": 157000, "calculatedEbitda": 566085000}, {"date": "2015-11-29", "symbol": "LEVI", "reportedCurrency": "USD", "cik": "0000094845", "fillingDate": "2016-02-11", "acceptedDate": "2016-02-11 15:02:00", "calendarYear": "2015", "period": "FY", "revenue": 4494493000, "costOfRevenue": 2225512000, "grossProfit": 2268981000, "grossProfitRatio": 0.5048358068, "researchAndDevelopmentExpenses": 0, "generalAndAdministrativeExpenses": 1823863000, "sellingAndMarketingExpenses": 1010500000, "sellingGeneralAndAdministrativeExpenses": 1823863000, "otherExpenses": 2672000, "operatingExpenses": 1823863000, "costAndExpenses": 4049375000, "interestIncome": 1253000, "interestExpense": 81214000, "depreciationAndAmortization": 102044000, "ebitda": 551087000, "ebitdaratio": 0.1226138299, "operatingIncome": 431047000, "operatingIncomeRatio": 0.0959055894, "totalOtherIncomeExpensesNet": -54759000, "incomeBeforeTax": 310398000, "incomeBeforeTaxRatio": 0.0690618497, "incomeTaxExpense": 100507000, "netIncome": 209436000, "netIncomeRatio": 0.0465983594, "eps": 0.56, "epsdiluted": 0.53, "weightedAverageShsOut": 377077111, "weightedAverageShsOutDil": 393234825, "link": "https://www.sec.gov/Archives/edgar/data/94845/000009484516000047/0000094845-16-000047-index.htm", "finalLink": "https://www.sec.gov/Archives/edgar/data/94845/000009484516000047/a2015yeform10-k.htm", "calculatedOtherExpenses": 14071000, "calculatedOperatingExpenses": 1837934000, "calculatedNetInterest": -79961000, "calculatedOtherIncome": -40688000, "calculatedIncomeNonControlling": 455000, "calculatedEbitda": 533091000}, {"date": "2014-11-30", "symbol": "LEVI", "reportedCurrency": "USD", "cik": "0000094845", "fillingDate": "2015-02-12", "acceptedDate": "2015-02-12 15:59:56", "calendarYear": "2014", "period": "FY", "revenue": 4753992000, "costOfRevenue": 2405552000, "grossProfit": 2348440000, "grossProfitRatio": 0.4939932587, "researchAndDevelopmentExpenses": 0, "generalAndAdministrativeExpenses": 1906164000, "sellingAndMarketingExpenses": 1003700000, "sellingGeneralAndAdministrativeExpenses": 1906164000, "otherExpenses": 1886000, "operatingExpenses": 1906164000, "costAndExpenses": 4311716000, "interestIncome": 1930000, "interestExpense": 117597000, "depreciationAndAmortization": 109474000, "ebitda": 555566000, "ebitdaratio": 0.116863049, "operatingIncome": 313851000, "operatingIncomeRatio": 0.0660184115, "totalOtherIncomeExpensesNet": -172755000, "incomeBeforeTax": 153854000, "incomeBeforeTaxRatio": 0.0323631171, "incomeTaxExpense": 49545000, "netIncome": 106078000, "netIncomeRatio": 0.0223134578, "eps": 0.28, "epsdiluted": 0.27, "weightedAverageShsOut": 374303548, "weightedAverageShsOutDil": 374302830, "link": "https://www.sec.gov/Archives/edgar/data/94845/000009484515000008/0000094845-15-000008-index.htm", "finalLink": "https://www.sec.gov/Archives/edgar/data/94845/000009484515000008/a2014yeform10-k.htm", "calculatedOtherExpenses": 128425000, "calculatedOperatingExpenses": 2034589000, "calculatedNetInterest": -115667000, "calculatedOtherIncome": -44330000, "calculatedIncomeNonControlling": -1769000, "calculatedEbitda": 423325000}, {"date": "2013-11-24", "symbol": "LEVI", "reportedCurrency": "USD", "cik": "0000094845", "fillingDate": "2014-02-11", "acceptedDate": "2014-02-11 15:07:30", "calendarYear": "2013", "period": "FY", "revenue": 4681691000, "costOfRevenue": 2331219000, "grossProfit": 2350472000, "grossProfitRatio": 0.5020562015, "researchAndDevelopmentExpenses": 0, "generalAndAdministrativeExpenses": 399800000, "sellingAndMarketingExpenses": 993200000, "sellingGeneralAndAdministrativeExpenses": 1885000000, "otherExpenses": 700000, "operatingExpenses": 1903454000, "costAndExpenses": 4234673000, "interestIncome": 0, "interestExpense": 129024000, "depreciationAndAmortization": 115720000, "ebitda": 581227000, "ebitdaratio": 0.1241489453, "operatingIncome": 465507000, "operatingIncomeRatio": 0.0994313807, "totalOtherIncomeExpensesNet": -142894000, "incomeBeforeTax": 322613000, "incomeBeforeTaxRatio": 0.068909503, "incomeTaxExpense": 94477000, "netIncome": 229193000, "netIncomeRatio": 0.0489551745, "eps": 0.61, "epsdiluted": 0.61, "weightedAverageShsOut": 374461042, "weightedAverageShsOutDil": 374460870, "link": "https://www.sec.gov/Archives/edgar/data/94845/000009484514000009/0000094845-14-000009-index.htm", "finalLink": "https://www.sec.gov/Archives/edgar/data/94845/000009484514000009/a2013yeform10-k.htm", "calculatedOtherExpenses": -35000, "calculatedOperatingExpenses": 1884965000, "calculatedNetInterest": -129024000, "calculatedOtherIncome": -13870000, "calculatedIncomeNonControlling": -1057000, "calculatedEbitda": 581227000}, {"date": "2012-11-25", "symbol": "LEVI", "reportedCurrency": "USD", "cik": "0000094845", "fillingDate": "2013-02-07", "acceptedDate": "2013-02-07 15:05:22", "calendarYear": "2012", "period": "FY", "revenue": 4610193000, "costOfRevenue": 2410862000, "grossProfit": 2199331000, "grossProfitRatio": 0.4770583357, "researchAndDevelopmentExpenses": 0, "generalAndAdministrativeExpenses": 376200000, "sellingAndMarketingExpenses": 977400000, "sellingGeneralAndAdministrativeExpenses": 1846552000, "otherExpenses": 8099999, "operatingExpenses": 1870795000, "costAndExpenses": 4281657000, "interestIncome": 0, "interestExpense": 134694000, "depreciationAndAmortization": 122608000, "ebitda": 475387000, "ebitdaratio": 0.1031165073, "operatingIncome": 352779000, "operatingIncomeRatio": 0.0765215252, "totalOtherIncomeExpensesNet": -156898000, "incomeBeforeTax": 195881000, "incomeBeforeTaxRatio": 0.0424886767, "incomeTaxExpense": 54922000, "netIncome": 143850000, "netIncomeRatio": 0.0312025982, "eps": 0.38, "epsdiluted": 0.38, "weightedAverageShsOut": 373923847, "weightedAverageShsOutDil": 373923430, "link": "https://www.sec.gov/Archives/edgar/data/94845/000009484513000003/0000094845-13-000003-index.htm", "finalLink": "https://www.sec.gov/Archives/edgar/data/94845/000009484513000003/a2012yeform10-k.htm", "calculatedOtherExpenses": 0, "calculatedOperatingExpenses": 1846552000, "calculatedNetInterest": -134694000, "calculatedOtherIncome": -22204000, "calculatedIncomeNonControlling": -2891000, "calculatedEbitda": 475387000}, {"date": "2011-11-27", "symbol": "LEVI", "reportedCurrency": "USD", "cik": "0000094845", "fillingDate": "2012-02-07", "acceptedDate": "2012-02-07 15:01:28", "calendarYear": "2011", "period": "FY", "revenue": 4761500000, "costOfRevenue": 2469300000, "grossProfit": 2292200000, "grossProfitRatio": 0.4814029192, "researchAndDevelopmentExpenses": 0, "generalAndAdministrativeExpenses": 1955800000, "sellingAndMarketingExpenses": 0, "sellingGeneralAndAdministrativeExpenses": 1955800000, "otherExpenses": 299999, "operatingExpenses": 1956099999, "costAndExpenses": 4425399999, "interestIncome": 0, "interestExpense": 132043000, "depreciationAndAmortization": 117800000, "ebitda": 455558000, "ebitdaratio": 0.0956753124, "operatingIncome": 337758000, "operatingIncomeRatio": 0.0709352095, "totalOtherIncomeExpensesNet": -134958000, "incomeBeforeTax": 202800000, "incomeBeforeTaxRatio": 0.0425916203, "incomeTaxExpense": 67715000, "netIncome": 135085000, "netIncomeRatio": 0.0283702615, "eps": 3.62, "epsdiluted": 3.62, "weightedAverageShsOut": 37300000, "weightedAverageShsOutDil": 37300000, "link": "https://www.sec.gov/Archives/edgar/data/94845/000119312512043484/0001193125-12-043484-index.htm", "finalLink": "https://www.sec.gov/Archives/edgar/data/94845/000119312512043484/d291321d10k.htm", "calculatedOtherExpenses": -1358000, "calculatedOperatingExpenses": 1954442000, "calculatedNetInterest": -132043000, "calculatedOtherIncome": -2915000, "calculatedIncomeNonControlling": 0, "calculatedEbitda": 455558000}, {"date": "2010-11-28", "symbol": "LEVI", "reportedCurrency": "USD", "cik": "0000094845", "fillingDate": "2011-02-08", "acceptedDate": "2011-02-08 15:01:27", "calendarYear": "2010", "period": "FY", "revenue": 4410600000, "costOfRevenue": 2187700000, "grossProfit": 2222900000, "grossProfitRatio": 0.5039903868, "researchAndDevelopmentExpenses": 0, "generalAndAdministrativeExpenses": 1841600000, "sellingAndMarketingExpenses": 0, "sellingGeneralAndAdministrativeExpenses": 1841600000, "otherExpenses": 16600000, "operatingExpenses": 1858200000, "costAndExpenses": 4045900000, "interestIncome": 0, "interestExpense": 135823000, "depreciationAndAmortization": 104900000, "ebitda": 483375000, "ebitdaratio": 0.1095939328, "operatingIncome": 378475000, "operatingIncomeRatio": 0.0858103206, "totalOtherIncomeExpensesNet": -135775000, "incomeBeforeTax": 242700000, "incomeBeforeTaxRatio": 0.055026527, "incomeTaxExpense": 86152000, "netIncome": 156548000, "netIncomeRatio": 0.0354935836, "eps": 4.2, "epsdiluted": 4.2, "weightedAverageShsOut": 37300000, "weightedAverageShsOutDil": 37300000, "link": "https://www.sec.gov/Archives/edgar/data/94845/000095012311010218/0000950123-11-010218-index.htm", "finalLink": "https://www.sec.gov/Archives/edgar/data/94845/000095012311010218/f58032e10vk.htm", "calculatedOtherExpenses": 2825000, "calculatedOperatingExpenses": 1844425000, "calculatedNetInterest": -135823000, "calculatedOtherIncome": 48000, "calculatedIncomeNonControlling": 0, "calculatedEbitda": 483375000}, {"date": "2009-11-29", "symbol": "LEVI", "reportedCurrency": "USD", "cik": "0000094845", "fillingDate": "2010-02-09", "acceptedDate": "2010-02-09 15:14:00", "calendarYear": "2009", "period": "FY", "revenue": 4105800000, "costOfRevenue": 2132400000, "grossProfit": 1973400000, "grossProfitRatio": 0.4806371474, "researchAndDevelopmentExpenses": 0, "generalAndAdministrativeExpenses": 1590100000, "sellingAndMarketingExpenses": 0, "sellingGeneralAndAdministrativeExpenses": 1590100000, "otherExpenses": 5199999, "operatingExpenses": 1595299999, "costAndExpenses": 3727699999, "interestIncome": 0, "interestExpense": 148718000, "depreciationAndAmortization": 84600000, "ebitda": 424431000, "ebitdaratio": 0.1033735204, "operatingIncome": 339831000, "operatingIncomeRatio": 0.0827685226, "totalOtherIncomeExpensesNet": -148731000, "incomeBeforeTax": 191100000, "incomeBeforeTaxRatio": 0.0465439135, "incomeTaxExpense": 39213000, "netIncome": 151887000, "netIncomeRatio": 0.0369932778, "eps": 4.07, "epsdiluted": 4.07, "weightedAverageShsOut": 37300000, "weightedAverageShsOutDil": 37300000, "link": "https://www.sec.gov/Archives/edgar/data/94845/000095012310010373/0000950123-10-010373-index.htm", "finalLink": "https://www.sec.gov/Archives/edgar/data/94845/000095012310010373/f54732e10vk.htm", "calculatedOtherExpenses": 43469000, "calculatedOperatingExpenses": 1633569000, "calculatedNetInterest": -148718000, "calculatedOtherIncome": -13000, "calculatedIncomeNonControlling": 0, "calculatedEbitda": 424431000}, {"date": "2008-11-30", "symbol": "LEVI", "reportedCurrency": "USD", "cik": "0000094845", "fillingDate": "2009-02-10", "acceptedDate": "2009-02-10 15:02:15", "calendarYear": "2008", "period": "FY", "revenue": 4400900000, "costOfRevenue": 2261100000, "grossProfit": 2139800000, "grossProfitRatio": 0.486218728, "researchAndDevelopmentExpenses": 0, "generalAndAdministrativeExpenses": 1606500000, "sellingAndMarketingExpenses": 0, "sellingGeneralAndAdministrativeExpenses": 1606500000, "otherExpenses": 9700000, "operatingExpenses": 1616200000, "costAndExpenses": 3877300000, "interestIncome": 0, "interestExpense": -154086000, "depreciationAndAmortization": 78000000, "ebitda": 292098000, "ebitdaratio": 0.0663723329, "operatingIncome": 214098000, "operatingIncomeRatio": 0.0486486855, "totalOtherIncomeExpensesNet": 154102000, "incomeBeforeTax": 368200000, "incomeBeforeTaxRatio": 0.0836647049, "incomeTaxExpense": 138884000, "netIncome": 229316000, "netIncomeRatio": 0.0521066146, "eps": 6.15, "epsdiluted": 6.15, "weightedAverageShsOut": 37300000, "weightedAverageShsOutDil": 37300000, "link": "https://www.sec.gov/Archives/edgar/data/94845/000089161809000035/0000891618-09-000035-index.htm", "finalLink": "https://www.sec.gov/Archives/edgar/data/94845/000089161809000035/f51209e10vk.htm", "calculatedOtherExpenses": 319202000, "calculatedOperatingExpenses": 1925702000, "calculatedNetInterest": 154086000, "calculatedOtherIncome": 16000, "calculatedIncomeNonControlling": 0, "calculatedEbitda": 292098000}, {"date": "2007-11-25", "symbol": "LEVI", "reportedCurrency": "USD", "cik": "0000094845", "fillingDate": "2008-02-12", "acceptedDate": "2008-02-12 15:06:19", "calendarYear": "2007", "period": "FY", "revenue": 4360900000, "costOfRevenue": 2318900000, "grossProfit": 2042000000, "grossProfitRatio": 0.4682519663, "researchAndDevelopmentExpenses": 0, "generalAndAdministrativeExpenses": 1386500000, "sellingAndMarketingExpenses": 0, "sellingGeneralAndAdministrativeExpenses": 1386500000, "otherExpenses": 78299999, "operatingExpenses": 1464799999, "costAndExpenses": 3783699999, "interestIncome": 0, "interestExpense": -215715000, "depreciationAndAmortization": 67500000, "ebitda": 227426000, "ebitdaratio": 0.0521511615, "operatingIncome": 792915000, "operatingIncomeRatio": 0.1818237061, "totalOtherIncomeExpensesNet": 215674000, "incomeBeforeTax": 375600000, "incomeBeforeTaxRatio": 0.0861290101, "incomeTaxExpense": -84759000, "netIncome": 460359000, "netIncomeRatio": 0.1055651356, "eps": 12.34, "epsdiluted": 12.34, "weightedAverageShsOut": 37300000, "weightedAverageShsOutDil": 37300000, "link": "https://www.sec.gov/Archives/edgar/data/94845/000095013408002299/0000950134-08-002299-index.htm", "finalLink": "https://www.sec.gov/Archives/edgar/data/94845/000095013408002299/f37372e10vk.htm", "calculatedOtherExpenses": -137415000, "calculatedOperatingExpenses": 1249085000, "calculatedNetInterest": 215715000, "calculatedOtherIncome": -633030000, "calculatedIncomeNonControlling": 0, "calculatedEbitda": 860415000}, {"date": "2006-11-26", "symbol": "LEVI", "reportedCurrency": "USD", "cik": "0000094845", "fillingDate": "2007-02-13", "acceptedDate": "2007-02-13 15:42:01", "calendarYear": "2006", "period": "FY", "revenue": 4193000000, "costOfRevenue": 2216600000, "grossProfit": 1976400000, "grossProfitRatio": 0.4713570236, "researchAndDevelopmentExpenses": 0, "generalAndAdministrativeExpenses": 1348600000, "sellingAndMarketingExpenses": 0, "sellingGeneralAndAdministrativeExpenses": 1348600000, "otherExpenses": 54400000, "operatingExpenses": 1403000000, "costAndExpenses": 3619600000, "interestIncome": 0, "interestExpense": -250637000, "depreciationAndAmortization": 62200000, "ebitda": 156722000, "ebitdaratio": 0.037377057, "operatingIncome": 94522000, "operatingIncomeRatio": 0.0225428094, "totalOtherIncomeExpensesNet": 250678000, "incomeBeforeTax": 345200000, "incomeBeforeTaxRatio": 0.082327689, "incomeTaxExpense": 106159000, "netIncome": 239041000, "netIncomeRatio": 0.0570095397, "eps": 6.41, "epsdiluted": 6.41, "weightedAverageShsOut": 37300000, "weightedAverageShsOutDil": 37300000, "link": "https://www.sec.gov/Archives/edgar/data/94845/000095014907000037/0000950149-07-000037-index.htm", "finalLink": "https://www.sec.gov/Archives/edgar/data/94845/000095014907000037/f26939e10vk.htm", "calculatedOtherExpenses": 533278000, "calculatedOperatingExpenses": 1881878000, "calculatedNetInterest": 250637000, "calculatedOtherIncome": 41000, "calculatedIncomeNonControlling": 0, "calculatedEbitda": 156722000}, {"date": "2005-11-27", "symbol": "LEVI", "reportedCurrency": "USD", "cik": "0000094845", "fillingDate": "2006-02-14", "acceptedDate": "2006-02-14 08:02:11", "calendarYear": "2005", "period": "FY", "revenue": 4125200000, "costOfRevenue": 2237000000, "grossProfit": 1888200000, "grossProfitRatio": 0.4577232619, "researchAndDevelopmentExpenses": 0, "generalAndAdministrativeExpenses": 1358800000, "sellingAndMarketingExpenses": 0, "sellingGeneralAndAdministrativeExpenses": 1358800000, "otherExpenses": 6200000, "operatingExpenses": 1365000000, "costAndExpenses": 3602000000, "interestIncome": 0, "interestExpense": -263650000, "depreciationAndAmortization": 59400000, "ebitda": 78304000, "ebitdaratio": 0.0189818675, "operatingIncome": 18904000, "operatingIncomeRatio": 0.0045825657, "totalOtherIncomeExpensesNet": 263696000, "incomeBeforeTax": 282600000, "incomeBeforeTaxRatio": 0.0685057694, "incomeTaxExpense": 126654000, "netIncome": 155946000, "netIncomeRatio": 0.037803258, "eps": 4.18, "epsdiluted": 4.18, "weightedAverageShsOut": 37300000, "weightedAverageShsOutDil": 37300000, "link": "https://www.sec.gov/Archives/edgar/data/94845/000095013406002782/0000950134-06-002782-index.htm", "finalLink": "https://www.sec.gov/Archives/edgar/data/94845/000095013406002782/f17124e10vk.htm", "calculatedOtherExpenses": 510496000, "calculatedOperatingExpenses": 1869296000, "calculatedNetInterest": 263650000, "calculatedOtherIncome": 46000, "calculatedIncomeNonControlling": 0, "calculatedEbitda": 78304000}, {"date": "2004-11-28", "symbol": "LEVI", "reportedCurrency": "USD", "cik": "0000094845", "fillingDate": "2005-02-17", "acceptedDate": "2005-02-17 07:17:23", "calendarYear": "2004", "period": "FY", "revenue": 4072500000, "costOfRevenue": 2288400000, "grossProfit": 1784100000, "grossProfitRatio": 0.4380847145, "researchAndDevelopmentExpenses": 0, "generalAndAdministrativeExpenses": 1344900000, "sellingAndMarketingExpenses": 0, "sellingGeneralAndAdministrativeExpenses": 1344900000, "otherExpenses": 78100000, "operatingExpenses": 1423000000, "costAndExpenses": 3711400000, "interestIncome": 0, "interestExpense": -260124000, "depreciationAndAmortization": 62600000, "ebitda": -101989000, "ebitdaratio": -0.0250433395, "operatingIncome": -164589000, "operatingIncomeRatio": -0.040414733, "totalOtherIncomeExpensesNet": 260089000, "incomeBeforeTax": 95500000, "incomeBeforeTaxRatio": 0.0234499693, "incomeTaxExpense": 65135000, "netIncome": 30365000, "netIncomeRatio": 0.007456108, "eps": 0.81, "epsdiluted": 0.81, "weightedAverageShsOut": 37300000, "weightedAverageShsOutDil": 37300000, "link": "https://www.sec.gov/Archives/edgar/data/94845/000119312505031592/0001193125-05-031592-index.htm", "finalLink": "https://www.sec.gov/Archives/edgar/data/94845/000119312505031592/d10k.htm", "calculatedOtherExpenses": 603789000, "calculatedOperatingExpenses": 1948689000, "calculatedNetInterest": 260124000, "calculatedOtherIncome": -35000, "calculatedIncomeNonControlling": 0, "calculatedEbitda": -101989000}, {"date": "2003-11-30", "symbol": "LEVI", "reportedCurrency": "USD", "cik": "0000094845", "fillingDate": "2004-03-01", "acceptedDate": "2004-03-01 17:28:51", "calendarYear": "2003", "period": "FY", "revenue": 4090700000, "costOfRevenue": 2516500000, "grossProfit": 1574200000, "grossProfitRatio": 0.3848241132, "researchAndDevelopmentExpenses": 0, "generalAndAdministrativeExpenses": 1214500000, "sellingAndMarketingExpenses": 0, "sellingGeneralAndAdministrativeExpenses": 1214500000, "otherExpenses": 49100000, "operatingExpenses": 1263600000, "costAndExpenses": 3780100000, "interestIncome": 0, "interestExpense": -48023000, "depreciationAndAmortization": 64200000, "ebitda": -293623000, "ebitdaratio": -0.0717781798, "operatingIncome": -357823000, "operatingIncomeRatio": -0.0874723153, "totalOtherIncomeExpensesNet": 326523000, "incomeBeforeTax": -31300000, "incomeBeforeTaxRatio": -0.0076515022, "incomeTaxExpense": 39500000, "netIncome": -70800000, "netIncomeRatio": -0.0173075513, "eps": -1.9, "epsdiluted": -1.9, "weightedAverageShsOut": 37300000, "weightedAverageShsOutDil": 37300000, "link": "https://www.sec.gov/Archives/edgar/data/94845/000119312504032389/0001193125-04-032389-index.htm", "finalLink": "https://www.sec.gov/Archives/edgar/data/94845/000119312504032389/d10k.htm", "calculatedOtherExpenses": 717523000, "calculatedOperatingExpenses": 1932023000, "calculatedNetInterest": 48023000, "calculatedOtherIncome": 278500000, "calculatedIncomeNonControlling": 0, "calculatedEbitda": -293623000}, {"date": "2002-11-24", "symbol": "LEVI", "reportedCurrency": "USD", "cik": "0000094845", "fillingDate": "2003-02-12", "acceptedDate": "2003-02-12 17:08:20", "calendarYear": "2002", "period": "FY", "revenue": 4136600000, "costOfRevenue": 2451800000, "grossProfit": 1684800000, "grossProfitRatio": 0.4072910119, "researchAndDevelopmentExpenses": 0, "generalAndAdministrativeExpenses": 1332800000, "sellingAndMarketingExpenses": 0, "sellingGeneralAndAdministrativeExpenses": 1332800000, "otherExpenses": 90099999, "operatingExpenses": 1422899999, "costAndExpenses": 3874699999, "interestIncome": 0, "interestExpense": -186500000, "depreciationAndAmortization": 71100000, "ebitda": -65400000, "ebitdaratio": -0.0158100856, "operatingIncome": -136500000, "operatingIncomeRatio": -0.0329981144, "totalOtherIncomeExpensesNet": 186500000, "incomeBeforeTax": 50000000, "incomeBeforeTaxRatio": 0.0120872214, "incomeTaxExpense": 25000000, "netIncome": 25000000, "netIncomeRatio": 0.0060436107, "eps": 0.67, "epsdiluted": 0.67, "weightedAverageShsOut": 37300000, "weightedAverageShsOutDil": 37300000, "link": "https://www.sec.gov/Archives/edgar/data/94845/000103221003000174/0001032210-03-000174-index.htm", "finalLink": "https://www.sec.gov/Archives/edgar/data/94845/000103221003000174/d10k.htm", "calculatedOtherExpenses": 488500000, "calculatedOperatingExpenses": 1821300000, "calculatedNetInterest": 186500000, "calculatedOtherIncome": 0, "calculatedIncomeNonControlling": 0, "calculatedEbitda": -65400000}, {"date": "2001-11-25", "symbol": "LEVI", "reportedCurrency": "USD", "cik": "0000094845", "fillingDate": "2002-02-07", "acceptedDate": "2002-02-07 00:00:00", "calendarYear": "2001", "period": "FY", "revenue": 4258700000, "costOfRevenue": 2461200000, "grossProfit": 1797500000, "grossProfitRatio": 0.4220771597, "researchAndDevelopmentExpenses": 0, "generalAndAdministrativeExpenses": 1355900000, "sellingAndMarketingExpenses": 0, "sellingGeneralAndAdministrativeExpenses": 1355900000, "otherExpenses": -37699999.99999976, "operatingExpenses": 1318200000, "costAndExpenses": 3779400000, "interestIncome": 0, "interestExpense": -230800000, "depreciationAndAmortization": 80600000, "ebitda": 89500000, "ebitdaratio": 0.0210158029, "operatingIncome": 8900000, "operatingIncomeRatio": 0.0020898396, "totalOtherIncomeExpensesNet": 230800000, "incomeBeforeTax": 239700000, "incomeBeforeTaxRatio": 0.0562847817, "incomeTaxExpense": 88700000, "netIncome": 151000000, "netIncomeRatio": 0.0354568295, "eps": 4.05, "epsdiluted": 4.05, "weightedAverageShsOut": 37300000, "weightedAverageShsOutDil": 37300000, "link": "https://www.sec.gov/Archives/edgar/data/94845/000009484502000012/0000094845-02-000012-index.htm", "finalLink": "https://www.sec.gov/Archives/edgar/data/94845/000009484502000012/body10k.txt", "calculatedOtherExpenses": 432700000, "calculatedOperatingExpenses": 1788600000, "calculatedNetInterest": 230800000, "calculatedOtherIncome": 0, "calculatedIncomeNonControlling": 0, "calculatedEbitda": 89500000}, {"date": "2000-11-26", "symbol": "LEVI", "reportedCurrency": "USD", "cik": "0000094845", "fillingDate": "2001-02-05", "acceptedDate": "2001-02-05 00:00:00", "calendarYear": "2000", "period": "FY", "revenue": 4645100000, "costOfRevenue": 2690200000, "grossProfit": 1954900000, "grossProfitRatio": 0.4208520807, "researchAndDevelopmentExpenses": 0, "generalAndAdministrativeExpenses": 1481700000, "sellingAndMarketingExpenses": 0, "sellingGeneralAndAdministrativeExpenses": 1481700000, "otherExpenses": -65500000.00000024, "operatingExpenses": 1416199999, "costAndExpenses": 4106400000, "interestIncome": 0, "interestExpense": -234100000, "depreciationAndAmortization": 91000000, "ebitda": 200600000, "ebitdaratio": 0.043185292, "operatingIncome": 109600000, "operatingIncomeRatio": 0.0235947558, "totalOtherIncomeExpensesNet": 234100000, "incomeBeforeTax": 343700000, "incomeBeforeTaxRatio": 0.0739919485, "incomeTaxExpense": 120300000, "netIncome": 223400000, "netIncomeRatio": 0.0480936901, "eps": 5.99, "epsdiluted": 5.99, "weightedAverageShsOut": 37300000, "weightedAverageShsOutDil": 37300000, "link": "https://www.sec.gov/Archives/edgar/data/94845/000009484501000015/0000094845-01-000015-index.htm", "finalLink": "https://www.sec.gov/Archives/edgar/data/94845/000009484501000015/0000094845-01-000015-0001.txt", "calculatedOtherExpenses": 363600000, "calculatedOperatingExpenses": 1845300000, "calculatedNetInterest": 234100000, "calculatedOtherIncome": 0, "calculatedIncomeNonControlling": 0, "calculatedEbitda": 200600000}]}