{"originalCurrency": "USD", "convertedCurrency": "USD", "report": [{"date": "2023-12-30", "symbol": "LFUS", "reportedCurrency": "USD", "cik": "0000889331", "fillingDate": "2024-02-16", "acceptedDate": "2024-02-16 14:41:32", "calendarYear": "2023", "period": "FY", "revenue": 2362657000, "costOfRevenue": 1528210000, "grossProfit": 834447000, "grossProfitRatio": 0.3531816087, "researchAndDevelopmentExpenses": 102429000, "generalAndAdministrativeExpenses": 349455000, "sellingAndMarketingExpenses": 4000000, "sellingGeneralAndAdministrativeExpenses": 353455000, "otherExpenses": 19901000, "operatingExpenses": 455884000, "costAndExpenses": 1984094000, "interestIncome": 0, "interestExpense": 35315000, "depreciationAndAmortization": 137428000, "ebitda": 515991000, "ebitdaratio": 0.2183943755, "operatingIncome": 378563000, "operatingIncomeRatio": 0.1602276589, "totalOtherIncomeExpensesNet": -49965000, "incomeBeforeTax": 328598000, "incomeBeforeTaxRatio": 0.139079858, "incomeTaxExpense": 69113000, "netIncome": 259485000, "netIncomeRatio": 0.109827622, "eps": 10.44, "epsdiluted": 10.34, "weightedAverageShsOut": 24854000, "weightedAverageShsOutDil": 25102000, "link": "https://www.sec.gov/Archives/edgar/data/889331/000088933124000034/0000889331-24-000034-index.htm", "finalLink": "https://www.sec.gov/Archives/edgar/data/889331/000088933124000034/lfus-20231230.htm", "calculatedOtherExpenses": 0, "calculatedOperatingExpenses": 455884000, "calculatedNetInterest": -35315000, "calculatedOtherIncome": -14650000, "calculatedIncomeNonControlling": 0, "calculatedEbitda": 515991000}, {"date": "2022-12-31", "symbol": "LFUS", "reportedCurrency": "USD", "cik": "0000889331", "fillingDate": "2023-02-16", "acceptedDate": "2023-02-16 13:39:55", "calendarYear": "2022", "period": "FY", "revenue": 2513897000, "costOfRevenue": 1506984000, "grossProfit": 1006913000, "grossProfitRatio": 0.4005386856, "researchAndDevelopmentExpenses": 95602000, "generalAndAdministrativeExpenses": 341013000, "sellingAndMarketingExpenses": 3800000, "sellingGeneralAndAdministrativeExpenses": 344813000, "otherExpenses": 55695000, "operatingExpenses": 496110000, "costAndExpenses": 2003094000, "interestIncome": 26216000, "interestExpense": 26216000, "depreciationAndAmortization": 58465000, "ebitda": 559291000, "ebitdaratio": 0.22247968, "operatingIncome": 500826000, "operatingIncomeRatio": 0.1992229594, "totalOtherIncomeExpensesNet": -57782000, "incomeBeforeTax": 443044000, "incomeBeforeTaxRatio": 0.1762379286, "incomeTaxExpense": 69738000, "netIncome": 373306000, "netIncomeRatio": 0.1484969352, "eps": 15.09, "epsdiluted": 14.94, "weightedAverageShsOut": 24734000, "weightedAverageShsOutDil": 24986000, "link": "https://www.sec.gov/Archives/edgar/data/889331/000088933123000016/0000889331-23-000016-index.htm", "finalLink": "https://www.sec.gov/Archives/edgar/data/889331/000088933123000016/lfus-20221231.htm", "calculatedOtherExpenses": 65672000, "calculatedOperatingExpenses": 506087000, "calculatedNetInterest": 0, "calculatedOtherIncome": -57782000, "calculatedIncomeNonControlling": 0, "calculatedEbitda": 559291000}, {"date": "2021-12-31", "symbol": "LFUS", "reportedCurrency": "USD", "cik": "0000889331", "fillingDate": "2022-02-17", "acceptedDate": "2022-02-17 12:44:09", "calendarYear": "2021", "period": "FY", "revenue": 2079928000, "costOfRevenue": 1308002000, "grossProfit": 771926000, "grossProfitRatio": 0.3711311161, "researchAndDevelopmentExpenses": 65940000, "generalAndAdministrativeExpenses": 273357000, "sellingAndMarketingExpenses": 2100000, "sellingGeneralAndAdministrativeExpenses": 275457000, "otherExpenses": 42729000, "operatingExpenses": 384126000, "costAndExpenses": 1692128000, "interestIncome": 18527000, "interestExpense": 18527000, "depreciationAndAmortization": 35955000, "ebitda": 421597000, "ebitdaratio": 0.2026978818, "operatingIncome": 385642000, "operatingIncomeRatio": 0.1854112258, "totalOtherIncomeExpensesNet": -44617000, "incomeBeforeTax": 341025000, "incomeBeforeTaxRatio": 0.1639600025, "incomeTaxExpense": 57219000, "netIncome": 283806000, "netIncomeRatio": 0.1364499156, "eps": 11.54, "epsdiluted": 11.38, "weightedAverageShsOut": 24603000, "weightedAverageShsOutDil": 24932000, "link": "https://www.sec.gov/Archives/edgar/data/889331/000088933122000011/0000889331-22-000011-index.htm", "finalLink": "https://www.sec.gov/Archives/edgar/data/889331/000088933122000011/lfus-20220101.htm", "calculatedOtherExpenses": 44887000, "calculatedOperatingExpenses": 386284000, "calculatedNetInterest": 0, "calculatedOtherIncome": -44617000, "calculatedIncomeNonControlling": 0, "calculatedEbitda": 421597000}, {"date": "2020-12-26", "symbol": "LFUS", "reportedCurrency": "USD", "cik": "0000889331", "fillingDate": "2021-02-18", "acceptedDate": "2021-02-18 11:25:37", "calendarYear": "2020", "period": "FY", "revenue": 1445695000, "costOfRevenue": 944523000, "grossProfit": 501172000, "grossProfitRatio": 0.3466650988, "researchAndDevelopmentExpenses": 52538000, "generalAndAdministrativeExpenses": 202407000, "sellingAndMarketingExpenses": 2100000, "sellingGeneralAndAdministrativeExpenses": 204507000, "otherExpenses": 40039000, "operatingExpenses": 297084000, "costAndExpenses": 1241607000, "interestIncome": 21077000, "interestExpense": 21077000, "depreciationAndAmortization": 86838000, "ebitda": 249210000, "ebitdaratio": 0.172380758, "operatingIncome": 162372000, "operatingIncomeRatio": 0.1123141465, "totalOtherIncomeExpensesNet": -1119000, "incomeBeforeTax": 161253000, "incomeBeforeTaxRatio": 0.1115401243, "incomeTaxExpense": 31267000, "netIncome": 129986000, "netIncomeRatio": 0.0899124642, "eps": 5.33, "epsdiluted": 5.29, "weightedAverageShsOut": 24371000, "weightedAverageShsOutDil": 24592000, "link": "https://www.sec.gov/Archives/edgar/data/889331/000088933121000010/0000889331-21-000010-index.htm", "finalLink": "https://www.sec.gov/Archives/edgar/data/889331/000088933121000010/lfus-20201226.htm", "calculatedOtherExpenses": 81755000, "calculatedOperatingExpenses": 338800000, "calculatedNetInterest": 0, "calculatedOtherIncome": -1119000, "calculatedIncomeNonControlling": 0, "calculatedEbitda": 249210000}, {"date": "2019-12-28", "symbol": "LFUS", "reportedCurrency": "USD", "cik": "0000889331", "fillingDate": "2020-02-21", "acceptedDate": "2020-02-21 12:48:11", "calendarYear": "2019", "period": "FY", "revenue": 1503873000, "costOfRevenue": 962424000, "grossProfit": 541449000, "grossProfitRatio": 0.3600363861, "researchAndDevelopmentExpenses": 80539000, "generalAndAdministrativeExpenses": 225393000, "sellingAndMarketingExpenses": 2700000, "sellingGeneralAndAdministrativeExpenses": 228093000, "otherExpenses": 40026000, "operatingExpenses": 348658000, "costAndExpenses": 1311082000, "interestIncome": 22266000, "interestExpense": 22266000, "depreciationAndAmortization": 40609000, "ebitda": 233400000, "ebitdaratio": 0.1551992755, "operatingIncome": 192791000, "operatingIncomeRatio": 0.1281963304, "totalOtherIncomeExpensesNet": -26907000, "incomeBeforeTax": 165884000, "incomeBeforeTaxRatio": 0.110304527, "incomeTaxExpense": 26802000, "netIncome": 139082000, "netIncomeRatio": 0.0924825434, "eps": 5.66, "epsdiluted": 5.6, "weightedAverageShsOut": 24576000, "weightedAverageShsOutDil": 24818000, "link": "https://www.sec.gov/Archives/edgar/data/889331/000088933120000014/0000889331-20-000014-index.htm", "finalLink": "https://www.sec.gov/Archives/edgar/data/889331/000088933120000014/lfus-122819x10k.htm", "calculatedOtherExpenses": 40026000, "calculatedOperatingExpenses": 348658000, "calculatedNetInterest": 0, "calculatedOtherIncome": -26907000, "calculatedIncomeNonControlling": 0, "calculatedEbitda": 233400000}, {"date": "2018-12-29", "symbol": "LFUS", "reportedCurrency": "USD", "cik": "0000889331", "fillingDate": "2019-02-22", "acceptedDate": "2019-02-22 16:37:47", "calendarYear": "2018", "period": "FY", "revenue": 1718468000, "costOfRevenue": 1065927000, "grossProfit": 652541000, "grossProfitRatio": 0.3797225203, "researchAndDevelopmentExpenses": 87301000, "generalAndAdministrativeExpenses": 285201000, "sellingAndMarketingExpenses": 2800000, "sellingGeneralAndAdministrativeExpenses": 288001000, "otherExpenses": 1599000, "operatingExpenses": 427492000, "costAndExpenses": 1493419000, "interestIncome": 0, "interestExpense": 22569000, "depreciationAndAmortization": 52190000, "ebitda": 278838000, "ebitdaratio": 0.1622596406, "operatingIncome": 225049000, "operatingIncomeRatio": 0.1309590868, "totalOtherIncomeExpensesNet": 2462000, "incomeBeforeTax": 204942000, "incomeBeforeTaxRatio": 0.1192585489, "incomeTaxExpense": 40377000, "netIncome": 164565000, "netIncomeRatio": 0.0957626211, "eps": 6.62, "epsdiluted": 6.52, "weightedAverageShsOut": 24870000, "weightedAverageShsOutDil": 25235000, "link": "https://www.sec.gov/Archives/edgar/data/889331/000088933119000015/0000889331-19-000015-index.htm", "finalLink": "https://www.sec.gov/Archives/edgar/data/889331/000088933119000015/lfus-122918x10k.htm", "calculatedOtherExpenses": 52190000, "calculatedOperatingExpenses": 427492000, "calculatedNetInterest": -22569000, "calculatedOtherIncome": 2462000, "calculatedIncomeNonControlling": 0, "calculatedEbitda": 277239000}, {"date": "2017-12-30", "symbol": "LFUS", "reportedCurrency": "USD", "cik": "0000889331", "fillingDate": "2018-02-23", "acceptedDate": "2018-02-23 17:16:39", "calendarYear": "2017", "period": "FY", "revenue": 1221534000, "costOfRevenue": 715001000, "grossProfit": 506533000, "grossProfitRatio": 0.4146695876, "researchAndDevelopmentExpenses": 50489000, "generalAndAdministrativeExpenses": 209933000, "sellingAndMarketingExpenses": 2900000, "sellingGeneralAndAdministrativeExpenses": 212833000, "otherExpenses": 1282000, "operatingExpenses": 288022000, "costAndExpenses": 1003023000, "interestIncome": 0, "interestExpense": 13380000, "depreciationAndAmortization": 63011000, "ebitda": 282804000, "ebitdaratio": 0.2315154552, "operatingIncome": 218511000, "operatingIncomeRatio": 0.1788824544, "totalOtherIncomeExpensesNet": -1094000, "incomeBeforeTax": 204037000, "incomeBeforeTaxRatio": 0.1670334186, "incomeTaxExpense": 84518000, "netIncome": 119519000, "netIncomeRatio": 0.0978433674, "eps": 5.27, "epsdiluted": 5.21, "weightedAverageShsOut": 22687000, "weightedAverageShsOutDil": 22931000, "link": "https://www.sec.gov/Archives/edgar/data/889331/000143774918003245/0001437749-18-003245-index.htm", "finalLink": "https://www.sec.gov/Archives/edgar/data/889331/000143774918003245/lfus20171230_10k.htm", "calculatedOtherExpenses": 24700000, "calculatedOperatingExpenses": 288022000, "calculatedNetInterest": -13380000, "calculatedOtherIncome": -1094000, "calculatedIncomeNonControlling": 0, "calculatedEbitda": 281522000}, {"date": "2016-12-31", "symbol": "LFUS", "reportedCurrency": "USD", "cik": "0000889331", "fillingDate": "2017-02-27", "acceptedDate": "2017-02-27 16:24:38", "calendarYear": "2016", "period": "FY", "revenue": 1056159000, "costOfRevenue": 643042000, "grossProfit": 413117000, "grossProfitRatio": 0.3911503855, "researchAndDevelopmentExpenses": 42198000, "generalAndAdministrativeExpenses": 203229000, "sellingAndMarketingExpenses": 2900000, "sellingGeneralAndAdministrativeExpenses": 206129000, "otherExpenses": 1730000, "operatingExpenses": 267664000, "costAndExpenses": 910706000, "interestIncome": 0, "interestExpense": 8628000, "depreciationAndAmortization": 53137000, "ebitda": 200320000, "ebitdaratio": 0.1896684117, "operatingIncome": 130644000, "operatingIncomeRatio": 0.1236972842, "totalOtherIncomeExpensesNet": -13551000, "incomeBeforeTax": 123274000, "incomeBeforeTaxRatio": 0.1167191682, "incomeTaxExpense": 18786000, "netIncome": 104488000, "netIncomeRatio": 0.0989320737, "eps": 4.63, "epsdiluted": 4.6, "weightedAverageShsOut": 22559000, "weightedAverageShsOutDil": 22727000, "link": "https://www.sec.gov/Archives/edgar/data/889331/000143774917003344/0001437749-17-003344-index.htm", "finalLink": "https://www.sec.gov/Archives/edgar/data/889331/000143774917003344/lfus20161231_10k.htm", "calculatedOtherExpenses": 34146000, "calculatedOperatingExpenses": 282473000, "calculatedNetInterest": -8628000, "calculatedOtherIncome": 1258000, "calculatedIncomeNonControlling": 0, "calculatedEbitda": 183781000}, {"date": "2015-12-31", "symbol": "LFUS", "reportedCurrency": "USD", "cik": "0000889331", "fillingDate": "2016-03-01", "acceptedDate": "2016-03-01 10:43:19", "calendarYear": "2015", "period": "FY", "revenue": 867864000, "costOfRevenue": 537365000, "grossProfit": 330499000, "grossProfitRatio": 0.3808188841, "researchAndDevelopmentExpenses": 30802000, "generalAndAdministrativeExpenses": 151414000, "sellingAndMarketingExpenses": 2300000, "sellingGeneralAndAdministrativeExpenses": 153714000, "otherExpenses": 5417000, "operatingExpenses": 196414000, "costAndExpenses": 733779000, "interestIncome": 0, "interestExpense": 4091000, "depreciationAndAmortization": 41678000, "ebitda": 181180000, "ebitdaratio": 0.2087654287, "operatingIncome": 104157000, "operatingIncomeRatio": 0.120015348, "totalOtherIncomeExpensesNet": -23046000, "incomeBeforeTax": 106948000, "incomeBeforeTaxRatio": 0.1232312897, "incomeTaxExpense": 24482000, "netIncome": 82466000, "netIncomeRatio": 0.0950218007, "eps": 3.65, "epsdiluted": 3.63, "weightedAverageShsOut": 22565000, "weightedAverageShsOutDil": 22719000, "link": "https://www.sec.gov/Archives/edgar/data/889331/000143774916026441/0001437749-16-026441-index.htm", "finalLink": "https://www.sec.gov/Archives/edgar/data/889331/000143774916026441/lfus20151226_10k.htm", "calculatedOtherExpenses": 41826000, "calculatedOperatingExpenses": 226342000, "calculatedNetInterest": -4091000, "calculatedOtherIncome": 6882000, "calculatedIncomeNonControlling": 0, "calculatedEbitda": 145835000}, {"date": "2014-12-27", "symbol": "LFUS", "reportedCurrency": "USD", "cik": "0000889331", "fillingDate": "2015-02-24", "acceptedDate": "2015-02-24 15:09:57", "calendarYear": "2014", "period": "FY", "revenue": 851995000, "costOfRevenue": 527567000, "grossProfit": 324428000, "grossProfitRatio": 0.3807862722, "researchAndDevelopmentExpenses": 31122000, "generalAndAdministrativeExpenses": 144175000, "sellingAndMarketingExpenses": 2800000, "sellingGeneralAndAdministrativeExpenses": 146975000, "otherExpenses": 6644000, "operatingExpenses": 190598000, "costAndExpenses": 718165000, "interestIncome": 0, "interestExpense": 4903000, "depreciationAndAmortization": 41875000, "ebitda": 182349000, "ebitdaratio": 0.2140259039, "operatingIncome": 133830000, "operatingIncomeRatio": 0.1570783866, "totalOtherIncomeExpensesNet": 2719000, "incomeBeforeTax": 131646000, "incomeBeforeTaxRatio": 0.1545149913, "incomeTaxExpense": 32228000, "netIncome": 99418000, "netIncomeRatio": 0.1166884782, "eps": 4.41, "epsdiluted": 4.37, "weightedAverageShsOut": 22543000, "weightedAverageShsOutDil": 22727000, "link": "https://www.sec.gov/Archives/edgar/data/889331/000143774915003300/0001437749-15-003300-index.htm", "finalLink": "https://www.sec.gov/Archives/edgar/data/889331/000143774915003300/lfus20141227_10k.htm", "calculatedOtherExpenses": 12501000, "calculatedOperatingExpenses": 190598000, "calculatedNetInterest": -4903000, "calculatedOtherIncome": 2719000, "calculatedIncomeNonControlling": 0, "calculatedEbitda": 175705000}, {"date": "2013-12-28", "symbol": "LFUS", "reportedCurrency": "USD", "cik": "0000889331", "fillingDate": "2014-02-25", "acceptedDate": "2014-02-25 13:59:52", "calendarYear": "2013", "period": "FY", "revenue": 757853000, "costOfRevenue": 461621000, "grossProfit": 296232000, "grossProfitRatio": 0.3908831924, "researchAndDevelopmentExpenses": 24415000, "generalAndAdministrativeExpenses": 131057000, "sellingAndMarketingExpenses": 1600000, "sellingGeneralAndAdministrativeExpenses": 132657000, "otherExpenses": 4646000, "operatingExpenses": 166351000, "costAndExpenses": 627972000, "interestIncome": 0, "interestExpense": 2917000, "depreciationAndAmortization": 34480000, "ebitda": 169007000, "ebitdaratio": 0.2230076281, "operatingIncome": 129881000, "operatingIncomeRatio": 0.1713802017, "totalOtherIncomeExpensesNet": -2729000, "incomeBeforeTax": 124235000, "incomeBeforeTaxRatio": 0.1639302081, "incomeTaxExpense": 35451000, "netIncome": 88784000, "netIncomeRatio": 0.1171520071, "eps": 3.98, "epsdiluted": 3.94, "weightedAverageShsOut": 22315000, "weightedAverageShsOutDil": 22537000, "link": "https://www.sec.gov/Archives/edgar/data/889331/000143774914002746/0001437749-14-002746-index.htm", "finalLink": "https://www.sec.gov/Archives/edgar/data/889331/000143774914002746/lfus20131231_10k.htm", "calculatedOtherExpenses": 9279000, "calculatedOperatingExpenses": 166351000, "calculatedNetInterest": -2917000, "calculatedOtherIncome": -2729000, "calculatedIncomeNonControlling": 0, "calculatedEbitda": 164361000}, {"date": "2012-12-29", "symbol": "LFUS", "reportedCurrency": "USD", "cik": "0000889331", "fillingDate": "2013-02-27", "acceptedDate": "2013-02-27 11:19:23", "calendarYear": "2012", "period": "FY", "revenue": 667913000, "costOfRevenue": 409446000, "grossProfit": 258467000, "grossProfitRatio": 0.3869770464, "researchAndDevelopmentExpenses": 21231000, "generalAndAdministrativeExpenses": 122577000, "sellingAndMarketingExpenses": 1700000, "sellingGeneralAndAdministrativeExpenses": 124277000, "otherExpenses": 2217000, "operatingExpenses": 151597000, "costAndExpenses": 561043000, "interestIncome": 0, "interestExpense": 1701000, "depreciationAndAmortization": 31433000, "ebitda": 140520000, "ebitdaratio": 0.2103866821, "operatingIncome": 106870000, "operatingIncomeRatio": 0.160005869, "totalOtherIncomeExpensesNet": -5117000, "incomeBeforeTax": 100052000, "incomeBeforeTaxRatio": 0.1497979527, "incomeTaxExpense": 24720000, "netIncome": 75332000, "netIncomeRatio": 0.1127871444, "eps": 3.45, "epsdiluted": 3.41, "weightedAverageShsOut": 21822000, "weightedAverageShsOutDil": 22098000, "link": "https://www.sec.gov/Archives/edgar/data/889331/000143774913002025/0001437749-13-002025-index.htm", "finalLink": "https://www.sec.gov/Archives/edgar/data/889331/000143774913002025/lfus_10k-122912.htm", "calculatedOtherExpenses": 6089000, "calculatedOperatingExpenses": 151597000, "calculatedNetInterest": -1701000, "calculatedOtherIncome": -5117000, "calculatedIncomeNonControlling": 0, "calculatedEbitda": 138303000}, {"date": "2011-12-31", "symbol": "LFUS", "reportedCurrency": "USD", "cik": "0000889331", "fillingDate": "2012-02-24", "acceptedDate": "2012-02-24 11:13:07", "calendarYear": "2011", "period": "FY", "revenue": 664955000, "costOfRevenue": 408261000, "grossProfit": 256694000, "grossProfitRatio": 0.3860321375, "researchAndDevelopmentExpenses": 19439000, "generalAndAdministrativeExpenses": 0, "sellingAndMarketingExpenses": 0, "sellingGeneralAndAdministrativeExpenses": 116740000, "otherExpenses": 6611000, "operatingExpenses": 142790000, "costAndExpenses": 551051000, "interestIncome": 0, "interestExpense": 1691000, "depreciationAndAmortization": 32252000, "ebitda": 146156000, "ebitdaratio": 0.2197983322, "operatingIncome": 113904000, "operatingIncomeRatio": 0.171295802, "totalOtherIncomeExpensesNet": 2888000, "incomeBeforeTax": 115101000, "incomeBeforeTaxRatio": 0.1730959238, "incomeTaxExpense": 28077000, "netIncome": 87024000, "netIncomeRatio": 0.1308720139, "eps": 3.97, "epsdiluted": 3.91, "weightedAverageShsOut": 21901000, "weightedAverageShsOutDil": 22255000, "link": "https://www.sec.gov/Archives/edgar/data/889331/000143774912001722/0001437749-12-001722-index.htm", "finalLink": "https://www.sec.gov/Archives/edgar/data/889331/000143774912001722/lfus_10k-123111.htm", "calculatedOtherExpenses": 6611000, "calculatedOperatingExpenses": 142790000, "calculatedNetInterest": -1691000, "calculatedOtherIncome": 2888000, "calculatedIncomeNonControlling": 0, "calculatedEbitda": 146156000}, {"date": "2010-12-31", "symbol": "LFUS", "reportedCurrency": "USD", "cik": "0000889331", "fillingDate": "2011-02-25", "acceptedDate": "2011-02-25 12:49:51", "calendarYear": "2010", "period": "FY", "revenue": 608021000, "costOfRevenue": 374149000, "grossProfit": 233872000, "grossProfitRatio": 0.3846446093, "researchAndDevelopmentExpenses": 17602000, "generalAndAdministrativeExpenses": 0, "sellingAndMarketingExpenses": 0, "sellingGeneralAndAdministrativeExpenses": 103671000, "otherExpenses": 5025000, "operatingExpenses": 126298000, "costAndExpenses": 500447000, "interestIncome": 0, "interestExpense": 1437000, "depreciationAndAmortization": 32005000, "ebitda": 139579000, "ebitdaratio": 0.2295627947, "operatingIncome": 107574000, "operatingIncomeRatio": 0.1769248102, "totalOtherIncomeExpensesNet": 1542000, "incomeBeforeTax": 107679000, "incomeBeforeTaxRatio": 0.1770975016, "incomeTaxExpense": 29016000, "netIncome": 78663000, "netIncomeRatio": 0.1293754657, "eps": 3.6, "epsdiluted": 3.54, "weightedAverageShsOut": 21875000, "weightedAverageShsOutDil": 22214000, "link": "https://www.sec.gov/Archives/edgar/data/889331/000143774911001080/0001437749-11-001080-index.htm", "finalLink": "https://www.sec.gov/Archives/edgar/data/889331/000143774911001080/littelfuse_10k-010111.htm", "calculatedOtherExpenses": 5025000, "calculatedOperatingExpenses": 126298000, "calculatedNetInterest": -1437000, "calculatedOtherIncome": 1542000, "calculatedIncomeNonControlling": 0, "calculatedEbitda": 139579000}, {"date": "2009-12-31", "symbol": "LFUS", "reportedCurrency": "USD", "cik": "0000889331", "fillingDate": "2010-02-26", "acceptedDate": "2010-02-26 16:06:05", "calendarYear": "2009", "period": "FY", "revenue": 430147000, "costOfRevenue": 304786000, "grossProfit": 125361000, "grossProfitRatio": 0.2914375783, "researchAndDevelopmentExpenses": 18134000, "generalAndAdministrativeExpenses": 0, "sellingAndMarketingExpenses": 0, "sellingGeneralAndAdministrativeExpenses": 88506000, "otherExpenses": 5026000, "operatingExpenses": 111666000, "costAndExpenses": 416452000, "interestIncome": 0, "interestExpense": 2377000, "depreciationAndAmortization": 36622000, "ebitda": 50317000, "ebitdaratio": 0.1169762895, "operatingIncome": 13695000, "operatingIncomeRatio": 0.0318379531, "totalOtherIncomeExpensesNet": -481000, "incomeBeforeTax": 10837000, "incomeBeforeTaxRatio": 0.0251937128, "incomeTaxExpense": 1426000, "netIncome": 9411000, "netIncomeRatio": 0.0218785671, "eps": 0.43, "epsdiluted": 0.43, "weightedAverageShsOut": 21743000, "weightedAverageShsOutDil": 21812000, "link": "https://www.sec.gov/Archives/edgar/data/889331/000095012310018129/0000950123-10-018129-index.htm", "finalLink": "https://www.sec.gov/Archives/edgar/data/889331/000095012310018129/c56611e10vk.htm", "calculatedOtherExpenses": 5026000, "calculatedOperatingExpenses": 111666000, "calculatedNetInterest": -2377000, "calculatedOtherIncome": -481000, "calculatedIncomeNonControlling": 0, "calculatedEbitda": 50317000}, {"date": "2008-12-27", "symbol": "LFUS", "reportedCurrency": "USD", "cik": "0000889331", "fillingDate": "2009-02-25", "acceptedDate": "2009-02-25 12:29:06", "calendarYear": "2008", "period": "FY", "revenue": 530869000, "costOfRevenue": 387200000, "grossProfit": 143669000, "grossProfitRatio": 0.2706298541, "researchAndDevelopmentExpenses": 24069000, "generalAndAdministrativeExpenses": 0, "sellingAndMarketingExpenses": 0, "sellingGeneralAndAdministrativeExpenses": 107239000, "otherExpenses": 3866000, "operatingExpenses": 135174000, "costAndExpenses": 522374000, "interestIncome": 0, "interestExpense": 3440000, "depreciationAndAmortization": 31994000, "ebitda": 51625000, "ebitdaratio": 0.0972462133, "operatingIncome": 8495000, "operatingIncomeRatio": 0.0160020645, "totalOtherIncomeExpensesNet": -5568000, "incomeBeforeTax": 10623000, "incomeBeforeTaxRatio": 0.0200105864, "incomeTaxExpense": 2607000, "netIncome": 8016000, "netIncomeRatio": 0.0150997704, "eps": 0.37, "epsdiluted": 0.37, "weightedAverageShsOut": 21722000, "weightedAverageShsOutDil": 21826000, "link": "https://www.sec.gov/Archives/edgar/data/889331/000095013709001280/0000950137-09-001280-index.htm", "finalLink": "https://www.sec.gov/Archives/edgar/data/889331/000095013709001280/c48953e10vk.htm", "calculatedOtherExpenses": 3866000, "calculatedOperatingExpenses": 135174000, "calculatedNetInterest": -3440000, "calculatedOtherIncome": 5568000, "calculatedIncomeNonControlling": 0, "calculatedEbitda": 40489000}, {"date": "2007-12-29", "symbol": "LFUS", "reportedCurrency": "USD", "cik": "0000889331", "fillingDate": "2008-02-27", "acceptedDate": "2008-02-27 13:59:12", "calendarYear": "2007", "period": "FY", "revenue": 536144000, "costOfRevenue": 364607000, "grossProfit": 171537000, "grossProfitRatio": 0.3199457608, "researchAndDevelopmentExpenses": 21700000, "generalAndAdministrativeExpenses": 0, "sellingAndMarketingExpenses": 0, "sellingGeneralAndAdministrativeExpenses": 103258000, "otherExpenses": -4730000, "operatingExpenses": 120228000, "costAndExpenses": 484835000, "interestIncome": 0, "interestExpense": 0, "depreciationAndAmortization": 28736000, "ebitda": 70472000, "ebitdaratio": 0.1314422991, "operatingIncome": 51309000, "operatingIncomeRatio": 0.0957000358, "totalOtherIncomeExpensesNet": 9573000, "incomeBeforeTax": 51288000, "incomeBeforeTaxRatio": 0.0956608672, "incomeTaxExpense": 14453000, "netIncome": 36835000, "netIncomeRatio": 0.0687035573, "eps": 1.66, "epsdiluted": 1.64, "weightedAverageShsOut": 22231000, "weightedAverageShsOutDil": 22394000, "link": "https://www.sec.gov/Archives/edgar/data/889331/000095013708002835/0000950137-08-002835-index.htm", "finalLink": "https://www.sec.gov/Archives/edgar/data/889331/000095013708002835/c23292e10vk.txt", "calculatedOtherExpenses": -4730000, "calculatedOperatingExpenses": 120228000, "calculatedNetInterest": 0, "calculatedOtherIncome": -21000, "calculatedIncomeNonControlling": 0, "calculatedEbitda": 80045000}, {"date": "2006-12-30", "symbol": "LFUS", "reportedCurrency": "USD", "cik": "0000889331", "fillingDate": "2007-02-27", "acceptedDate": "2007-02-27 17:29:58", "calendarYear": "2006", "period": "FY", "revenue": 534859000, "costOfRevenue": 373596000, "grossProfit": 161263000, "grossProfitRatio": 0.3015056305, "researchAndDevelopmentExpenses": 18708000, "generalAndAdministrativeExpenses": 0, "sellingAndMarketingExpenses": 0, "sellingGeneralAndAdministrativeExpenses": 110581000, "otherExpenses": 3116000, "operatingExpenses": 132405000, "costAndExpenses": 506001000, "interestIncome": 0, "interestExpense": 0, "depreciationAndAmortization": 32865000, "ebitda": 59549000, "ebitdaratio": 0.1113358848, "operatingIncome": 28858000, "operatingIncomeRatio": 0.0539544067, "totalOtherIncomeExpensesNet": 2174000, "incomeBeforeTax": 29406000, "incomeBeforeTaxRatio": 0.0549789758, "incomeTaxExpense": 6170000, "netIncome": 23824000, "netIncomeRatio": 0.0445425804, "eps": 1.07, "epsdiluted": 1.06, "weightedAverageShsOut": 22305000, "weightedAverageShsOutDil": 22434000, "link": "https://www.sec.gov/Archives/edgar/data/889331/000095013707002879/0000950137-07-002879-index.htm", "finalLink": "https://www.sec.gov/Archives/edgar/data/889331/000095013707002879/c12654e10vk.txt", "calculatedOtherExpenses": 3116000, "calculatedOperatingExpenses": 132405000, "calculatedNetInterest": 0, "calculatedOtherIncome": 548000, "calculatedIncomeNonControlling": -588000, "calculatedEbitda": 61723000}, {"date": "2005-12-31", "symbol": "LFUS", "reportedCurrency": "USD", "cik": "0000889331", "fillingDate": "2006-03-16", "acceptedDate": "2006-03-16 16:50:27", "calendarYear": "2005", "period": "FY", "revenue": 467089000, "costOfRevenue": 322537000, "grossProfit": 144552000, "grossProfitRatio": 0.3094742116, "researchAndDevelopmentExpenses": 16672000, "generalAndAdministrativeExpenses": 0, "sellingAndMarketingExpenses": 0, "sellingGeneralAndAdministrativeExpenses": 98536000, "otherExpenses": 2378000, "operatingExpenses": 117586000, "costAndExpenses": 440123000, "interestIncome": 0, "interestExpense": 0, "depreciationAndAmortization": 31233000, "ebitda": 55131000, "ebitdaratio": 0.1180310391, "operatingIncome": 26966000, "operatingIncomeRatio": 0.0577320382, "totalOtherIncomeExpensesNet": 3068000, "incomeBeforeTax": 28022000, "incomeBeforeTaxRatio": 0.0599928493, "incomeTaxExpense": 11440000, "netIncome": 17710000, "netIncomeRatio": 0.0379156863, "eps": 0.79, "epsdiluted": 0.78, "weightedAverageShsOut": 22413000, "weightedAverageShsOutDil": 22582000, "link": "https://www.sec.gov/Archives/edgar/data/889331/000095013706003163/0000950137-06-003163-index.htm", "finalLink": "https://www.sec.gov/Archives/edgar/data/889331/000095013706003163/c03417e10vk.txt", "calculatedOtherExpenses": 2378000, "calculatedOperatingExpenses": 117586000, "calculatedNetInterest": 0, "calculatedOtherIncome": 1056000, "calculatedIncomeNonControlling": -1128000, "calculatedEbitda": 58199000}, {"date": "2004-12-31", "symbol": "LFUS", "reportedCurrency": "USD", "cik": "0000889331", "fillingDate": "2005-03-17", "acceptedDate": "2005-03-17 17:27:39", "calendarYear": "2004", "period": "FY", "revenue": 500242000, "costOfRevenue": 321288000, "grossProfit": 178954000, "grossProfitRatio": 0.3577348563, "researchAndDevelopmentExpenses": 17464000, "generalAndAdministrativeExpenses": 0, "sellingAndMarketingExpenses": 0, "sellingGeneralAndAdministrativeExpenses": 99781000, "otherExpenses": 4718000, "operatingExpenses": 121963000, "costAndExpenses": 443251000, "interestIncome": 0, "interestExpense": 0, "depreciationAndAmortization": 26300000, "ebitda": 85657000, "ebitdaratio": 0.1712311241, "operatingIncome": 56991000, "operatingIncomeRatio": 0.1139268594, "totalOtherIncomeExpensesNet": -2366000, "incomeBeforeTax": 55411000, "incomeBeforeTaxRatio": 0.1107683881, "incomeTaxExpense": 19230000, "netIncome": 36028000, "netIncomeRatio": 0.0720211418, "eps": 1.62, "epsdiluted": 1.59, "weightedAverageShsOut": 22239000, "weightedAverageShsOutDil": 22604000, "link": "https://www.sec.gov/Archives/edgar/data/889331/000095013705003236/0000950137-05-003236-index.htm", "finalLink": "https://www.sec.gov/Archives/edgar/data/889331/000095013705003236/c93143e10vk.txt", "calculatedOtherExpenses": 4718000, "calculatedOperatingExpenses": 121963000, "calculatedNetInterest": 0, "calculatedOtherIncome": -1580000, "calculatedIncomeNonControlling": 153000, "calculatedEbitda": 83291000}, {"date": "2003-12-31", "symbol": "LFUS", "reportedCurrency": "USD", "cik": "0000889331", "fillingDate": "2004-03-18", "acceptedDate": "2004-03-18 17:26:45", "calendarYear": "2003", "period": "FY", "revenue": 339410000, "costOfRevenue": 234984000, "grossProfit": 104426000, "grossProfitRatio": 0.3076691907, "researchAndDevelopmentExpenses": 8694000, "generalAndAdministrativeExpenses": 0, "sellingAndMarketingExpenses": 0, "sellingGeneralAndAdministrativeExpenses": 68579000, "otherExpenses": 1072000, "operatingExpenses": 78345000, "costAndExpenses": 313329000, "interestIncome": 0, "interestExpense": 0, "depreciationAndAmortization": 21101000, "ebitda": 47250000, "ebitdaratio": 0.1392121623, "operatingIncome": 26081000, "operatingIncomeRatio": 0.0768421673, "totalOtherIncomeExpensesNet": -68000, "incomeBeforeTax": 23968000, "incomeBeforeTaxRatio": 0.0706166583, "incomeTaxExpense": 8629000, "netIncome": 15339000, "netIncomeRatio": 0.0451931293, "eps": 0.7, "epsdiluted": 0.7, "weightedAverageShsOut": 21912857, "weightedAverageShsOutDil": 21912857, "link": "https://www.sec.gov/Archives/edgar/data/889331/000095013704002005/0000950137-04-002005-index.htm", "finalLink": "https://www.sec.gov/Archives/edgar/data/889331/000095013704002005/c83826e10vk.txt", "calculatedOtherExpenses": 1072000, "calculatedOperatingExpenses": 78345000, "calculatedNetInterest": 0, "calculatedOtherIncome": -2113000, "calculatedIncomeNonControlling": 0, "calculatedEbitda": 47182000}, {"date": "2002-12-28", "symbol": "LFUS", "reportedCurrency": "USD", "cik": "0000889331", "fillingDate": "2003-03-24", "acceptedDate": "2003-03-24 13:30:17", "calendarYear": "2002", "period": "FY", "revenue": 283267000, "costOfRevenue": 192870000, "grossProfit": 90397000, "grossProfitRatio": 0.3191229476, "researchAndDevelopmentExpenses": 8334000, "generalAndAdministrativeExpenses": 0, "sellingAndMarketingExpenses": 0, "sellingGeneralAndAdministrativeExpenses": 61621000, "otherExpenses": 767000, "operatingExpenses": 70722000, "costAndExpenses": 263592000, "interestIncome": 0, "interestExpense": 0, "depreciationAndAmortization": 18904000, "ebitda": 40570000, "ebitdaratio": 0.143221766, "operatingIncome": 15931000, "operatingIncomeRatio": 0.0562402257, "totalOtherIncomeExpensesNet": -1991000, "incomeBeforeTax": 15031000, "incomeBeforeTaxRatio": 0.0530630112, "incomeTaxExpense": 5411000, "netIncome": 9620000, "netIncomeRatio": 0.033960892, "eps": 0.44, "epsdiluted": 0.44, "weightedAverageShsOut": 21858000, "weightedAverageShsOutDil": 21971000, "link": "https://www.sec.gov/Archives/edgar/data/889331/000095013703001665/0000950137-03-001665-index.htm", "finalLink": "https://www.sec.gov/Archives/edgar/data/889331/000095013703001665/c75592e10vk.txt", "calculatedOtherExpenses": 4511000, "calculatedOperatingExpenses": 74466000, "calculatedNetInterest": 0, "calculatedOtherIncome": -900000, "calculatedIncomeNonControlling": 0, "calculatedEbitda": 34835000}, {"date": "2001-12-29", "symbol": "LFUS", "reportedCurrency": "USD", "cik": "0000889331", "fillingDate": "2002-03-22", "acceptedDate": "2002-03-22 00:00:00", "calendarYear": "2001", "period": "FY", "revenue": 272149000, "costOfRevenue": 180242000, "grossProfit": 91907000, "grossProfitRatio": 0.3377083877, "researchAndDevelopmentExpenses": 8883000, "generalAndAdministrativeExpenses": 0, "sellingAndMarketingExpenses": 0, "sellingGeneralAndAdministrativeExpenses": 62197000, "otherExpenses": 5972000, "operatingExpenses": 77052000, "costAndExpenses": 257294000, "interestIncome": 0, "interestExpense": 0, "depreciationAndAmortization": 25682000, "ebitda": 45740000, "ebitdaratio": 0.1680696971, "operatingIncome": 8540000, "operatingIncomeRatio": 0.0313798691, "totalOtherIncomeExpensesNet": -5203000, "incomeBeforeTax": 6361000, "incomeBeforeTaxRatio": 0.0233732257, "incomeTaxExpense": 2291000, "netIncome": 4070000, "netIncomeRatio": 0.014955043, "eps": 0.2, "epsdiluted": 0.19, "weightedAverageShsOut": 19951000, "weightedAverageShsOutDil": 21731000, "link": "https://www.sec.gov/Archives/edgar/data/889331/000095013702001477/0000950137-02-001477-index.htm", "finalLink": "https://www.sec.gov/Archives/edgar/data/889331/000095013702001477/c68111e10-k405.txt", "calculatedOtherExpenses": 12287000, "calculatedOperatingExpenses": 83367000, "calculatedNetInterest": 0, "calculatedOtherIncome": -2179000, "calculatedIncomeNonControlling": 0, "calculatedEbitda": 34222000}, {"date": "2000-12-30", "symbol": "LFUS", "reportedCurrency": "USD", "cik": "0000889331", "fillingDate": "2001-03-26", "acceptedDate": "2001-03-26 00:00:00", "calendarYear": "2000", "period": "FY", "revenue": 371920000, "costOfRevenue": 201198000, "grossProfit": 170722000, "grossProfitRatio": 0.4590288234, "researchAndDevelopmentExpenses": 11152000, "generalAndAdministrativeExpenses": 0, "sellingAndMarketingExpenses": 0, "sellingGeneralAndAdministrativeExpenses": 71083000, "otherExpenses": 26739000, "operatingExpenses": 108974000, "costAndExpenses": 310172000, "interestIncome": 0, "interestExpense": 0, "depreciationAndAmortization": 26739000, "ebitda": 86547000, "ebitdaratio": 0.2327032695, "operatingIncome": 61748000, "operatingIncomeRatio": 0.1660249516, "totalOtherIncomeExpensesNet": 1940000, "incomeBeforeTax": 59036000, "incomeBeforeTaxRatio": 0.1587330609, "incomeTaxExpense": 21738000, "netIncome": 37298000, "netIncomeRatio": 0.1002850075, "eps": 1.88, "epsdiluted": 1.69, "weightedAverageShsOut": 19821000, "weightedAverageShsOutDil": 22069822, "link": "https://www.sec.gov/Archives/edgar/data/889331/000095013701000885/0000950137-01-000885-index.htm", "finalLink": "https://www.sec.gov/Archives/edgar/data/889331/000095013701000885/c60888e10-k405.txt", "calculatedOtherExpenses": 26739000, "calculatedOperatingExpenses": 108974000, "calculatedNetInterest": 0, "calculatedOtherIncome": -2712000, "calculatedIncomeNonControlling": 0, "calculatedEbitda": 88487000}, {"date": "1999-12-31", "symbol": "LFUS", "reportedCurrency": "USD", "cik": "0000889331", "fillingDate": "2000-03-21", "acceptedDate": "2000-03-21 00:00:00", "calendarYear": "1999", "period": "FY", "revenue": 296400000, "costOfRevenue": 160700000, "grossProfit": 135700000, "grossProfitRatio": 0.4578272605, "researchAndDevelopmentExpenses": 9500000, "generalAndAdministrativeExpenses": 0, "sellingAndMarketingExpenses": 0, "sellingGeneralAndAdministrativeExpenses": 56100000, "otherExpenses": 25500000, "operatingExpenses": 91100000, "costAndExpenses": 251800000, "interestIncome": 0, "interestExpense": 0, "depreciationAndAmortization": 25500000, "ebitda": 68800000, "ebitdaratio": 0.2321187584, "operatingIncome": 44600000, "operatingIncomeRatio": 0.1504723347, "totalOtherIncomeExpensesNet": 1300000, "incomeBeforeTax": 40700000, "incomeBeforeTaxRatio": 0.1373144399, "incomeTaxExpense": 15500000, "netIncome": 25200000, "netIncomeRatio": 0.0850202429, "eps": 1.29, "epsdiluted": 1.16, "weightedAverageShsOut": 19572000, "weightedAverageShsOutDil": 21751000, "link": "https://www.sec.gov/Archives/edgar/data/889331/000088933100000002/0000889331-00-000002-index.html", "finalLink": "https://www.sec.gov/Archives/edgar/data/889331/000088933100000002/", "calculatedOtherExpenses": 25500000, "calculatedOperatingExpenses": 91100000, "calculatedNetInterest": 0, "calculatedOtherIncome": -3900000, "calculatedIncomeNonControlling": 0, "calculatedEbitda": 70100000}, {"date": "1998-12-31", "symbol": "LFUS", "reportedCurrency": "USD", "cik": "0000889331", "fillingDate": "1999-03-19", "acceptedDate": "1999-03-19 00:00:00", "calendarYear": "1998", "period": "FY", "revenue": 269500000, "costOfRevenue": 153900000, "grossProfit": 115600000, "grossProfitRatio": 0.4289424861, "researchAndDevelopmentExpenses": 8400000, "generalAndAdministrativeExpenses": 0, "sellingAndMarketingExpenses": 0, "sellingGeneralAndAdministrativeExpenses": 50900000, "otherExpenses": 22200000, "operatingExpenses": 81500000, "costAndExpenses": 235400000, "interestIncome": 0, "interestExpense": 0, "depreciationAndAmortization": 22200000, "ebitda": 56400000, "ebitdaratio": 0.2092764378, "operatingIncome": 34100000, "operatingIncomeRatio": 0.1265306122, "totalOtherIncomeExpensesNet": -100000, "incomeBeforeTax": 30000000, "incomeBeforeTaxRatio": 0.1113172542, "incomeTaxExpense": 10100000, "netIncome": 19900000, "netIncomeRatio": 0.0738404453, "eps": 0.97, "epsdiluted": 0.86, "weightedAverageShsOut": 20474000, "weightedAverageShsOutDil": 23154000, "link": "https://www.sec.gov/Archives/edgar/data/889331/000088933199000002/0000889331-99-000002-index.html", "finalLink": "https://www.sec.gov/Archives/edgar/data/889331/", "calculatedOtherExpenses": 22200000, "calculatedOperatingExpenses": 81500000, "calculatedNetInterest": 0, "calculatedOtherIncome": -4100000, "calculatedIncomeNonControlling": 0, "calculatedEbitda": 56300000}, {"date": "1997-12-31", "symbol": "LFUS", "reportedCurrency": "USD", "cik": "0000889331", "fillingDate": "1998-03-26", "acceptedDate": "1998-03-26 00:00:00", "calendarYear": "1997", "period": "FY", "revenue": 275200000, "costOfRevenue": 150800000, "grossProfit": 124400000, "grossProfitRatio": 0.4520348837, "researchAndDevelopmentExpenses": 7900000, "generalAndAdministrativeExpenses": 0, "sellingAndMarketingExpenses": 0, "sellingGeneralAndAdministrativeExpenses": 52300000, "otherExpenses": 20400000, "operatingExpenses": 80600000, "costAndExpenses": 231400000, "interestIncome": 0, "interestExpense": 0, "depreciationAndAmortization": 20400000, "ebitda": 63200000, "ebitdaratio": 0.2296511628, "operatingIncome": 43800000, "operatingIncomeRatio": 0.1591569767, "totalOtherIncomeExpensesNet": 1000000, "incomeBeforeTax": 40600000, "incomeBeforeTaxRatio": 0.1475290698, "incomeTaxExpense": 15300000, "netIncome": 25300000, "netIncomeRatio": 0.0919331395, "eps": 1.28, "epsdiluted": 1.07, "weightedAverageShsOut": 19765625, "weightedAverageShsOutDil": 23644860, "link": "https://www.sec.gov/Archives/edgar/data/889331/000088933198000002/0000889331-98-000002-index.html", "finalLink": "https://www.sec.gov/Archives/edgar/data/889331/", "calculatedOtherExpenses": 20400000, "calculatedOperatingExpenses": 80600000, "calculatedNetInterest": 0, "calculatedOtherIncome": -3200000, "calculatedIncomeNonControlling": 0, "calculatedEbitda": 64200000}, {"date": "1996-12-28", "symbol": "LFUS", "reportedCurrency": "USD", "cik": "0000889331", "fillingDate": "1997-03-20", "acceptedDate": "1997-03-20 00:00:00", "calendarYear": "1996", "period": "FY", "revenue": 241400000, "costOfRevenue": 129100000, "grossProfit": 112300000, "grossProfitRatio": 0.4652029826, "researchAndDevelopmentExpenses": 0, "generalAndAdministrativeExpenses": 0, "sellingAndMarketingExpenses": 0, "sellingGeneralAndAdministrativeExpenses": 53600000, "otherExpenses": 21100000, "operatingExpenses": 74700000, "costAndExpenses": 203800000, "interestIncome": 0, "interestExpense": 0, "depreciationAndAmortization": 21100000, "ebitda": 58000000, "ebitdaratio": 0.2402651201, "operatingIncome": 37600000, "operatingIncomeRatio": 0.1557580779, "totalOtherIncomeExpensesNet": 700000, "incomeBeforeTax": 34100000, "incomeBeforeTaxRatio": 0.1412593206, "incomeTaxExpense": 12400000, "netIncome": 21700000, "netIncomeRatio": 0.0898922949, "eps": 0.9, "epsdiluted": 0.9, "weightedAverageShsOut": 24020000, "weightedAverageShsOutDil": 24245810, "link": "https://www.sec.gov/Archives/edgar/data/889331/000088933197000003/0000889331-97-000003-index.html", "finalLink": "https://www.sec.gov/Archives/edgar/data/889331/", "calculatedOtherExpenses": 21100000, "calculatedOperatingExpenses": 74700000, "calculatedNetInterest": 0, "calculatedOtherIncome": -3500000, "calculatedIncomeNonControlling": 0, "calculatedEbitda": 58700000}, {"date": "1995-12-31", "symbol": "LFUS", "reportedCurrency": "USD", "cik": "0000889331", "fillingDate": "1995-12-31", "acceptedDate": "1995-12-30 19:00:00", "calendarYear": "1995", "period": "FY", "revenue": 219500000, "costOfRevenue": 118100000, "grossProfit": 101400000, "grossProfitRatio": 0.4619589977, "researchAndDevelopmentExpenses": 0, "generalAndAdministrativeExpenses": 0, "sellingAndMarketingExpenses": 0, "sellingGeneralAndAdministrativeExpenses": 49500000, "otherExpenses": 18200000, "operatingExpenses": 67700000, "costAndExpenses": 185800000, "interestIncome": 0, "interestExpense": 0, "depreciationAndAmortization": 18200000, "ebitda": 51500000, "ebitdaratio": 0.2346241458, "operatingIncome": 33700000, "operatingIncomeRatio": 0.1535307517, "totalOtherIncomeExpensesNet": 400000, "incomeBeforeTax": 29900000, "incomeBeforeTaxRatio": 0.1362186788, "incomeTaxExpense": 10600000, "netIncome": 19300000, "netIncomeRatio": 0.0879271071, "eps": 0.96, "epsdiluted": 0.96, "weightedAverageShsOut": 20154000, "weightedAverageShsOutDil": 20154000, "link": "", "finalLink": "", "calculatedOtherExpenses": 18200000, "calculatedOperatingExpenses": 67700000, "calculatedNetInterest": 0, "calculatedOtherIncome": -3800000, "calculatedIncomeNonControlling": 0, "calculatedEbitda": 51900000}, {"date": "1994-12-31", "symbol": "LFUS", "reportedCurrency": "USD", "cik": "0000889331", "fillingDate": "1994-12-31", "acceptedDate": "1994-12-30 19:00:00", "calendarYear": "1994", "period": "FY", "revenue": 194500000, "costOfRevenue": 106500000, "grossProfit": 88000000, "grossProfitRatio": 0.4524421594, "researchAndDevelopmentExpenses": 0, "generalAndAdministrativeExpenses": 0, "sellingAndMarketingExpenses": 0, "sellingGeneralAndAdministrativeExpenses": 42900000, "otherExpenses": 17200000, "operatingExpenses": 60100000, "costAndExpenses": 166600000, "interestIncome": 0, "interestExpense": 0, "depreciationAndAmortization": 17200000, "ebitda": 44500000, "ebitdaratio": 0.2287917738, "operatingIncome": 27900000, "operatingIncomeRatio": 0.1434447301, "totalOtherIncomeExpensesNet": 600000, "incomeBeforeTax": 23400000, "incomeBeforeTaxRatio": 0.1203084833, "incomeTaxExpense": 8200000, "netIncome": 15200000, "netIncomeRatio": 0.0781491003, "eps": 0.75, "epsdiluted": 0.75, "weightedAverageShsOut": 20172000, "weightedAverageShsOutDil": 20172000, "link": "", "finalLink": "", "calculatedOtherExpenses": 17200000, "calculatedOperatingExpenses": 60100000, "calculatedNetInterest": 0, "calculatedOtherIncome": -4500000, "calculatedIncomeNonControlling": 0, "calculatedEbitda": 45100000}, {"date": "1993-12-31", "symbol": "LFUS", "reportedCurrency": "USD", "cik": "0000889331", "fillingDate": "1993-12-31", "acceptedDate": "1993-12-30 19:00:00", "calendarYear": "1993", "period": "FY", "revenue": 160700000, "costOfRevenue": 88400000, "grossProfit": 72300000, "grossProfitRatio": 0.4499066584, "researchAndDevelopmentExpenses": 0, "generalAndAdministrativeExpenses": 0, "sellingAndMarketingExpenses": 0, "sellingGeneralAndAdministrativeExpenses": 36400000, "otherExpenses": 16600000, "operatingExpenses": 53000000, "costAndExpenses": 141400000, "interestIncome": 0, "interestExpense": 0, "depreciationAndAmortization": 16600000, "ebitda": 35100000, "ebitdaratio": 0.2184194151, "operatingIncome": 19300000, "operatingIncomeRatio": 0.1200995644, "totalOtherIncomeExpensesNet": 800000, "incomeBeforeTax": 14200000, "incomeBeforeTaxRatio": 0.0883634101, "incomeTaxExpense": 4200000, "netIncome": 10000000, "netIncomeRatio": 0.0622277536, "eps": 0.5, "epsdiluted": 0.5, "weightedAverageShsOut": 20038000, "weightedAverageShsOutDil": 20038000, "link": "", "finalLink": "", "calculatedOtherExpenses": 16600000, "calculatedOperatingExpenses": 53000000, "calculatedNetInterest": 0, "calculatedOtherIncome": -5100000, "calculatedIncomeNonControlling": 0, "calculatedEbitda": 35900000}, {"date": "1992-12-31", "symbol": "LFUS", "reportedCurrency": "USD", "cik": "0000889331", "fillingDate": "1992-12-31", "acceptedDate": "1992-12-30 19:00:00", "calendarYear": "1992", "period": "FY", "revenue": 149800000, "costOfRevenue": 87900000, "grossProfit": 61900000, "grossProfitRatio": 0.4132176235, "researchAndDevelopmentExpenses": 0, "generalAndAdministrativeExpenses": 0, "sellingAndMarketingExpenses": 0, "sellingGeneralAndAdministrativeExpenses": 33700000, "otherExpenses": 17500000, "operatingExpenses": 51200000, "costAndExpenses": 139100000, "interestIncome": 0, "interestExpense": 0, "depreciationAndAmortization": 17500000, "ebitda": 27500000, "ebitdaratio": 0.1835781041, "operatingIncome": 10700000, "operatingIncomeRatio": 0.0714285714, "totalOtherIncomeExpensesNet": 700000, "incomeBeforeTax": 3900000, "incomeBeforeTaxRatio": 0.026034713, "incomeTaxExpense": 3200000, "netIncome": 700000, "netIncomeRatio": 0.0046728972, "eps": 0.035, "epsdiluted": 0.035, "weightedAverageShsOut": 20000000, "weightedAverageShsOutDil": 20000000, "link": "", "finalLink": "", "calculatedOtherExpenses": 17500000, "calculatedOperatingExpenses": 51200000, "calculatedNetInterest": 0, "calculatedOtherIncome": -6800000, "calculatedIncomeNonControlling": 0, "calculatedEbitda": 28200000}]}