{"originalCurrency": "USD", "convertedCurrency": "USD", "report": [{"date": "2023-12-31", "symbol": "LGIH", "reportedCurrency": "USD", "cik": "0001580670", "fillingDate": "2024-02-20", "acceptedDate": "2024-02-20 17:02:08", "calendarYear": "2023", "period": "FY", "revenue": 2358580000, "costOfRevenue": 1816393000, "grossProfit": 542187000, "grossProfitRatio": 0.229878571, "researchAndDevelopmentExpenses": 0, "generalAndAdministrativeExpenses": 117350000, "sellingAndMarketingExpenses": 191582000, "sellingGeneralAndAdministrativeExpenses": 308932000, "otherExpenses": 28499000, "operatingExpenses": 308932000, "costAndExpenses": 2125325000, "interestIncome": 0, "interestExpense": 87604000, "depreciationAndAmortization": 2408000, "ebitda": 235663000, "ebitdaratio": 0.0999173231, "operatingIncome": 233255000, "operatingIncomeRatio": 0.0988963698, "totalOtherIncomeExpensesNet": 28499000, "incomeBeforeTax": 261754000, "incomeBeforeTaxRatio": 0.1109794877, "incomeTaxExpense": 62527000, "netIncome": 199227000, "netIncomeRatio": 0.0844690449, "eps": 8.48, "epsdiluted": 8.42, "weightedAverageShsOut": 23507136, "weightedAverageShsOutDil": 23648548, "link": "https://www.sec.gov/Archives/edgar/data/1580670/000158067024000012/0001580670-24-000012-index.htm", "finalLink": "https://www.sec.gov/Archives/edgar/data/1580670/000158067024000012/lgih-20231231.htm", "calculatedOtherExpenses": 0, "calculatedOperatingExpenses": 308932000, "calculatedNetInterest": -87604000, "calculatedOtherIncome": 116103000, "calculatedIncomeNonControlling": 0, "calculatedEbitda": 235663000}, {"date": "2022-12-31", "symbol": "LGIH", "reportedCurrency": "USD", "cik": "0001580670", "fillingDate": "2023-02-21", "acceptedDate": "2023-02-21 16:52:15", "calendarYear": "2022", "period": "FY", "revenue": 2304455000, "costOfRevenue": 1657855000, "grossProfit": 646600000, "grossProfitRatio": 0.2805869501, "researchAndDevelopmentExpenses": 0, "generalAndAdministrativeExpenses": 111565000, "sellingAndMarketingExpenses": 144928000, "sellingGeneralAndAdministrativeExpenses": 256493000, "otherExpenses": 28009000, "operatingExpenses": 256493000, "costAndExpenses": 1914348000, "interestIncome": 0, "interestExpense": -29585000, "depreciationAndAmortization": 1576000, "ebitda": 390107000, "ebitdaratio": 0.1692838437, "operatingIncome": 390107000, "operatingIncomeRatio": 0.1692838437, "totalOtherIncomeExpensesNet": 28009000, "incomeBeforeTax": 418116000, "incomeBeforeTaxRatio": 0.1814381275, "incomeTaxExpense": 91549000, "netIncome": 326567000, "netIncomeRatio": 0.1417111638, "eps": 13.9, "epsdiluted": 13.76, "weightedAverageShsOut": 23486465, "weightedAverageShsOutDil": 23730770, "link": "https://www.sec.gov/Archives/edgar/data/1580670/000158067023000020/0001580670-23-000020-index.htm", "finalLink": "https://www.sec.gov/Archives/edgar/data/1580670/000158067023000020/lgih-20221231.htm", "calculatedOtherExpenses": 0, "calculatedOperatingExpenses": 256493000, "calculatedNetInterest": 29585000, "calculatedOtherIncome": -1576000, "calculatedIncomeNonControlling": 0, "calculatedEbitda": 391683000}, {"date": "2021-12-31", "symbol": "LGIH", "reportedCurrency": "USD", "cik": "0001580670", "fillingDate": "2022-02-15", "acceptedDate": "2022-02-15 16:48:14", "calendarYear": "2021", "period": "FY", "revenue": 3050149000, "costOfRevenue": 2232115000, "grossProfit": 818034000, "grossProfitRatio": 0.2681947669, "researchAndDevelopmentExpenses": 0, "generalAndAdministrativeExpenses": 100331000, "sellingAndMarketingExpenses": 170005000, "sellingGeneralAndAdministrativeExpenses": 270336000, "otherExpenses": 9053000, "operatingExpenses": 270336000, "costAndExpenses": 2502451000, "interestIncome": 0, "interestExpense": 28360000, "depreciationAndAmortization": 13976000, "ebitda": 561674000, "ebitdaratio": 0.1841464138, "operatingIncome": 547698000, "operatingIncomeRatio": 0.1795643426, "totalOtherIncomeExpensesNet": -4923000, "incomeBeforeTax": 542775000, "incomeBeforeTaxRatio": 0.1779503231, "incomeTaxExpense": 113130000, "netIncome": 429645000, "netIncomeRatio": 0.1408603317, "eps": 17.46, "epsdiluted": 17.25, "weightedAverageShsOut": 24607231, "weightedAverageShsOutDil": 24908991, "link": "https://www.sec.gov/Archives/edgar/data/1580670/000158067022000023/0001580670-22-000023-index.htm", "finalLink": "https://www.sec.gov/Archives/edgar/data/1580670/000158067022000023/lgih-20211231.htm", "calculatedOtherExpenses": 0, "calculatedOperatingExpenses": 270336000, "calculatedNetInterest": -28360000, "calculatedOtherIncome": 23437000, "calculatedIncomeNonControlling": 0, "calculatedEbitda": 561674000}, {"date": "2020-12-31", "symbol": "LGIH", "reportedCurrency": "USD", "cik": "0001580670", "fillingDate": "2021-02-25", "acceptedDate": "2021-02-25 16:34:20", "calendarYear": "2020", "period": "FY", "revenue": 2367929000, "costOfRevenue": 1764832000, "grossProfit": 603097000, "grossProfitRatio": 0.2546938696, "researchAndDevelopmentExpenses": 0, "generalAndAdministrativeExpenses": 90021000, "sellingAndMarketingExpenses": 148366000, "sellingGeneralAndAdministrativeExpenses": 238387000, "otherExpenses": 3139000, "operatingExpenses": 238387000, "costAndExpenses": 2003219000, "interestIncome": 0, "interestExpense": 37285000, "depreciationAndAmortization": 710000, "ebitda": 364710000, "ebitdaratio": 0.1540206653, "operatingIncome": 364710000, "operatingIncomeRatio": 0.1540206653, "totalOtherIncomeExpensesNet": 3139000, "incomeBeforeTax": 367849000, "incomeBeforeTaxRatio": 0.1553462963, "incomeTaxExpense": 43954000, "netIncome": 323895000, "netIncomeRatio": 0.1367840843, "eps": 12.89, "epsdiluted": 12.76, "weightedAverageShsOut": 25135077, "weightedAverageShsOutDil": 25380560, "link": "https://www.sec.gov/Archives/edgar/data/1580670/000158067021000020/0001580670-21-000020-index.htm", "finalLink": "https://www.sec.gov/Archives/edgar/data/1580670/000158067021000020/lgih-20201231.htm", "calculatedOtherExpenses": 0, "calculatedOperatingExpenses": 238387000, "calculatedNetInterest": -37285000, "calculatedOtherIncome": 40424000, "calculatedIncomeNonControlling": 0, "calculatedEbitda": 365420000}, {"date": "2019-12-31", "symbol": "LGIH", "reportedCurrency": "USD", "cik": "0001580670", "fillingDate": "2020-02-25", "acceptedDate": "2020-02-25 16:56:22", "calendarYear": "2019", "period": "FY", "revenue": 1838154000, "costOfRevenue": 1401675000, "grossProfit": 436479000, "grossProfitRatio": 0.2374550772, "researchAndDevelopmentExpenses": 0, "generalAndAdministrativeExpenses": 77380000, "sellingAndMarketingExpenses": 131561000, "sellingGeneralAndAdministrativeExpenses": 208941000, "otherExpenses": 4463000, "operatingExpenses": 208941000, "costAndExpenses": 1610616000, "interestIncome": 0, "interestExpense": 45555000, "depreciationAndAmortization": 169000, "ebitda": 227707000, "ebitdaratio": 0.1238780864, "operatingIncome": 227538000, "operatingIncomeRatio": 0.1237861463, "totalOtherIncomeExpensesNet": 4294000, "incomeBeforeTax": 231832000, "incomeBeforeTaxRatio": 0.1261221856, "incomeTaxExpense": 53224000, "netIncome": 178608000, "netIncomeRatio": 0.0971670491, "eps": 7.7, "epsdiluted": 7.02, "weightedAverageShsOut": 23191595, "weightedAverageShsOutDil": 25430841, "link": "https://www.sec.gov/Archives/edgar/data/1580670/000158067020000017/0001580670-20-000017-index.htm", "finalLink": "https://www.sec.gov/Archives/edgar/data/1580670/000158067020000017/a12311910k.htm", "calculatedOtherExpenses": 0, "calculatedOperatingExpenses": 208941000, "calculatedNetInterest": -45555000, "calculatedOtherIncome": 49849000, "calculatedIncomeNonControlling": 0, "calculatedEbitda": 227707000}, {"date": "2018-12-31", "symbol": "LGIH", "reportedCurrency": "USD", "cik": "0001580670", "fillingDate": "2019-02-26", "acceptedDate": "2019-02-26 17:13:50", "calendarYear": "2018", "period": "FY", "revenue": 1504400000, "costOfRevenue": 1124484000, "grossProfit": 379916000, "grossProfitRatio": 0.2525365594, "researchAndDevelopmentExpenses": 0, "generalAndAdministrativeExpenses": 70345000, "sellingAndMarketingExpenses": 109460000, "sellingGeneralAndAdministrativeExpenses": 179805000, "otherExpenses": 2586000, "operatingExpenses": 179805000, "costAndExpenses": 1304289000, "interestIncome": 0, "interestExpense": 0, "depreciationAndAmortization": 711000, "ebitda": 203710000, "ebitdaratio": 0.1354094656, "operatingIncome": 200111000, "operatingIncomeRatio": 0.1330171497, "totalOtherIncomeExpensesNet": -1013000, "incomeBeforeTax": 199098000, "incomeBeforeTaxRatio": 0.1323437915, "incomeTaxExpense": 43812000, "netIncome": 155286000, "netIncomeRatio": 0.1032212178, "eps": 6.24, "epsdiluted": 6.24, "weightedAverageShsOut": 24885576, "weightedAverageShsOutDil": 24892274, "link": "https://www.sec.gov/Archives/edgar/data/1580670/000158067019000022/0001580670-19-000022-index.htm", "finalLink": "https://www.sec.gov/Archives/edgar/data/1580670/000158067019000022/a12311810k.htm", "calculatedOtherExpenses": 0, "calculatedOperatingExpenses": 179805000, "calculatedNetInterest": 0, "calculatedOtherIncome": -1013000, "calculatedIncomeNonControlling": 0, "calculatedEbitda": 200822000}, {"date": "2017-12-31", "symbol": "LGIH", "reportedCurrency": "USD", "cik": "0001580670", "fillingDate": "2018-02-27", "acceptedDate": "2018-02-27 17:24:41", "calendarYear": "2017", "period": "FY", "revenue": 1257960000, "costOfRevenue": 937540000, "grossProfit": 320420000, "grossProfitRatio": 0.2547139814, "researchAndDevelopmentExpenses": 0, "generalAndAdministrativeExpenses": 55662000, "sellingAndMarketingExpenses": 94957000, "sellingGeneralAndAdministrativeExpenses": 150619000, "otherExpenses": 1601000, "operatingExpenses": 150619000, "costAndExpenses": 1088159000, "interestIncome": 0, "interestExpense": 0, "depreciationAndAmortization": 791000, "ebitda": 169801000, "ebitdaratio": 0.1349812395, "operatingIncome": 169801000, "operatingIncomeRatio": 0.1349812395, "totalOtherIncomeExpensesNet": 1601000, "incomeBeforeTax": 171402000, "incomeBeforeTaxRatio": 0.1362539349, "incomeTaxExpense": 58096000, "netIncome": 113306000, "netIncomeRatio": 0.0900712264, "eps": 5.24, "epsdiluted": 4.73, "weightedAverageShsOut": 21604932, "weightedAverageShsOutDil": 23933122, "link": "https://www.sec.gov/Archives/edgar/data/1580670/000158067018000011/0001580670-18-000011-index.htm", "finalLink": "https://www.sec.gov/Archives/edgar/data/1580670/000158067018000011/a12311710k.htm", "calculatedOtherExpenses": 0, "calculatedOperatingExpenses": 150619000, "calculatedNetInterest": 0, "calculatedOtherIncome": 1601000, "calculatedIncomeNonControlling": 0, "calculatedEbitda": 170592000}, {"date": "2016-12-31", "symbol": "LGIH", "reportedCurrency": "USD", "cik": "0001580670", "fillingDate": "2017-03-07", "acceptedDate": "2017-03-07 17:02:42", "calendarYear": "2016", "period": "FY", "revenue": 838320000, "costOfRevenue": 616707000, "grossProfit": 221613000, "grossProfitRatio": 0.2643537074, "researchAndDevelopmentExpenses": 0, "generalAndAdministrativeExpenses": 43158000, "sellingAndMarketingExpenses": 66984000, "sellingGeneralAndAdministrativeExpenses": 110142000, "otherExpenses": 2201000, "operatingExpenses": 110142000, "costAndExpenses": 726849000, "interestIncome": 0, "interestExpense": 0, "depreciationAndAmortization": 1089000, "ebitda": 111471000, "ebitdaratio": 0.1329695104, "operatingIncome": 111471000, "operatingIncomeRatio": 0.1329695104, "totalOtherIncomeExpensesNet": 2201000, "incomeBeforeTax": 113672000, "incomeBeforeTaxRatio": 0.1355949995, "incomeTaxExpense": 38641000, "netIncome": 75031000, "netIncomeRatio": 0.0895016223, "eps": 3.61, "epsdiluted": 3.41, "weightedAverageShsOut": 20798333, "weightedAverageShsOutDil": 22024091, "link": "https://www.sec.gov/Archives/edgar/data/1580670/000158067017000017/0001580670-17-000017-index.htm", "finalLink": "https://www.sec.gov/Archives/edgar/data/1580670/000158067017000017/a12311610k.htm", "calculatedOtherExpenses": 0, "calculatedOperatingExpenses": 110142000, "calculatedNetInterest": 0, "calculatedOtherIncome": 2201000, "calculatedIncomeNonControlling": 0, "calculatedEbitda": 112560000}, {"date": "2015-12-31", "symbol": "LGIH", "reportedCurrency": "USD", "cik": "0001580670", "fillingDate": "2016-03-09", "acceptedDate": "2016-03-09 17:16:23", "calendarYear": "2015", "period": "FY", "revenue": 630236000, "costOfRevenue": 463304000, "grossProfit": 166932000, "grossProfitRatio": 0.2648722066, "researchAndDevelopmentExpenses": 0, "generalAndAdministrativeExpenses": 34260000, "sellingAndMarketingExpenses": 52998000, "sellingGeneralAndAdministrativeExpenses": 87258000, "otherExpenses": 606000, "operatingExpenses": 87258000, "costAndExpenses": 550562000, "interestIncome": 0, "interestExpense": 0, "depreciationAndAmortization": 883000, "ebitda": 79674000, "ebitdaratio": 0.1264193096, "operatingIncome": 79674000, "operatingIncomeRatio": 0.1264193096, "totalOtherIncomeExpensesNet": 606000, "incomeBeforeTax": 80280000, "incomeBeforeTaxRatio": 0.1273808542, "incomeTaxExpense": 27450000, "netIncome": 52830000, "netIncomeRatio": 0.0838257415, "eps": 2.65, "epsdiluted": 2.44, "weightedAverageShsOut": 19939761, "weightedAverageShsOutDil": 21740719, "link": "https://www.sec.gov/Archives/edgar/data/1580670/000158067016000172/0001580670-16-000172-index.htm", "finalLink": "https://www.sec.gov/Archives/edgar/data/1580670/000158067016000172/lgih12311510k.htm", "calculatedOtherExpenses": 0, "calculatedOperatingExpenses": 87258000, "calculatedNetInterest": 0, "calculatedOtherIncome": 606000, "calculatedIncomeNonControlling": 0, "calculatedEbitda": 80557000}, {"date": "2014-12-31", "symbol": "LGIH", "reportedCurrency": "USD", "cik": "0001580670", "fillingDate": "2015-03-13", "acceptedDate": "2015-03-12 18:04:29", "calendarYear": "2014", "period": "FY", "revenue": 383268000, "costOfRevenue": 280481000, "grossProfit": 102787000, "grossProfitRatio": 0.2681857082, "researchAndDevelopmentExpenses": 0, "generalAndAdministrativeExpenses": 23744000, "sellingAndMarketingExpenses": 36672000, "sellingGeneralAndAdministrativeExpenses": 60416000, "otherExpenses": 708000, "operatingExpenses": 60416000, "costAndExpenses": 340897000, "interestIncome": 0, "interestExpense": 51000, "depreciationAndAmortization": 825000, "ebitda": 43079000, "ebitdaratio": 0.1123991567, "operatingIncome": 42371000, "operatingIncomeRatio": 0.1105518854, "totalOtherIncomeExpensesNet": 708000, "incomeBeforeTax": 43079000, "incomeBeforeTaxRatio": 0.1123991567, "incomeTaxExpense": 14868000, "netIncome": 28211000, "netIncomeRatio": 0.0736064581, "eps": 1.37, "epsdiluted": 1.33, "weightedAverageShsOut": 20666758, "weightedAverageShsOutDil": 21202967, "link": "https://www.sec.gov/Archives/edgar/data/1580670/000158067015000023/0001580670-15-000023-index.htm", "finalLink": "https://www.sec.gov/Archives/edgar/data/1580670/000158067015000023/lgih12311410k.htm", "calculatedOtherExpenses": 0, "calculatedOperatingExpenses": 60416000, "calculatedNetInterest": -51000, "calculatedOtherIncome": 759000, "calculatedIncomeNonControlling": 0, "calculatedEbitda": 43196000}, {"date": "2013-12-31", "symbol": "LGIH", "reportedCurrency": "USD", "cik": "0001580670", "fillingDate": "2014-03-31", "acceptedDate": "2014-03-31 17:14:47", "calendarYear": "2013", "period": "FY", "revenue": 162796000, "costOfRevenue": 121326000, "grossProfit": 41470000, "grossProfitRatio": 0.2547359886, "researchAndDevelopmentExpenses": 0, "generalAndAdministrativeExpenses": 13604000, "sellingAndMarketingExpenses": 15769000, "sellingGeneralAndAdministrativeExpenses": 29373000, "otherExpenses": 24000, "operatingExpenses": 29373000, "costAndExpenses": 150699000, "interestIncome": 0, "interestExpense": 51000, "depreciationAndAmortization": 291611, "ebitda": 12097000, "ebitdaratio": 0.0743077225, "operatingIncome": 16384000, "operatingIncomeRatio": 0.1006412934, "totalOtherIncomeExpensesNet": 10757000, "incomeBeforeTax": 22803000, "incomeBeforeTaxRatio": 0.1400710091, "incomeTaxExpense": 1066000, "netIncome": 22327000, "netIncomeRatio": 0.1371471044, "eps": 1.08, "epsdiluted": 1.08, "weightedAverageShsOut": 20763449, "weightedAverageShsOutDil": 20763449, "link": "https://www.sec.gov/Archives/edgar/data/1580670/000144530514001234/0001445305-14-001234-index.htm", "finalLink": "https://www.sec.gov/Archives/edgar/data/1580670/000144530514001234/lgih12311310k.htm", "calculatedOtherExpenses": -4287000, "calculatedOperatingExpenses": 25086000, "calculatedNetInterest": -51000, "calculatedOtherIncome": 6470000, "calculatedIncomeNonControlling": -590000, "calculatedEbitda": 16675611}, {"date": "2012-12-31", "symbol": "LGIH", "reportedCurrency": "USD", "cik": "0001580670", "fillingDate": "2012-12-31", "acceptedDate": "2012-12-30 19:00:00", "calendarYear": "2012", "period": "FY", "revenue": 76221041, "costOfRevenue": 54530971, "grossProfit": 21690070, "grossProfitRatio": 0.2845680106, "researchAndDevelopmentExpenses": 0, "generalAndAdministrativeExpenses": 6096114, "sellingAndMarketingExpenses": 7269331, "sellingGeneralAndAdministrativeExpenses": 13365445, "otherExpenses": 172785, "operatingExpenses": 13365445, "costAndExpenses": 67896416, "interestIncome": 0, "interestExpense": 1234, "depreciationAndAmortization": 185120, "ebitda": 10208994, "ebitdaratio": 0.1339393147, "operatingIncome": 9851089, "operatingIncomeRatio": 0.1292436953, "totalOtherIncomeExpensesNet": 1699249, "incomeBeforeTax": 10022640, "incomeBeforeTaxRatio": 0.1314943993, "incomeTaxExpense": 154542, "netIncome": 9705129, "netIncomeRatio": 0.1273287385, "eps": 1.3, "epsdiluted": 1.3, "weightedAverageShsOut": 7477000, "weightedAverageShsOutDil": 7477000, "link": "", "finalLink": "", "calculatedOtherExpenses": -1526464, "calculatedOperatingExpenses": 11838981, "calculatedNetInterest": -1234, "calculatedOtherIncome": 172785, "calculatedIncomeNonControlling": 162969, "calculatedEbitda": 10036209}, {"date": "2011-12-31", "symbol": "LGIH", "reportedCurrency": "USD", "cik": "0001580670", "fillingDate": "2011-12-31", "acceptedDate": "2011-12-30 19:00:00", "calendarYear": "2011", "period": "FY", "revenue": 50456159, "costOfRevenue": 36699505, "grossProfit": 13756654, "grossProfitRatio": 0.2726456843, "researchAndDevelopmentExpenses": 0, "generalAndAdministrativeExpenses": 5125331, "sellingAndMarketingExpenses": 4884310, "sellingGeneralAndAdministrativeExpenses": 10009641, "otherExpenses": 203677, "operatingExpenses": 10009641, "costAndExpenses": 46709146, "interestIncome": 0, "interestExpense": 28152, "depreciationAndAmortization": 79747, "ebitda": 4745195, "ebitdaratio": 0.0940459023, "operatingIncome": 4461771, "operatingIncomeRatio": 0.0884286693, "totalOtherIncomeExpensesNet": 918435, "incomeBeforeTax": 4637296, "incomeBeforeTaxRatio": 0.091907432, "incomeTaxExpense": 124891, "netIncome": 3350419, "netIncomeRatio": 0.0664025773, "eps": 0.45, "epsdiluted": 0.45, "weightedAverageShsOut": 7477000, "weightedAverageShsOutDil": 7477000, "link": "", "finalLink": "", "calculatedOtherExpenses": -714758, "calculatedOperatingExpenses": 9294883, "calculatedNetInterest": -28152, "calculatedOtherIncome": 203677, "calculatedIncomeNonControlling": 1161986, "calculatedEbitda": 4541518}]}