{"originalCurrency": "USD", "convertedCurrency": "USD", "report": [{"date": "2023-12-31", "symbol": "LH", "reportedCurrency": "USD", "cik": "0000920148", "fillingDate": "2024-02-26", "acceptedDate": "2024-02-26 15:35:03", "calendarYear": "2023", "period": "FY", "revenue": 12161600000, "costOfRevenue": 9016500000, "grossProfit": 3145100000, "grossProfitRatio": 0.2586090646, "researchAndDevelopmentExpenses": 2000000, "generalAndAdministrativeExpenses": 0, "sellingAndMarketingExpenses": 0, "sellingGeneralAndAdministrativeExpenses": 2021400000, "otherExpenses": 15500000, "operatingExpenses": 2021400000, "costAndExpenses": 11037900000, "interestIncome": 28800000, "interestExpense": 199600000, "depreciationAndAmortization": 580900000, "ebitda": 1704600000, "ebitdaratio": 0.1401624786, "operatingIncome": 1123700000, "operatingIncomeRatio": 0.0923973819, "totalOtherIncomeExpensesNet": -554800000, "incomeBeforeTax": 568900000, "incomeBeforeTaxRatio": 0.0467783844, "incomeTaxExpense": 188500000, "netIncome": 418000000, "netIncomeRatio": 0.0343704776, "eps": 4.8, "epsdiluted": 4.77, "weightedAverageShsOut": 87100000, "weightedAverageShsOutDil": 87600000, "link": "https://www.sec.gov/Archives/edgar/data/920148/000092014824000014/0000920148-24-000014-index.htm", "finalLink": "https://www.sec.gov/Archives/edgar/data/920148/000092014824000014/lh-20231231.htm", "calculatedOtherExpenses": -2000000, "calculatedOperatingExpenses": 2021400000, "calculatedNetInterest": -170800000, "calculatedOtherIncome": -384000000, "calculatedIncomeNonControlling": -37600000, "calculatedEbitda": 1704600000}, {"date": "2022-12-31", "symbol": "LH", "reportedCurrency": "USD", "cik": "0000920148", "fillingDate": "2023-02-28", "acceptedDate": "2023-02-28 14:06:04", "calendarYear": "2022", "period": "FY", "revenue": 14876800000, "costOfRevenue": 10491700000, "grossProfit": 4385100000, "grossProfitRatio": 0.2947609701, "researchAndDevelopmentExpenses": 0, "generalAndAdministrativeExpenses": 0, "sellingAndMarketingExpenses": 0, "sellingGeneralAndAdministrativeExpenses": 1996600000, "otherExpenses": 259300000, "operatingExpenses": 2255900000, "costAndExpenses": 12747600000, "interestIncome": 8900000, "interestExpense": 180300000, "depreciationAndAmortization": 969300000, "ebitda": 2743200000, "ebitdaratio": 0.1843944934, "operatingIncome": 1773900000, "operatingIncomeRatio": 0.1192393525, "totalOtherIncomeExpensesNet": -191300000, "incomeBeforeTax": 1582600000, "incomeBeforeTaxRatio": 0.1063804044, "incomeTaxExpense": 302000000, "netIncome": 1279100000, "netIncomeRatio": 0.0859795117, "eps": 14.04, "epsdiluted": 13.96, "weightedAverageShsOut": 91100000, "weightedAverageShsOutDil": 91600000, "link": "https://www.sec.gov/Archives/edgar/data/920148/000092014823000017/0000920148-23-000017-index.htm", "finalLink": "https://www.sec.gov/Archives/edgar/data/920148/000092014823000017/lh-20221231.htm", "calculatedOtherExpenses": 614600000, "calculatedOperatingExpenses": 2611200000, "calculatedNetInterest": -171400000, "calculatedOtherIncome": -19900000, "calculatedIncomeNonControlling": 1500000, "calculatedEbitda": 2743200000}, {"date": "2021-12-31", "symbol": "LH", "reportedCurrency": "USD", "cik": "0000920148", "fillingDate": "2022-02-25", "acceptedDate": "2022-02-25 14:26:04", "calendarYear": "2021", "period": "FY", "revenue": 16120900000, "costOfRevenue": 10496600000, "grossProfit": 5624300000, "grossProfitRatio": 0.3488825066, "researchAndDevelopmentExpenses": 0, "generalAndAdministrativeExpenses": 0, "sellingAndMarketingExpenses": 0, "sellingGeneralAndAdministrativeExpenses": 1952100000, "otherExpenses": 369600000, "operatingExpenses": 2321700000, "costAndExpenses": 12818300000, "interestIncome": 10200000, "interestExpense": 212100000, "depreciationAndAmortization": 857200000, "ebitda": 4116700000, "ebitdaratio": 0.2553641546, "operatingIncome": 3259500000, "operatingIncomeRatio": 0.2021909447, "totalOtherIncomeExpensesNet": -132900000, "incomeBeforeTax": 3126600000, "incomeBeforeTaxRatio": 0.1939469881, "incomeTaxExpense": 747100000, "netIncome": 2377300000, "netIncomeRatio": 0.1474669528, "eps": 24.58, "epsdiluted": 24.38, "weightedAverageShsOut": 96700000, "weightedAverageShsOutDil": 97500000, "link": "https://www.sec.gov/Archives/edgar/data/920148/000092014822000015/0000920148-22-000015-index.htm", "finalLink": "https://www.sec.gov/Archives/edgar/data/920148/000092014822000015/lh-20211231.htm", "calculatedOtherExpenses": 412700000, "calculatedOperatingExpenses": 2364800000, "calculatedNetInterest": -201900000, "calculatedOtherIncome": 69000000, "calculatedIncomeNonControlling": 2200000, "calculatedEbitda": 4116700000}, {"date": "2020-12-31", "symbol": "LH", "reportedCurrency": "USD", "cik": "0000920148", "fillingDate": "2021-02-25", "acceptedDate": "2021-02-25 15:19:26", "calendarYear": "2020", "period": "FY", "revenue": 13978500000, "costOfRevenue": 9025700000, "grossProfit": 4952800000, "grossProfitRatio": 0.354315556, "researchAndDevelopmentExpenses": 0, "generalAndAdministrativeExpenses": 0, "sellingAndMarketingExpenses": 0, "sellingGeneralAndAdministrativeExpenses": 1729300000, "otherExpenses": 275400000, "operatingExpenses": 2004700000, "costAndExpenses": 11030400000, "interestIncome": 10300000, "interestExpense": 207400000, "depreciationAndAmortization": 1098200000, "ebitda": 3543600000, "ebitdaratio": 0.2535035948, "operatingIncome": 2445400000, "operatingIncomeRatio": 0.1749400866, "totalOtherIncomeExpensesNet": -226300000, "incomeBeforeTax": 2219100000, "incomeBeforeTaxRatio": 0.1587509389, "incomeTaxExpense": 662100000, "netIncome": 1556100000, "netIncomeRatio": 0.1113209572, "eps": 15.99, "epsdiluted": 15.88, "weightedAverageShsOut": 97300000, "weightedAverageShsOutDil": 98000000, "link": "https://www.sec.gov/Archives/edgar/data/920148/000092014821000018/0000920148-21-000018-index.htm", "finalLink": "https://www.sec.gov/Archives/edgar/data/920148/000092014821000018/lh-20201231.htm", "calculatedOtherExpenses": 778100000, "calculatedOperatingExpenses": 2507400000, "calculatedNetInterest": -197100000, "calculatedOtherIncome": -29200000, "calculatedIncomeNonControlling": 900000, "calculatedEbitda": 3543600000}, {"date": "2019-12-31", "symbol": "LH", "reportedCurrency": "USD", "cik": "0000920148", "fillingDate": "2020-02-28", "acceptedDate": "2020-02-28 14:42:51", "calendarYear": "2019", "period": "FY", "revenue": 11554800000, "costOfRevenue": 8302300000, "grossProfit": 3252500000, "grossProfitRatio": 0.2814847509, "researchAndDevelopmentExpenses": 0, "generalAndAdministrativeExpenses": 0, "sellingAndMarketingExpenses": 0, "sellingGeneralAndAdministrativeExpenses": 1624500000, "otherExpenses": 243200000, "operatingExpenses": 1867700000, "costAndExpenses": 10170000000, "interestIncome": 8800000, "interestExpense": 240700000, "depreciationAndAmortization": 638400000, "ebitda": 1968600000, "ebitdaratio": 0.170370755, "operatingIncome": 1330200000, "operatingIncomeRatio": 0.1151209887, "totalOtherIncomeExpensesNet": -225300000, "incomeBeforeTax": 1104900000, "incomeBeforeTaxRatio": 0.0956225984, "incomeTaxExpense": 280000000, "netIncome": 823800000, "netIncomeRatio": 0.0712950462, "eps": 8.41, "epsdiluted": 8.36, "weightedAverageShsOut": 97900000, "weightedAverageShsOutDil": 98600000, "link": "https://www.sec.gov/Archives/edgar/data/920148/000092014820000011/0000920148-20-000011-index.htm", "finalLink": "https://www.sec.gov/Archives/edgar/data/920148/000092014820000011/lh10-k2019.htm", "calculatedOtherExpenses": 297800000, "calculatedOperatingExpenses": 1922300000, "calculatedNetInterest": -231900000, "calculatedOtherIncome": 6600000, "calculatedIncomeNonControlling": 1100000, "calculatedEbitda": 1968600000}, {"date": "2018-12-31", "symbol": "LH", "reportedCurrency": "USD", "cik": "0000920148", "fillingDate": "2019-02-28", "acceptedDate": "2019-02-28 15:06:10", "calendarYear": "2018", "period": "FY", "revenue": 11333400000, "costOfRevenue": 8157000000, "grossProfit": 3176400000, "grossProfitRatio": 0.2802689396, "researchAndDevelopmentExpenses": 0, "generalAndAdministrativeExpenses": 0, "sellingAndMarketingExpenses": 0, "sellingGeneralAndAdministrativeExpenses": 1570900000, "otherExpenses": 167700000, "operatingExpenses": 1802600000, "costAndExpenses": 9959600000, "interestIncome": 0, "interestExpense": 244200000, "depreciationAndAmortization": 552100000, "ebitda": 2105200000, "ebitdaratio": 0.1857518485, "operatingIncome": 1325700000, "operatingIncomeRatio": 0.1169728413, "totalOtherIncomeExpensesNet": 138700000, "incomeBeforeTax": 1268300000, "incomeBeforeTaxRatio": 0.1119081652, "incomeTaxExpense": 384400000, "netIncome": 883700000, "netIncomeRatio": 0.0779730707, "eps": 8.71, "epsdiluted": 8.61, "weightedAverageShsOut": 101400000, "weightedAverageShsOutDil": 102600000, "link": "https://www.sec.gov/Archives/edgar/data/920148/000092014819000033/0000920148-19-000033-index.htm", "finalLink": "https://www.sec.gov/Archives/edgar/data/920148/000092014819000033/lh10-k2018.htm", "calculatedOtherExpenses": 279800000, "calculatedOperatingExpenses": 1850700000, "calculatedNetInterest": -244200000, "calculatedOtherIncome": 186800000, "calculatedIncomeNonControlling": 200000, "calculatedEbitda": 1877800000}, {"date": "2017-12-31", "symbol": "LH", "reportedCurrency": "USD", "cik": "0000920148", "fillingDate": "2018-02-27", "acceptedDate": "2018-02-27 15:06:05", "calendarYear": "2017", "period": "FY", "revenue": 10441400000, "costOfRevenue": 6977400000, "grossProfit": 3464000000, "grossProfitRatio": 0.3317562779, "researchAndDevelopmentExpenses": 0, "generalAndAdministrativeExpenses": 0, "sellingAndMarketingExpenses": 0, "sellingGeneralAndAdministrativeExpenses": 1812400000, "otherExpenses": -7600000, "operatingExpenses": 2028900000, "costAndExpenses": 9006300000, "interestIncome": 0, "interestExpense": 235100000, "depreciationAndAmortization": 533200000, "ebitda": 1972000000, "ebitdaratio": 0.1888635624, "operatingIncome": 1364200000, "operatingIncomeRatio": 0.1306529776, "totalOtherIncomeExpensesNet": -65100000, "incomeBeforeTax": 1134900000, "incomeBeforeTaxRatio": 0.108692321, "incomeTaxExpense": -139100000, "netIncome": 1268200000, "netIncomeRatio": 0.1214588082, "eps": 12.39, "epsdiluted": 12.21, "weightedAverageShsOut": 102400000, "weightedAverageShsOutDil": 103900000, "link": "https://www.sec.gov/Archives/edgar/data/920148/000092014818000024/0000920148-18-000024-index.htm", "finalLink": "https://www.sec.gov/Archives/edgar/data/920148/000092014818000024/lh10-k2017.htm", "calculatedOtherExpenses": 287400000, "calculatedOperatingExpenses": 2099800000, "calculatedNetInterest": -235100000, "calculatedOtherIncome": 5800000, "calculatedIncomeNonControlling": 5800000, "calculatedEbitda": 1897400000}, {"date": "2016-12-31", "symbol": "LH", "reportedCurrency": "USD", "cik": "0000920148", "fillingDate": "2017-02-27", "acceptedDate": "2017-02-27 07:24:14", "calendarYear": "2016", "period": "FY", "revenue": 9641800000, "costOfRevenue": 6461300000, "grossProfit": 3180500000, "grossProfitRatio": 0.3298657927, "researchAndDevelopmentExpenses": 0, "generalAndAdministrativeExpenses": 0, "sellingAndMarketingExpenses": 0, "sellingGeneralAndAdministrativeExpenses": 1630200000, "otherExpenses": 2600000, "operatingExpenses": 1809700000, "costAndExpenses": 8271000000, "interestIncome": 0, "interestExpense": 219100000, "depreciationAndAmortization": 499200000, "ebitda": 1880500000, "ebitdaratio": 0.1950361966, "operatingIncome": 1312400000, "operatingIncomeRatio": 0.1361156631, "totalOtherIncomeExpensesNet": -46200000, "incomeBeforeTax": 1105500000, "incomeBeforeTaxRatio": 0.1146570143, "incomeTaxExpense": 372300000, "netIncome": 732100000, "netIncomeRatio": 0.0759298056, "eps": 7.14, "epsdiluted": 7.02, "weightedAverageShsOut": 102500000, "weightedAverageShsOutDil": 104300000, "link": "https://www.sec.gov/Archives/edgar/data/920148/000092014817000018/0000920148-17-000018-index.htm", "finalLink": "https://www.sec.gov/Archives/edgar/data/920148/000092014817000018/lh10-k2016.htm", "calculatedOtherExpenses": 237900000, "calculatedOperatingExpenses": 1868100000, "calculatedNetInterest": -219100000, "calculatedOtherIncome": 12200000, "calculatedIncomeNonControlling": 1100000, "calculatedEbitda": 1811600000}, {"date": "2015-12-31", "symbol": "LH", "reportedCurrency": "USD", "cik": "0000920148", "fillingDate": "2016-02-29", "acceptedDate": "2016-02-29 08:35:48", "calendarYear": "2015", "period": "FY", "revenue": 8680100000, "costOfRevenue": 5776800000, "grossProfit": 2903300000, "grossProfitRatio": 0.3344777134, "researchAndDevelopmentExpenses": 0, "generalAndAdministrativeExpenses": 0, "sellingAndMarketingExpenses": 0, "sellingGeneralAndAdministrativeExpenses": 1622000000, "otherExpenses": -7800000, "operatingExpenses": 1786500000, "costAndExpenses": 7563300000, "interestIncome": 0, "interestExpense": 274900000, "depreciationAndAmortization": 457800000, "ebitda": 1576800000, "ebitdaratio": 0.1816568934, "operatingIncome": 1002900000, "operatingIncomeRatio": 0.1155401435, "totalOtherIncomeExpensesNet": -109800000, "incomeBeforeTax": 732100000, "incomeBeforeTaxRatio": 0.0843423463, "incomeTaxExpense": 294100000, "netIncome": 436900000, "netIncomeRatio": 0.0503335215, "eps": 4.42, "epsdiluted": 4.34, "weightedAverageShsOut": 98800000, "weightedAverageShsOutDil": 100600000, "link": "https://www.sec.gov/Archives/edgar/data/920148/000092014816000162/0000920148-16-000162-index.htm", "finalLink": "https://www.sec.gov/Archives/edgar/data/920148/000092014816000162/lh10-k2015.htm", "calculatedOtherExpenses": 278400000, "calculatedOperatingExpenses": 1900400000, "calculatedNetInterest": -274900000, "calculatedOtherIncome": 4100000, "calculatedIncomeNonControlling": 1100000, "calculatedEbitda": 1460700000}, {"date": "2014-12-31", "symbol": "LH", "reportedCurrency": "USD", "cik": "0000920148", "fillingDate": "2015-02-26", "acceptedDate": "2015-02-26 17:25:15", "calendarYear": "2014", "period": "FY", "revenue": 6011600000, "costOfRevenue": 3808500000, "grossProfit": 2203100000, "grossProfitRatio": 0.3664748154, "researchAndDevelopmentExpenses": 0, "generalAndAdministrativeExpenses": 0, "sellingAndMarketingExpenses": 0, "sellingGeneralAndAdministrativeExpenses": 1198200000, "otherExpenses": 10400000, "operatingExpenses": 1274900000, "costAndExpenses": 5083400000, "interestIncome": 0, "interestExpense": 109500000, "depreciationAndAmortization": 245500000, "ebitda": 1198400000, "ebitdaratio": 0.1993479273, "operatingIncome": 910400000, "operatingIncomeRatio": 0.1514405483, "totalOtherIncomeExpensesNet": 8000000, "incomeBeforeTax": 826700000, "incomeBeforeTaxRatio": 0.1375174662, "incomeTaxExpense": 314100000, "netIncome": 511200000, "netIncomeRatio": 0.0850355978, "eps": 6.03, "epsdiluted": 5.91, "weightedAverageShsOut": 84800000, "weightedAverageShsOutDil": 86400000, "link": "https://www.sec.gov/Archives/edgar/data/920148/000092014815000020/0000920148-15-000020-index.htm", "finalLink": "https://www.sec.gov/Archives/edgar/data/920148/000092014815000020/lh10-k2014.htm", "calculatedOtherExpenses": 94500000, "calculatedOperatingExpenses": 1292700000, "calculatedNetInterest": -109500000, "calculatedOtherIncome": 25800000, "calculatedIncomeNonControlling": 1400000, "calculatedEbitda": 1155900000}, {"date": "2013-12-31", "symbol": "LH", "reportedCurrency": "USD", "cik": "0000920148", "fillingDate": "2014-02-25", "acceptedDate": "2014-02-25 15:27:12", "calendarYear": "2013", "period": "FY", "revenue": 5808300000, "costOfRevenue": 3585100000, "grossProfit": 2223200000, "grossProfitRatio": 0.3827625984, "researchAndDevelopmentExpenses": 0, "generalAndAdministrativeExpenses": 0, "sellingAndMarketingExpenses": 0, "sellingGeneralAndAdministrativeExpenses": 1128800000, "otherExpenses": 2100000, "operatingExpenses": 1210500000, "costAndExpenses": 4795600000, "interestIncome": 0, "interestExpense": 103700000, "depreciationAndAmortization": 81700000, "ebitda": 1113400000, "ebitdaratio": 0.1916912005, "operatingIncome": 990900000, "operatingIncomeRatio": 0.1706006921, "totalOtherIncomeExpensesNet": 6600000, "incomeBeforeTax": 915600000, "incomeBeforeTaxRatio": 0.1576364857, "incomeTaxExpense": 340200000, "netIncome": 573800000, "netIncomeRatio": 0.0987896631, "eps": 6.7, "epsdiluted": 6.25, "weightedAverageShsOut": 85700000, "weightedAverageShsOutDil": 91800000, "link": "https://www.sec.gov/Archives/edgar/data/920148/000092014814000021/0000920148-14-000021-index.htm", "finalLink": "https://www.sec.gov/Archives/edgar/data/920148/000092014814000021/lh10-k2013.htm", "calculatedOtherExpenses": 103500000, "calculatedOperatingExpenses": 1232300000, "calculatedNetInterest": -103700000, "calculatedOtherIncome": 28400000, "calculatedIncomeNonControlling": 1600000, "calculatedEbitda": 1072600000}, {"date": "2012-12-31", "symbol": "LH", "reportedCurrency": "USD", "cik": "0000920148", "fillingDate": "2013-02-26", "acceptedDate": "2013-02-26 13:25:55", "calendarYear": "2012", "period": "FY", "revenue": 5671400000, "costOfRevenue": 3421700000, "grossProfit": 2249700000, "grossProfitRatio": 0.3966745424, "researchAndDevelopmentExpenses": 0, "generalAndAdministrativeExpenses": 0, "sellingAndMarketingExpenses": 0, "sellingGeneralAndAdministrativeExpenses": 1114600000, "otherExpenses": -7200000, "operatingExpenses": 1200900000, "costAndExpenses": 4622600000, "interestIncome": 0, "interestExpense": 94500000, "depreciationAndAmortization": 86300000, "ebitda": 1149300000, "ebitdaratio": 0.2026483761, "operatingIncome": 1023500000, "operatingIncomeRatio": 0.1804669041, "totalOtherIncomeExpensesNet": -10100000, "incomeBeforeTax": 944200000, "incomeBeforeTaxRatio": 0.1664844659, "incomeTaxExpense": 359400000, "netIncome": 583100000, "netIncomeRatio": 0.10281412, "eps": 6.24, "epsdiluted": 5.99, "weightedAverageShsOut": 93500000, "weightedAverageShsOutDil": 97400000, "link": "https://www.sec.gov/Archives/edgar/data/920148/000092014813000022/0000920148-13-000022-index.htm", "finalLink": "https://www.sec.gov/Archives/edgar/data/920148/000092014813000022/lh10-k2012.htm", "calculatedOtherExpenses": 111600000, "calculatedOperatingExpenses": 1226200000, "calculatedNetInterest": -94500000, "calculatedOtherIncome": 15200000, "calculatedIncomeNonControlling": 1700000, "calculatedEbitda": 1109800000}, {"date": "2011-12-31", "symbol": "LH", "reportedCurrency": "USD", "cik": "0000920148", "fillingDate": "2012-02-24", "acceptedDate": "2012-02-23 19:22:58", "calendarYear": "2011", "period": "FY", "revenue": 5542300000, "costOfRevenue": 3267600000, "grossProfit": 2274700000, "grossProfitRatio": 0.4104252747, "researchAndDevelopmentExpenses": 0, "generalAndAdministrativeExpenses": 0, "sellingAndMarketingExpenses": 0, "sellingGeneralAndAdministrativeExpenses": 1159600000, "otherExpenses": 85800000, "operatingExpenses": 1245400000, "costAndExpenses": 4513000000, "interestIncome": 1300000, "interestExpense": 87500000, "depreciationAndAmortization": 85800000, "ebitda": 1125900000, "ebitdaratio": 0.203146708, "operatingIncome": 948400000, "operatingIncomeRatio": 0.171120293, "totalOtherIncomeExpensesNet": -77000000, "incomeBeforeTax": 866100000, "incomeBeforeTaxRatio": 0.1562708623, "incomeTaxExpense": 333000000, "netIncome": 519700000, "netIncomeRatio": 0.0937697346, "eps": 5.31, "epsdiluted": 5.11, "weightedAverageShsOut": 97800000, "weightedAverageShsOutDil": 101800000, "link": "https://www.sec.gov/Archives/edgar/data/920148/000092014812000039/0000920148-12-000039-index.htm", "finalLink": "https://www.sec.gov/Archives/edgar/data/920148/000092014812000039/lh10k2.htm", "calculatedOtherExpenses": 166700000, "calculatedOperatingExpenses": 1326300000, "calculatedNetInterest": -86200000, "calculatedOtherIncome": 3900000, "calculatedIncomeNonControlling": 13400000, "calculatedEbitda": 1034200000}, {"date": "2010-12-31", "symbol": "LH", "reportedCurrency": "USD", "cik": "0000920148", "fillingDate": "2011-03-01", "acceptedDate": "2011-03-01 17:11:32", "calendarYear": "2010", "period": "FY", "revenue": 5003900000, "costOfRevenue": 2906100000, "grossProfit": 2097800000, "grossProfitRatio": 0.4192329983, "researchAndDevelopmentExpenses": 0, "generalAndAdministrativeExpenses": 0, "sellingAndMarketingExpenses": 0, "sellingGeneralAndAdministrativeExpenses": 1034300000, "otherExpenses": 72700000, "operatingExpenses": 1107000000, "costAndExpenses": 4013100000, "interestIncome": 1100000, "interestExpense": 70000000, "depreciationAndAmortization": 72700000, "ebitda": 1075200000, "ebitdaratio": 0.2148723995, "operatingIncome": 978800000, "operatingIncomeRatio": 0.1956074262, "totalOtherIncomeExpensesNet": -16900000, "incomeBeforeTax": 915600000, "incomeBeforeTaxRatio": 0.1829772777, "incomeTaxExpense": 344000000, "netIncome": 558200000, "netIncomeRatio": 0.1115529887, "eps": 5.45, "epsdiluted": 5.29, "weightedAverageShsOut": 102400000, "weightedAverageShsOutDil": 105400000, "link": "https://www.sec.gov/Archives/edgar/data/920148/000092014811000021/0000920148-11-000021-index.htm", "finalLink": "https://www.sec.gov/Archives/edgar/data/920148/000092014811000021/labcorp10k.htm", "calculatedOtherExpenses": 84700000, "calculatedOperatingExpenses": 1119000000, "calculatedNetInterest": -68900000, "calculatedOtherIncome": 5700000, "calculatedIncomeNonControlling": 13400000, "calculatedEbitda": 1051500000}, {"date": "2009-12-31", "symbol": "LH", "reportedCurrency": "USD", "cik": "0000920148", "fillingDate": "2010-02-24", "acceptedDate": "2010-02-24 15:21:17", "calendarYear": "2009", "period": "FY", "revenue": 4694700000, "costOfRevenue": 2723800000, "grossProfit": 1970900000, "grossProfitRatio": 0.4198138326, "researchAndDevelopmentExpenses": 0, "generalAndAdministrativeExpenses": 0, "sellingAndMarketingExpenses": 0, "sellingGeneralAndAdministrativeExpenses": 958900000, "otherExpenses": 62600000, "operatingExpenses": 1021500000, "costAndExpenses": 3745300000, "interestIncome": 1600000, "interestExpense": 62900000, "depreciationAndAmortization": 62600000, "ebitda": 1027400000, "ebitdaratio": 0.2188425245, "operatingIncome": 935900000, "operatingIncomeRatio": 0.1993524613, "totalOtherIncomeExpensesNet": -17300000, "incomeBeforeTax": 884600000, "incomeBeforeTaxRatio": 0.1884252455, "incomeTaxExpense": 329000000, "netIncome": 543300000, "netIncomeRatio": 0.1157262445, "eps": 4.98, "epsdiluted": 4.98, "weightedAverageShsOut": 109100000, "weightedAverageShsOutDil": 109100000, "link": "https://www.sec.gov/Archives/edgar/data/920148/000092014810000021/0000920148-10-000021-index.htm", "finalLink": "https://www.sec.gov/Archives/edgar/data/920148/000092014810000021/labcorp10k.htm", "calculatedOtherExpenses": 76100000, "calculatedOperatingExpenses": 1035000000, "calculatedNetInterest": -61300000, "calculatedOtherIncome": 10000000, "calculatedIncomeNonControlling": 12300000, "calculatedEbitda": 998500000}, {"date": "2008-12-31", "symbol": "LH", "reportedCurrency": "USD", "cik": "0000920148", "fillingDate": "2008-12-31", "acceptedDate": "2008-12-30 19:00:00", "calendarYear": "2008", "period": "FY", "revenue": 4505200000, "costOfRevenue": 2631400000, "grossProfit": 1873800000, "grossProfitRatio": 0.415919382, "researchAndDevelopmentExpenses": 0, "generalAndAdministrativeExpenses": 0, "sellingAndMarketingExpenses": 0, "sellingGeneralAndAdministrativeExpenses": 935100000, "otherExpenses": 57900000, "operatingExpenses": 1030900000, "costAndExpenses": 3662300000, "interestIncome": 2500000, "interestExpense": 72000000, "depreciationAndAmortization": 57900000, "ebitda": 904400000, "ebitdaratio": 0.2007458048, "operatingIncome": 842900000, "operatingIncomeRatio": 0.1870949125, "totalOtherIncomeExpensesNet": -2100000, "incomeBeforeTax": 772400000, "incomeBeforeTaxRatio": 0.1714463287, "incomeTaxExpense": 307900000, "netIncome": 464500000, "netIncomeRatio": 0.1031030809, "eps": 4.6, "epsdiluted": 4.6, "weightedAverageShsOut": 111700000, "weightedAverageShsOutDil": 113200000, "link": "", "finalLink": "", "calculatedOtherExpenses": 95800000, "calculatedOperatingExpenses": 1030900000, "calculatedNetInterest": -69500000, "calculatedOtherIncome": -1000000, "calculatedIncomeNonControlling": 0, "calculatedEbitda": 900800000}, {"date": "2007-12-31", "symbol": "LH", "reportedCurrency": "USD", "cik": "0000920148", "fillingDate": "2007-12-31", "acceptedDate": "2007-12-30 19:00:00", "calendarYear": "2007", "period": "FY", "revenue": 4068200000, "costOfRevenue": 2377000000, "grossProfit": 1691200000, "grossProfitRatio": 0.4157121085, "researchAndDevelopmentExpenses": 0, "generalAndAdministrativeExpenses": 0, "sellingAndMarketingExpenses": 0, "sellingGeneralAndAdministrativeExpenses": 808700000, "otherExpenses": 54900000, "operatingExpenses": 863600000, "costAndExpenses": 3240600000, "interestIncome": 0, "interestExpense": 0, "depreciationAndAmortization": 162800000, "ebitda": 1037000000, "ebitdaratio": 0.2549038887, "operatingIncome": 777000000, "operatingIncomeRatio": 0.1909935598, "totalOtherIncomeExpensesNet": 31300000, "incomeBeforeTax": 802300000, "incomeBeforeTaxRatio": 0.1972125264, "incomeTaxExpense": 325500000, "netIncome": 476800000, "netIncomeRatio": 0.1172017108, "eps": 4.08, "epsdiluted": 3.93, "weightedAverageShsOut": 116862745, "weightedAverageShsOutDil": 121323155, "link": "", "finalLink": "", "calculatedOtherExpenses": 105500000, "calculatedOperatingExpenses": 914200000, "calculatedNetInterest": 0, "calculatedOtherIncome": 25300000, "calculatedIncomeNonControlling": 0, "calculatedEbitda": 939800000}, {"date": "2006-12-31", "symbol": "LH", "reportedCurrency": "USD", "cik": "0000920148", "fillingDate": "2007-02-27", "acceptedDate": "2007-02-27 17:21:30", "calendarYear": "2006", "period": "FY", "revenue": 3590800000, "costOfRevenue": 2061400000, "grossProfit": 1529400000, "grossProfitRatio": 0.4259218002, "researchAndDevelopmentExpenses": 0, "generalAndAdministrativeExpenses": 0, "sellingAndMarketingExpenses": 0, "sellingGeneralAndAdministrativeExpenses": 779100000, "otherExpenses": 52200000, "operatingExpenses": 831300000, "costAndExpenses": 2892700000, "interestIncome": 0, "interestExpense": -47800000, "depreciationAndAmortization": 155000000, "ebitda": 849200000, "ebitdaratio": 0.2364932606, "operatingIncome": 697100000, "operatingIncomeRatio": 0.1941350117, "totalOtherIncomeExpensesNet": 70600000, "incomeBeforeTax": 720900000, "incomeBeforeTaxRatio": 0.2007630612, "incomeTaxExpense": 289300000, "netIncome": 431600000, "netIncomeRatio": 0.1201960566, "eps": 3.48, "epsdiluted": 3.24, "weightedAverageShsOut": 124022989, "weightedAverageShsOutDil": 133209877, "link": "https://www.sec.gov/Archives/edgar/data/920148/000116923207001103/0001169232-07-001103-index.htm", "finalLink": "https://www.sec.gov/Archives/edgar/data/920148/000116923207001103/labcorp10k.htm", "calculatedOtherExpenses": 53200000, "calculatedOperatingExpenses": 832300000, "calculatedNetInterest": 47800000, "calculatedOtherIncome": -24000000, "calculatedIncomeNonControlling": 0, "calculatedEbitda": 852100000}, {"date": "2005-12-31", "symbol": "LH", "reportedCurrency": "USD", "cik": "0000920148", "fillingDate": "2005-12-31", "acceptedDate": "2005-12-30 19:00:00", "calendarYear": "2005", "period": "FY", "revenue": 3327600000, "costOfRevenue": 1937300000, "grossProfit": 1390300000, "grossProfitRatio": 0.4178086308, "researchAndDevelopmentExpenses": 0, "generalAndAdministrativeExpenses": 0, "sellingAndMarketingExpenses": 0, "sellingGeneralAndAdministrativeExpenses": 703900000, "otherExpenses": 51400000, "operatingExpenses": 755300000, "costAndExpenses": 2692600000, "interestIncome": 0, "interestExpense": 0, "depreciationAndAmortization": 149800000, "ebitda": 803000000, "ebitdaratio": 0.2413150619, "operatingIncome": 618100000, "operatingIncomeRatio": 0.1857494891, "totalOtherIncomeExpensesNet": 40100000, "incomeBeforeTax": 640700000, "incomeBeforeTaxRatio": 0.1925411708, "incomeTaxExpense": 254500000, "netIncome": 386200000, "netIncomeRatio": 0.1160596226, "eps": 2.89, "epsdiluted": 2.71, "weightedAverageShsOut": 133633218, "weightedAverageShsOutDil": 142509225, "link": "", "finalLink": "", "calculatedOtherExpenses": 68300000, "calculatedOperatingExpenses": 772200000, "calculatedNetInterest": 0, "calculatedOtherIncome": 22600000, "calculatedIncomeNonControlling": 0, "calculatedEbitda": 767900000}, {"date": "2004-12-31", "symbol": "LH", "reportedCurrency": "USD", "cik": "0000920148", "fillingDate": "2004-12-31", "acceptedDate": "2004-12-30 19:00:00", "calendarYear": "2004", "period": "FY", "revenue": 3084800000, "costOfRevenue": 1795500000, "grossProfit": 1289300000, "grossProfitRatio": 0.4179525415, "researchAndDevelopmentExpenses": 0, "generalAndAdministrativeExpenses": 0, "sellingAndMarketingExpenses": 0, "sellingGeneralAndAdministrativeExpenses": 649100000, "otherExpenses": 42700000, "operatingExpenses": 691800000, "costAndExpenses": 2487300000, "interestIncome": 0, "interestExpense": 0, "depreciationAndAmortization": 138800000, "ebitda": 733700000, "ebitdaratio": 0.2378436203, "operatingIncome": 598400000, "operatingIncomeRatio": 0.1939834025, "totalOtherIncomeExpensesNet": 53900000, "incomeBeforeTax": 615300000, "incomeBeforeTaxRatio": 0.1994618776, "incomeTaxExpense": 252300000, "netIncome": 363000000, "netIncomeRatio": 0.1176737552, "eps": 2.6, "epsdiluted": 2.45, "weightedAverageShsOut": 139615385, "weightedAverageShsOutDil": 148163265, "link": "", "finalLink": "", "calculatedOtherExpenses": 41800000, "calculatedOperatingExpenses": 690900000, "calculatedNetInterest": 0, "calculatedOtherIncome": 16900000, "calculatedIncomeNonControlling": 0, "calculatedEbitda": 737200000}, {"date": "2003-12-31", "symbol": "LH", "reportedCurrency": "USD", "cik": "0000920148", "fillingDate": "2003-12-31", "acceptedDate": "2003-12-30 19:00:00", "calendarYear": "2003", "period": "FY", "revenue": 2939400000, "costOfRevenue": 1714800000, "grossProfit": 1224600000, "grossProfitRatio": 0.4166156358, "researchAndDevelopmentExpenses": 0, "generalAndAdministrativeExpenses": 0, "sellingAndMarketingExpenses": 0, "sellingGeneralAndAdministrativeExpenses": 651800000, "otherExpenses": 37600000, "operatingExpenses": 689400000, "costAndExpenses": 2404200000, "interestIncome": 0, "interestExpense": 0, "depreciationAndAmortization": 135600000, "ebitda": 668400000, "ebitdaratio": 0.2273933456, "operatingIncome": 533700000, "operatingIncomeRatio": 0.1815676669, "totalOtherIncomeExpensesNet": 46100000, "incomeBeforeTax": 540400000, "incomeBeforeTaxRatio": 0.1838470436, "incomeTaxExpense": 219400000, "netIncome": 321000000, "netIncomeRatio": 0.1092059604, "eps": 2.23, "epsdiluted": 2.11, "weightedAverageShsOut": 143946188, "weightedAverageShsOutDil": 152132701, "link": "", "finalLink": "", "calculatedOtherExpenses": 39100000, "calculatedOperatingExpenses": 690900000, "calculatedNetInterest": 0, "calculatedOtherIncome": 6700000, "calculatedIncomeNonControlling": 0, "calculatedEbitda": 669300000}, {"date": "2002-12-31", "symbol": "LH", "reportedCurrency": "USD", "cik": "0000920148", "fillingDate": "2003-03-28", "acceptedDate": "2003-03-28 13:55:02", "calendarYear": "2002", "period": "FY", "revenue": 2507700000, "costOfRevenue": 1445900000, "grossProfit": 1061800000, "grossProfitRatio": 0.4234158791, "researchAndDevelopmentExpenses": 0, "generalAndAdministrativeExpenses": 0, "sellingAndMarketingExpenses": 0, "sellingGeneralAndAdministrativeExpenses": 585500000, "otherExpenses": 23800000, "operatingExpenses": 609300000, "costAndExpenses": 2055200000, "interestIncome": 0, "interestExpense": 0, "depreciationAndAmortization": 101800000, "ebitda": 572400000, "ebitdaratio": 0.2282569685, "operatingIncome": 435000000, "operatingIncomeRatio": 0.1734657256, "totalOtherIncomeExpensesNet": -4700000, "incomeBeforeTax": 432300000, "incomeBeforeTaxRatio": 0.1723890418, "incomeTaxExpense": 177700000, "netIncome": 254600000, "netIncomeRatio": 0.1015272959, "eps": 1.78, "epsdiluted": 1.77, "weightedAverageShsOut": 143033708, "weightedAverageShsOutDil": 143841808, "link": "https://www.sec.gov/Archives/edgar/data/920148/000092014803000070/0000920148-03-000070-index.htm", "finalLink": "https://www.sec.gov/Archives/edgar/data/920148/000092014803000070/finaledgar10k02.txt", "calculatedOtherExpenses": 41300000, "calculatedOperatingExpenses": 626800000, "calculatedNetInterest": 0, "calculatedOtherIncome": -2700000, "calculatedIncomeNonControlling": 0, "calculatedEbitda": 536800000}, {"date": "2001-12-31", "symbol": "LH", "reportedCurrency": "USD", "cik": "0000920148", "fillingDate": "2002-03-18", "acceptedDate": "2002-03-18 00:00:00", "calendarYear": "2001", "period": "FY", "revenue": 2199800000, "costOfRevenue": 1274200000, "grossProfit": 925600000, "grossProfitRatio": 0.4207655241, "researchAndDevelopmentExpenses": 0, "generalAndAdministrativeExpenses": 516500000, "sellingAndMarketingExpenses": 0, "sellingGeneralAndAdministrativeExpenses": 516500000, "otherExpenses": 41500000, "operatingExpenses": 558000000, "costAndExpenses": 1832200000, "interestIncome": 0, "interestExpense": 0, "depreciationAndAmortization": 104000000, "ebitda": 479900000, "ebitdaratio": 0.218156196, "operatingIncome": 367600000, "operatingIncomeRatio": 0.1671061006, "totalOtherIncomeExpensesNet": -8300000, "incomeBeforeTax": 332300000, "incomeBeforeTaxRatio": 0.1510591872, "incomeTaxExpense": 149600000, "netIncome": 179500000, "netIncomeRatio": 0.0815983271, "eps": 1.29, "epsdiluted": 1.27, "weightedAverageShsOut": 139147287, "weightedAverageShsOutDil": 141338583, "link": "https://www.sec.gov/Archives/edgar/data/920148/000092014802000015/0000920148-02-000015-index.htm", "finalLink": "https://www.sec.gov/Archives/edgar/data/920148/000092014802000015/edgarfinal10k.txt", "calculatedOtherExpenses": 41500000, "calculatedOperatingExpenses": 558000000, "calculatedNetInterest": 0, "calculatedOtherIncome": -35300000, "calculatedIncomeNonControlling": 3200000, "calculatedEbitda": 471600000}, {"date": "2000-12-31", "symbol": "LH", "reportedCurrency": "USD", "cik": "0000920148", "fillingDate": "2001-03-09", "acceptedDate": "2001-03-09 00:00:00", "calendarYear": "2000", "period": "FY", "revenue": 1919300000, "costOfRevenue": 1096600000, "grossProfit": 822700000, "grossProfitRatio": 0.4286458605, "researchAndDevelopmentExpenses": 0, "generalAndAdministrativeExpenses": 483000000, "sellingAndMarketingExpenses": 0, "sellingGeneralAndAdministrativeExpenses": 483000000, "otherExpenses": 89600000, "operatingExpenses": 572600000, "costAndExpenses": 1669200000, "interestIncome": 0, "interestExpense": 0, "depreciationAndAmortization": 89600000, "ebitda": 343700000, "ebitdaratio": 0.1790757047, "operatingIncome": 250100000, "operatingIncomeRatio": 0.1303079248, "totalOtherIncomeExpensesNet": -4000000, "incomeBeforeTax": 207600000, "incomeBeforeTaxRatio": 0.108164435, "incomeTaxExpense": 95500000, "netIncome": 112100000, "netIncomeRatio": 0.0584067108, "eps": 0.83, "epsdiluted": 0.81, "weightedAverageShsOut": 52459016, "weightedAverageShsOutDil": 56140351, "link": "https://www.sec.gov/Archives/edgar/data/920148/000092014801000003/0000920148-01-000003-index.htm", "finalLink": "https://www.sec.gov/Archives/edgar/data/920148/000092014801000003/0000920148-01-000003-0001.txt", "calculatedOtherExpenses": 89600000, "calculatedOperatingExpenses": 572600000, "calculatedNetInterest": 0, "calculatedOtherIncome": -42500000, "calculatedIncomeNonControlling": 0, "calculatedEbitda": 339700000}, {"date": "1999-12-31", "symbol": "LH", "reportedCurrency": "USD", "cik": "0000920148", "fillingDate": "2000-03-17", "acceptedDate": "2000-03-17 00:00:00", "calendarYear": "1999", "period": "FY", "revenue": 1698700000, "costOfRevenue": 1016300000, "grossProfit": 682400000, "grossProfitRatio": 0.4017189616, "researchAndDevelopmentExpenses": 0, "generalAndAdministrativeExpenses": 448200000, "sellingAndMarketingExpenses": 0, "sellingGeneralAndAdministrativeExpenses": 448200000, "otherExpenses": 84500000, "operatingExpenses": 532700000, "costAndExpenses": 1549000000, "interestIncome": 0, "interestExpense": 0, "depreciationAndAmortization": 84500000, "ebitda": 236800000, "ebitdaratio": 0.1394007182, "operatingIncome": 149700000, "operatingIncomeRatio": 0.0881262142, "totalOtherIncomeExpensesNet": -2600000, "incomeBeforeTax": 105500000, "incomeBeforeTaxRatio": 0.0621063166, "incomeTaxExpense": 40100000, "netIncome": 65400000, "netIncomeRatio": 0.0385000294, "eps": 0.3, "epsdiluted": 0.29, "weightedAverageShsOut": 53559322, "weightedAverageShsOutDil": 54482759, "link": "https://www.sec.gov/Archives/edgar/data/920148/000092014800000009/0000920148-00-000009-index.html", "finalLink": "https://www.sec.gov/Archives/edgar/data/920148/000092014800000009/", "calculatedOtherExpenses": 84500000, "calculatedOperatingExpenses": 532700000, "calculatedNetInterest": 0, "calculatedOtherIncome": -44200000, "calculatedIncomeNonControlling": 0, "calculatedEbitda": 234200000}, {"date": "1998-12-31", "symbol": "LH", "reportedCurrency": "USD", "cik": "0000920148", "fillingDate": "1999-03-11", "acceptedDate": "1999-03-11 00:00:00", "calendarYear": "1998", "period": "FY", "revenue": 1612600000, "costOfRevenue": 995800000, "grossProfit": 616800000, "grossProfitRatio": 0.3824879077, "researchAndDevelopmentExpenses": 0, "generalAndAdministrativeExpenses": 405000000, "sellingAndMarketingExpenses": 0, "sellingGeneralAndAdministrativeExpenses": 405000000, "otherExpenses": 84200000, "operatingExpenses": 489200000, "costAndExpenses": 1485000000, "interestIncome": 0, "interestExpense": 0, "depreciationAndAmortization": 84200000, "ebitda": 209200000, "ebitdaratio": 0.1297283889, "operatingIncome": 127600000, "operatingIncomeRatio": 0.0791268759, "totalOtherIncomeExpensesNet": 2600000, "incomeBeforeTax": 81500000, "incomeBeforeTaxRatio": 0.0505395014, "incomeTaxExpense": 12700000, "netIncome": 68800000, "netIncomeRatio": 0.0426640208, "eps": 0.5, "epsdiluted": 0.5, "weightedAverageShsOut": 50400000, "weightedAverageShsOutDil": 50400000, "link": "https://www.sec.gov/Archives/edgar/data/920148/000092014899000007/0000920148-99-000007-index.html", "finalLink": "https://www.sec.gov/Archives/edgar/data/920148/", "calculatedOtherExpenses": 84200000, "calculatedOperatingExpenses": 489200000, "calculatedNetInterest": 0, "calculatedOtherIncome": -46100000, "calculatedIncomeNonControlling": 0, "calculatedEbitda": 211800000}, {"date": "1997-12-31", "symbol": "LH", "reportedCurrency": "USD", "cik": "0000920148", "fillingDate": "1998-03-30", "acceptedDate": "1998-03-30 00:00:00", "calendarYear": "1997", "period": "FY", "revenue": 1519000000, "costOfRevenue": 1024300000, "grossProfit": 494700000, "grossProfitRatio": 0.325674786, "researchAndDevelopmentExpenses": 0, "generalAndAdministrativeExpenses": 499900000, "sellingAndMarketingExpenses": 0, "sellingGeneralAndAdministrativeExpenses": 499900000, "otherExpenses": 86800000, "operatingExpenses": 586700000, "costAndExpenses": 1611000000, "interestIncome": 0, "interestExpense": 0, "depreciationAndAmortization": 86800000, "ebitda": -7600000, "ebitdaratio": -0.0050032916, "operatingIncome": -92000000, "operatingIncomeRatio": -0.0605661619, "totalOtherIncomeExpensesNet": 2400000, "incomeBeforeTax": -161300000, "incomeBeforeTaxRatio": -0.1061882818, "incomeTaxExpense": -54400000, "netIncome": -106900000, "netIncomeRatio": -0.0703752469, "eps": -2.17, "epsdiluted": -2.17, "weightedAverageShsOut": 49169811, "weightedAverageShsOutDil": 49169811, "link": "https://www.sec.gov/Archives/edgar/data/920148/000092014898000007/0000920148-98-000007-index.html", "finalLink": "https://www.sec.gov/Archives/edgar/data/920148/", "calculatedOtherExpenses": 86800000, "calculatedOperatingExpenses": 586700000, "calculatedNetInterest": 0, "calculatedOtherIncome": -69300000, "calculatedIncomeNonControlling": 0, "calculatedEbitda": -5200000}, {"date": "1996-12-31", "symbol": "LH", "reportedCurrency": "USD", "cik": "0000920148", "fillingDate": "1997-04-11", "acceptedDate": "1997-04-11 00:00:00", "calendarYear": "1996", "period": "FY", "revenue": 1607700000, "costOfRevenue": 1129000000, "grossProfit": 478700000, "grossProfitRatio": 0.2977545562, "researchAndDevelopmentExpenses": 0, "generalAndAdministrativeExpenses": 490000000, "sellingAndMarketingExpenses": 0, "sellingGeneralAndAdministrativeExpenses": 490000000, "otherExpenses": 84500000, "operatingExpenses": 574500000, "costAndExpenses": 1703500000, "interestIncome": 0, "interestExpense": 0, "depreciationAndAmortization": 84500000, "ebitda": 9500000, "ebitdaratio": 0.0059090626, "operatingIncome": -95800000, "operatingIncomeRatio": -0.0595882316, "totalOtherIncomeExpensesNet": -20800000, "incomeBeforeTax": -188300000, "incomeBeforeTaxRatio": -0.1171238415, "incomeTaxExpense": -34800000, "netIncome": -153500000, "netIncomeRatio": -0.0954780121, "eps": -3.12, "epsdiluted": -3.12, "weightedAverageShsOut": 49120000, "weightedAverageShsOutDil": 49120000, "link": "https://www.sec.gov/Archives/edgar/data/920148/000092014897000012/0000920148-97-000012-index.html", "finalLink": "https://www.sec.gov/Archives/edgar/data/920148/", "calculatedOtherExpenses": 84500000, "calculatedOperatingExpenses": 574500000, "calculatedNetInterest": 0, "calculatedOtherIncome": -92500000, "calculatedIncomeNonControlling": 0, "calculatedEbitda": -11300000}, {"date": "1995-12-31", "symbol": "LH", "reportedCurrency": "USD", "cik": "0000920148", "fillingDate": "1996-03-29", "acceptedDate": "1996-03-29 00:00:00", "calendarYear": "1995", "period": "FY", "revenue": 1432000000, "costOfRevenue": 978900000, "grossProfit": 453100000, "grossProfitRatio": 0.3164106145, "researchAndDevelopmentExpenses": 0, "generalAndAdministrativeExpenses": 313500000, "sellingAndMarketingExpenses": 0, "sellingGeneralAndAdministrativeExpenses": 313500000, "otherExpenses": 72400000, "operatingExpenses": 385900000, "costAndExpenses": 1364800000, "interestIncome": 0, "interestExpense": 0, "depreciationAndAmortization": 72400000, "ebitda": 138200000, "ebitdaratio": 0.0965083799, "operatingIncome": 67200000, "operatingIncomeRatio": 0.0469273743, "totalOtherIncomeExpensesNet": 1400000, "incomeBeforeTax": 3100000, "incomeBeforeTaxRatio": 0.0021648045, "incomeTaxExpense": 7100000, "netIncome": -12300000, "netIncomeRatio": -0.0085893855, "eps": -0.27, "epsdiluted": -0.27, "weightedAverageShsOut": 44727273, "weightedAverageShsOutDil": 44727273, "link": "https://www.sec.gov/Archives/edgar/data/920148/000092014896000005/0000920148-96-000005-index.html", "finalLink": "https://www.sec.gov/Archives/edgar/data/920148/", "calculatedOtherExpenses": 72400000, "calculatedOperatingExpenses": 385900000, "calculatedNetInterest": 0, "calculatedOtherIncome": -64100000, "calculatedIncomeNonControlling": 8300000, "calculatedEbitda": 139600000}, {"date": "1994-12-31", "symbol": "LH", "reportedCurrency": "USD", "cik": "0000920148", "fillingDate": "1995-03-03", "acceptedDate": "1995-03-03 00:00:00", "calendarYear": "1994", "period": "FY", "revenue": 872500000, "costOfRevenue": 568900000, "grossProfit": 303600000, "grossProfitRatio": 0.347965616, "researchAndDevelopmentExpenses": 0, "generalAndAdministrativeExpenses": 149300000, "sellingAndMarketingExpenses": 0, "sellingGeneralAndAdministrativeExpenses": 149300000, "otherExpenses": 44400000, "operatingExpenses": 193700000, "costAndExpenses": 762600000, "interestIncome": 0, "interestExpense": 0, "depreciationAndAmortization": 44400000, "ebitda": 174300000, "ebitdaratio": 0.1997707736, "operatingIncome": 109900000, "operatingIncomeRatio": 0.1259598854, "totalOtherIncomeExpensesNet": -20000000, "incomeBeforeTax": 55400000, "incomeBeforeTaxRatio": 0.063495702, "incomeTaxExpense": 25300000, "netIncome": 30100000, "netIncomeRatio": 0.0344985673, "eps": 0.9, "epsdiluted": 0.9, "weightedAverageShsOut": 33444444, "weightedAverageShsOutDil": 34461538, "link": "https://www.sec.gov/Archives/edgar/data/920148/000092014895000005/0000920148-95-000005-index.html", "finalLink": "https://www.sec.gov/Archives/edgar/data/920148/", "calculatedOtherExpenses": 44400000, "calculatedOperatingExpenses": 193700000, "calculatedNetInterest": 0, "calculatedOtherIncome": -54500000, "calculatedIncomeNonControlling": 0, "calculatedEbitda": 154300000}, {"date": "1993-12-31", "symbol": "LH", "reportedCurrency": "USD", "cik": "0000920148", "fillingDate": "1993-12-31", "acceptedDate": "1993-12-30 19:00:00", "calendarYear": "1993", "period": "FY", "revenue": 760500000, "costOfRevenue": 421400000, "grossProfit": 339100000, "grossProfitRatio": 0.4458908613, "researchAndDevelopmentExpenses": 0, "generalAndAdministrativeExpenses": 0, "sellingAndMarketingExpenses": 0, "sellingGeneralAndAdministrativeExpenses": 121400000, "otherExpenses": 32200000, "operatingExpenses": 153600000, "costAndExpenses": 575000000, "interestIncome": 0, "interestExpense": 0, "depreciationAndAmortization": 32200000, "ebitda": 201200000, "ebitdaratio": 0.2645627876, "operatingIncome": 185500000, "operatingIncomeRatio": 0.2439184747, "totalOtherIncomeExpensesNet": 16500000, "incomeBeforeTax": 191100000, "incomeBeforeTaxRatio": 0.2512820513, "incomeTaxExpense": 78400000, "netIncome": 112700000, "netIncomeRatio": 0.148191979, "eps": 3.15, "epsdiluted": 3.15, "weightedAverageShsOut": 35777778, "weightedAverageShsOutDil": 35777778, "link": "", "finalLink": "", "calculatedOtherExpenses": 32200000, "calculatedOperatingExpenses": 153600000, "calculatedNetInterest": 0, "calculatedOtherIncome": 5600000, "calculatedIncomeNonControlling": 0, "calculatedEbitda": 217700000}, {"date": "1992-12-31", "symbol": "LH", "reportedCurrency": "USD", "cik": "0000920148", "fillingDate": "1992-12-31", "acceptedDate": "1992-12-30 19:00:00", "calendarYear": "1992", "period": "FY", "revenue": 721400000, "costOfRevenue": 376500000, "grossProfit": 344900000, "grossProfitRatio": 0.4780981425, "researchAndDevelopmentExpenses": 0, "generalAndAdministrativeExpenses": 0, "sellingAndMarketingExpenses": 0, "sellingGeneralAndAdministrativeExpenses": 117900000, "otherExpenses": 26900000, "operatingExpenses": 144800000, "costAndExpenses": 521300000, "interestIncome": 0, "interestExpense": 0, "depreciationAndAmortization": 26900000, "ebitda": 360800000, "ebitdaratio": 0.5001386194, "operatingIncome": 200100000, "operatingIncomeRatio": 0.2773773219, "totalOtherIncomeExpensesNet": -133800000, "incomeBeforeTax": 62100000, "incomeBeforeTaxRatio": 0.0860826171, "incomeTaxExpense": 21500000, "netIncome": 40600000, "netIncomeRatio": 0.0562794566, "eps": 1.08, "epsdiluted": 1.08, "weightedAverageShsOut": 37767442, "weightedAverageShsOutDil": 37767442, "link": "", "finalLink": "", "calculatedOtherExpenses": 26900000, "calculatedOperatingExpenses": 144800000, "calculatedNetInterest": 0, "calculatedOtherIncome": -138000000, "calculatedIncomeNonControlling": 0, "calculatedEbitda": 227000000}, {"date": "1991-12-31", "symbol": "LH", "reportedCurrency": "USD", "cik": "0000920148", "fillingDate": "1991-12-31", "acceptedDate": "1991-12-30 19:00:00", "calendarYear": "1991", "period": "FY", "revenue": 603900000, "costOfRevenue": 310500000, "grossProfit": 293400000, "grossProfitRatio": 0.4858420268, "researchAndDevelopmentExpenses": 0, "generalAndAdministrativeExpenses": 0, "sellingAndMarketingExpenses": 0, "sellingGeneralAndAdministrativeExpenses": 97900000, "otherExpenses": 22000000, "operatingExpenses": 119900000, "costAndExpenses": 430400000, "interestIncome": 0, "interestExpense": 0, "depreciationAndAmortization": 22000000, "ebitda": 199700000, "ebitdaratio": 0.3306838881, "operatingIncome": 173500000, "operatingIncomeRatio": 0.2872992217, "totalOtherIncomeExpensesNet": -4200000, "incomeBeforeTax": 169300000, "incomeBeforeTaxRatio": 0.2803444279, "incomeTaxExpense": 65400000, "netIncome": 103900000, "netIncomeRatio": 0.1720483524, "eps": 2.63, "epsdiluted": 2.63, "weightedAverageShsOut": 39580952, "weightedAverageShsOutDil": 39580952, "link": "", "finalLink": "", "calculatedOtherExpenses": 22000000, "calculatedOperatingExpenses": 119900000, "calculatedNetInterest": 0, "calculatedOtherIncome": -4200000, "calculatedIncomeNonControlling": 0, "calculatedEbitda": 195500000}, {"date": "1990-12-31", "symbol": "LH", "reportedCurrency": "USD", "cik": "0000920148", "fillingDate": "1990-12-31", "acceptedDate": "1990-12-30 19:00:00", "calendarYear": "1990", "period": "FY", "revenue": 501900000, "costOfRevenue": 260900000, "grossProfit": 241000000, "grossProfitRatio": 0.4801753337, "researchAndDevelopmentExpenses": 0, "generalAndAdministrativeExpenses": 0, "sellingAndMarketingExpenses": 0, "sellingGeneralAndAdministrativeExpenses": 82200000, "otherExpenses": 18400000, "operatingExpenses": 100600000, "costAndExpenses": 361500000, "interestIncome": 0, "interestExpense": 0, "depreciationAndAmortization": 18400000, "ebitda": 162100000, "ebitdaratio": 0.3229727037, "operatingIncome": 140400000, "operatingIncomeRatio": 0.2797369994, "totalOtherIncomeExpensesNet": -3300000, "incomeBeforeTax": 137100000, "incomeBeforeTaxRatio": 0.2731619845, "incomeTaxExpense": 54500000, "netIncome": 82600000, "netIncomeRatio": 0.1645746165, "eps": 2.08, "epsdiluted": 2.08, "weightedAverageShsOut": 39807229, "weightedAverageShsOutDil": 39807229, "link": "", "finalLink": "", "calculatedOtherExpenses": 18400000, "calculatedOperatingExpenses": 100600000, "calculatedNetInterest": 0, "calculatedOtherIncome": -3300000, "calculatedIncomeNonControlling": 0, "calculatedEbitda": 158800000}, {"date": "1989-12-31", "symbol": "LH", "reportedCurrency": "USD", "cik": "0000920148", "fillingDate": "1989-12-31", "acceptedDate": "1989-12-30 19:00:00", "calendarYear": "1989", "period": "FY", "revenue": 402400000, "costOfRevenue": 211300000, "grossProfit": 191100000, "grossProfitRatio": 0.4749005964, "researchAndDevelopmentExpenses": 0, "generalAndAdministrativeExpenses": 0, "sellingAndMarketingExpenses": 0, "sellingGeneralAndAdministrativeExpenses": 65000000, "otherExpenses": 13300000, "operatingExpenses": 78300000, "costAndExpenses": 289600000, "interestIncome": 0, "interestExpense": 0, "depreciationAndAmortization": 13300000, "ebitda": 131100000, "ebitdaratio": 0.3257952286, "operatingIncome": 112800000, "operatingIncomeRatio": 0.2803180915, "totalOtherIncomeExpensesNet": -5000000, "incomeBeforeTax": 107800000, "incomeBeforeTaxRatio": 0.2678926441, "incomeTaxExpense": 43100000, "netIncome": 64700000, "netIncomeRatio": 0.1607852883, "eps": 1.63, "epsdiluted": 1.63, "weightedAverageShsOut": 39815385, "weightedAverageShsOutDil": 39815385, "link": "", "finalLink": "", "calculatedOtherExpenses": 13300000, "calculatedOperatingExpenses": 78300000, "calculatedNetInterest": 0, "calculatedOtherIncome": -5000000, "calculatedIncomeNonControlling": 0, "calculatedEbitda": 126100000}, {"date": "1988-12-31", "symbol": "LH", "reportedCurrency": "USD", "cik": "0000920148", "fillingDate": "1988-12-31", "acceptedDate": "1988-12-30 19:00:00", "calendarYear": "1988", "period": "FY", "revenue": 313900000, "costOfRevenue": 0, "grossProfit": 313900000, "grossProfitRatio": 1, "researchAndDevelopmentExpenses": 0, "generalAndAdministrativeExpenses": 0, "sellingAndMarketingExpenses": 0, "sellingGeneralAndAdministrativeExpenses": 0, "otherExpenses": 0, "operatingExpenses": 0, "costAndExpenses": 0, "interestIncome": 0, "interestExpense": 0, "depreciationAndAmortization": 0, "ebitda": 313900000, "ebitdaratio": 1, "operatingIncome": 313900000, "operatingIncomeRatio": 1, "totalOtherIncomeExpensesNet": 0, "incomeBeforeTax": 0, "incomeBeforeTaxRatio": 0, "incomeTaxExpense": 0, "netIncome": 0, "netIncomeRatio": 0, "eps": 1.25, "epsdiluted": 1.25, "weightedAverageShsOut": 39600000, "weightedAverageShsOutDil": 39600000, "link": "", "finalLink": "", "calculatedOtherExpenses": 0, "calculatedOperatingExpenses": 0, "calculatedNetInterest": 0, "calculatedOtherIncome": -313900000, "calculatedIncomeNonControlling": 0, "calculatedEbitda": 313900000}]}