{"originalCurrency": "USD", "convertedCurrency": "USD", "report": [{"date": "2023-12-31", "symbol": "LIN", "reportedCurrency": "USD", "cik": "0001707925", "fillingDate": "2024-02-28", "acceptedDate": "2024-02-28 09:56:28", "calendarYear": "2023", "period": "FY", "revenue": 32854000000, "costOfRevenue": 17492000000, "grossProfit": 15362000000, "grossProfitRatio": 0.4675838558, "researchAndDevelopmentExpenses": 146000000, "generalAndAdministrativeExpenses": 1801000000, "sellingAndMarketingExpenses": 1330000000, "sellingGeneralAndAdministrativeExpenses": 3131000000, "otherExpenses": 12000000, "operatingExpenses": 7093000000, "costAndExpenses": 24585000000, "interestIncome": 213000000, "interestExpense": 413000000, "depreciationAndAmortization": 3816000000, "ebitda": 12310000000, "ebitdaratio": 0.3746880136, "operatingIncome": 8024000000, "operatingIncomeRatio": 0.244232057, "totalOtherIncomeExpensesNet": -81000000, "incomeBeforeTax": 7988000000, "incomeBeforeTaxRatio": 0.2431363, "incomeTaxExpense": 1814000000, "netIncome": 6199000000, "netIncomeRatio": 0.1886832654, "eps": 12.7, "epsdiluted": 12.59, "weightedAverageShsOut": 488191000, "weightedAverageShsOutDil": 492290000, "link": "https://www.sec.gov/Archives/edgar/data/1707925/000162828024007424/0001628280-24-007424-index.htm", "finalLink": "https://www.sec.gov/Archives/edgar/data/1707925/000162828024007424/lin-20231231.htm", "calculatedOtherExpenses": 4061000000, "calculatedOperatingExpenses": 7338000000, "calculatedNetInterest": -200000000, "calculatedOtherIncome": 164000000, "calculatedIncomeNonControlling": -25000000, "calculatedEbitda": 11840000000}, {"date": "2022-12-31", "symbol": "LIN", "reportedCurrency": "USD", "cik": "0001707925", "fillingDate": "2023-02-28", "acceptedDate": "2023-02-28 13:10:13", "calendarYear": "2022", "period": "FY", "revenue": 33364000000, "costOfRevenue": 19450000000, "grossProfit": 13914000000, "grossProfitRatio": 0.4170363266, "researchAndDevelopmentExpenses": 143000000, "generalAndAdministrativeExpenses": 1812000000, "sellingAndMarketingExpenses": 1295000000, "sellingGeneralAndAdministrativeExpenses": 3107000000, "otherExpenses": 4204000000, "operatingExpenses": 7454000000, "costAndExpenses": 26904000000, "interestIncome": 152000000, "interestExpense": 63000000, "depreciationAndAmortization": 4441000000, "ebitda": 9810000000, "ebitdaratio": 0.2940294929, "operatingIncome": 5369000000, "operatingIncomeRatio": 0.1609219518, "totalOtherIncomeExpensesNet": 174000000, "incomeBeforeTax": 5543000000, "incomeBeforeTaxRatio": 0.1661371538, "incomeTaxExpense": 1434000000, "netIncome": 4147000000, "netIncomeRatio": 0.124295648, "eps": 8.3, "epsdiluted": 8.23, "weightedAverageShsOut": 499736000, "weightedAverageShsOutDil": 504038000, "link": "https://www.sec.gov/Archives/edgar/data/1707925/000162828023005434/0001628280-23-005434-index.htm", "finalLink": "https://www.sec.gov/Archives/edgar/data/1707925/000162828023005434/lin-20221231.htm", "calculatedOtherExpenses": 5295000000, "calculatedOperatingExpenses": 8545000000, "calculatedNetInterest": 89000000, "calculatedOtherIncome": 85000000, "calculatedIncomeNonControlling": -38000000, "calculatedEbitda": 9810000000}, {"date": "2021-12-31", "symbol": "LIN", "reportedCurrency": "USD", "cik": "0001707925", "fillingDate": "2022-02-28", "acceptedDate": "2022-02-28 14:42:30", "calendarYear": "2021", "period": "FY", "revenue": 30793000000, "costOfRevenue": 17543000000, "grossProfit": 13250000000, "grossProfitRatio": 0.430292599, "researchAndDevelopmentExpenses": 143000000, "generalAndAdministrativeExpenses": 1847000000, "sellingAndMarketingExpenses": 1342000000, "sellingGeneralAndAdministrativeExpenses": 3189000000, "otherExpenses": 4635000000, "operatingExpenses": 7967000000, "costAndExpenses": 25510000000, "interestIncome": 40000000, "interestExpense": 77000000, "depreciationAndAmortization": 4827000000, "ebitda": 9811000000, "ebitdaratio": 0.3186113727, "operatingIncome": 4984000000, "operatingIncomeRatio": 0.161854967, "totalOtherIncomeExpensesNet": 115000000, "incomeBeforeTax": 5099000000, "incomeBeforeTaxRatio": 0.165589582, "incomeTaxExpense": 1262000000, "netIncome": 3826000000, "netIncomeRatio": 0.1242490176, "eps": 7.4, "epsdiluted": 7.33, "weightedAverageShsOut": 516896000, "weightedAverageShsOutDil": 521875000, "link": "https://www.sec.gov/Archives/edgar/data/1707925/000162828022004180/0001628280-22-004180-index.htm", "finalLink": "https://www.sec.gov/Archives/edgar/data/1707925/000162828022004180/lin-20211231.htm", "calculatedOtherExpenses": 4934000000, "calculatedOperatingExpenses": 8266000000, "calculatedNetInterest": -37000000, "calculatedOtherIncome": 152000000, "calculatedIncomeNonControlling": 11000000, "calculatedEbitda": 9811000000}, {"date": "2020-12-31", "symbol": "LIN", "reportedCurrency": "USD", "cik": "0001707925", "fillingDate": "2021-03-01", "acceptedDate": "2021-03-01 13:29:25", "calendarYear": "2020", "period": "FY", "revenue": 27243000000, "costOfRevenue": 15383000000, "grossProfit": 11860000000, "grossProfitRatio": 0.4353411886, "researchAndDevelopmentExpenses": 152000000, "generalAndAdministrativeExpenses": 1890000000, "sellingAndMarketingExpenses": 1303000000, "sellingGeneralAndAdministrativeExpenses": 3193000000, "otherExpenses": 4626000000, "operatingExpenses": 7971000000, "costAndExpenses": 23354000000, "interestIncome": 55000000, "interestExpense": 115000000, "depreciationAndAmortization": 4803000000, "ebitda": 8125000000, "ebitdaratio": 0.2982417502, "operatingIncome": 3322000000, "operatingIncomeRatio": 0.1219395808, "totalOtherIncomeExpensesNet": 62000000, "incomeBeforeTax": 3384000000, "incomeBeforeTaxRatio": 0.1242153948, "incomeTaxExpense": 847000000, "netIncome": 2501000000, "netIncomeRatio": 0.091803399, "eps": 4.75, "epsdiluted": 4.71, "weightedAverageShsOut": 526736000, "weightedAverageShsOutDil": 531157000, "link": "https://www.sec.gov/Archives/edgar/data/1707925/000162828021003574/0001628280-21-003574-index.htm", "finalLink": "https://www.sec.gov/Archives/edgar/data/1707925/000162828021003574/lin-20201231.htm", "calculatedOtherExpenses": 5193000000, "calculatedOperatingExpenses": 8538000000, "calculatedNetInterest": -60000000, "calculatedOtherIncome": 122000000, "calculatedIncomeNonControlling": 36000000, "calculatedEbitda": 8125000000}, {"date": "2019-12-31", "symbol": "LIN", "reportedCurrency": "USD", "cik": "0001707925", "fillingDate": "2020-03-02", "acceptedDate": "2020-03-02 15:19:05", "calendarYear": "2019", "period": "FY", "revenue": 28228000000, "costOfRevenue": 16644000000, "grossProfit": 11584000000, "grossProfitRatio": 0.4103726796, "researchAndDevelopmentExpenses": 184000000, "generalAndAdministrativeExpenses": 1857000000, "sellingAndMarketingExpenses": 1600000000, "sellingGeneralAndAdministrativeExpenses": 3457000000, "otherExpenses": 4675000000, "operatingExpenses": 8316000000, "costAndExpenses": 24960000000, "interestIncome": 112000000, "interestExpense": 38000000, "depreciationAndAmortization": 4543000000, "ebitda": 7476000000, "ebitdaratio": 0.2648434179, "operatingIncome": 2933000000, "operatingIncomeRatio": 0.1039039252, "totalOtherIncomeExpensesNet": -6000000, "incomeBeforeTax": 2927000000, "incomeBeforeTaxRatio": 0.1036913703, "incomeTaxExpense": 769000000, "netIncome": 2285000000, "netIncomeRatio": 0.0809479949, "eps": 4.22, "epsdiluted": 4.19, "weightedAverageShsOut": 541094000, "weightedAverageShsOutDil": 545170000, "link": "https://www.sec.gov/Archives/edgar/data/1707925/000170792520000015/0001707925-20-000015-index.htm", "finalLink": "https://www.sec.gov/Archives/edgar/data/1707925/000170792520000015/lin201910-k.htm", "calculatedOtherExpenses": 5010000000, "calculatedOperatingExpenses": 8651000000, "calculatedNetInterest": 74000000, "calculatedOtherIncome": -80000000, "calculatedIncomeNonControlling": -127000000, "calculatedEbitda": 7476000000}, {"date": "2018-12-31", "symbol": "LIN", "reportedCurrency": "USD", "cik": "0001707925", "fillingDate": "2019-03-18", "acceptedDate": "2019-03-18 12:53:02", "calendarYear": "2018", "period": "FY", "revenue": 14900000000, "costOfRevenue": 9084000000, "grossProfit": 5816000000, "grossProfitRatio": 0.3903355705, "researchAndDevelopmentExpenses": 113000000, "generalAndAdministrativeExpenses": 872000000, "sellingAndMarketingExpenses": 757000000, "sellingGeneralAndAdministrativeExpenses": 1629000000, "otherExpenses": 19000000, "operatingExpenses": 3572000000, "costAndExpenses": 12656000000, "interestIncome": 0, "interestExpense": 202000000, "depreciationAndAmortization": 1830000000, "ebitda": 4093000000, "ebitdaratio": 0.2746979866, "operatingIncome": 5247000000, "operatingIncomeRatio": 0.352147651, "totalOtherIncomeExpensesNet": 3007000000, "incomeBeforeTax": 5049000000, "incomeBeforeTaxRatio": 0.3388590604, "incomeTaxExpense": 817000000, "netIncome": 4381000000, "netIncomeRatio": 0.2940268456, "eps": 13.26, "epsdiluted": 13.11, "weightedAverageShsOut": 330401000, "weightedAverageShsOutDil": 334127000, "link": "https://www.sec.gov/Archives/edgar/data/1707925/000162828019003050/0001628280-19-003050-index.htm", "finalLink": "https://www.sec.gov/Archives/edgar/data/1707925/000162828019003050/plc201810-k.htm", "calculatedOtherExpenses": -1173000000, "calculatedOperatingExpenses": 569000000, "calculatedNetInterest": -202000000, "calculatedOtherIncome": 4000000, "calculatedIncomeNonControlling": -149000000, "calculatedEbitda": 7077000000}, {"date": "2017-12-31", "symbol": "LIN", "reportedCurrency": "USD", "cik": "0001707925", "fillingDate": "2018-03-23", "acceptedDate": "2018-03-23 13:12:08", "calendarYear": "2017", "period": "FY", "revenue": 11437000000, "costOfRevenue": 6455000000, "grossProfit": 4982000000, "grossProfitRatio": 0.4356037422, "researchAndDevelopmentExpenses": 93000000, "generalAndAdministrativeExpenses": 696000000, "sellingAndMarketingExpenses": 511000000, "sellingGeneralAndAdministrativeExpenses": 1207000000, "otherExpenses": 4000000, "operatingExpenses": 2484000000, "costAndExpenses": 8939000000, "interestIncome": 0, "interestExpense": 161000000, "depreciationAndAmortization": 1184000000, "ebitda": 3686000000, "ebitdaratio": 0.3222873131, "operatingIncome": 2448000000, "operatingIncomeRatio": 0.2140421439, "totalOtherIncomeExpensesNet": -50000000, "incomeBeforeTax": 2287000000, "incomeBeforeTaxRatio": 0.1999650258, "incomeTaxExpense": 1026000000, "netIncome": 1247000000, "netIncomeRatio": 0.1090320888, "eps": 4.36, "epsdiluted": 4.32, "weightedAverageShsOut": 286261000, "weightedAverageShsOutDil": 289114000, "link": "https://www.sec.gov/Archives/edgar/data/1707925/000170792518000004/0001707925-18-000004-index.htm", "finalLink": "https://www.sec.gov/Archives/edgar/data/1707925/000170792518000004/lindeplc201710k.htm", "calculatedOtherExpenses": 1234000000, "calculatedOperatingExpenses": 2534000000, "calculatedNetInterest": -161000000, "calculatedOtherIncome": 0, "calculatedIncomeNonControlling": 14000000, "calculatedEbitda": 3632000000}, {"date": "2016-12-31", "symbol": "LIN", "reportedCurrency": "USD", "cik": "0001707925", "fillingDate": "2016-12-31", "acceptedDate": "2016-12-30 19:00:00", "calendarYear": "2016", "period": "FY", "revenue": 10534000000, "costOfRevenue": 5860000000, "grossProfit": 4674000000, "grossProfitRatio": 0.4437060946, "researchAndDevelopmentExpenses": 92000000, "generalAndAdministrativeExpenses": 652000000, "sellingAndMarketingExpenses": 493000000, "sellingGeneralAndAdministrativeExpenses": 1145000000, "otherExpenses": -77000000, "operatingExpenses": 2359000000, "costAndExpenses": 8219000000, "interestIncome": 0, "interestExpense": 190000000, "depreciationAndAmortization": 1122000000, "ebitda": 3360000000, "ebitdaratio": 0.318967154, "operatingIncome": 2238000000, "operatingIncomeRatio": 0.2124549079, "totalOtherIncomeExpensesNet": -77000000, "incomeBeforeTax": 2048000000, "incomeBeforeTaxRatio": 0.1944180748, "incomeTaxExpense": 551000000, "netIncome": 1500000000, "netIncomeRatio": 0.1423960509, "eps": 5.25, "epsdiluted": 5.21, "weightedAverageShsOut": 285677000, "weightedAverageShsOutDil": 287757000, "link": "", "finalLink": "", "calculatedOtherExpenses": 1199000000, "calculatedOperatingExpenses": 2436000000, "calculatedNetInterest": -190000000, "calculatedOtherIncome": 0, "calculatedIncomeNonControlling": -3000000, "calculatedEbitda": 3360000000}, {"date": "2015-12-31", "symbol": "LIN", "reportedCurrency": "USD", "cik": "0001707925", "fillingDate": "2015-12-31", "acceptedDate": "2015-12-30 19:00:00", "calendarYear": "2015", "period": "FY", "revenue": 10776000000, "costOfRevenue": 5960000000, "grossProfit": 4816000000, "grossProfitRatio": 0.4469190794, "researchAndDevelopmentExpenses": 93000000, "generalAndAdministrativeExpenses": 645000000, "sellingAndMarketingExpenses": 507000000, "sellingGeneralAndAdministrativeExpenses": 1152000000, "otherExpenses": -144000000, "operatingExpenses": 2351000000, "costAndExpenses": 8311000000, "interestIncome": 0, "interestExpense": 161000000, "depreciationAndAmortization": 1106000000, "ebitda": 3427000000, "ebitdaratio": 0.3180215293, "operatingIncome": 2321000000, "operatingIncomeRatio": 0.2153860431, "totalOtherIncomeExpensesNet": -144000000, "incomeBeforeTax": 2160000000, "incomeBeforeTaxRatio": 0.2004454343, "incomeTaxExpense": 612000000, "netIncome": 1547000000, "netIncomeRatio": 0.1435597624, "eps": 5.39, "epsdiluted": 5.35, "weightedAverageShsOut": 287005000, "weightedAverageShsOutDil": 289055000, "link": "", "finalLink": "", "calculatedOtherExpenses": 1250000000, "calculatedOperatingExpenses": 2495000000, "calculatedNetInterest": -161000000, "calculatedOtherIncome": 0, "calculatedIncomeNonControlling": 1000000, "calculatedEbitda": 3427000000}, {"date": "2014-12-31", "symbol": "LIN", "reportedCurrency": "USD", "cik": "0001707925", "fillingDate": "2014-12-31", "acceptedDate": "2014-12-30 19:00:00", "calendarYear": "2014", "period": "FY", "revenue": 12273000000, "costOfRevenue": 6962000000, "grossProfit": 5311000000, "grossProfitRatio": 0.4327385317, "researchAndDevelopmentExpenses": 96000000, "generalAndAdministrativeExpenses": 736000000, "sellingAndMarketingExpenses": 572000000, "sellingGeneralAndAdministrativeExpenses": 1308000000, "otherExpenses": 9000000, "operatingExpenses": 2574000000, "costAndExpenses": 9536000000, "interestIncome": 0, "interestExpense": 213000000, "depreciationAndAmortization": 1170000000, "ebitda": 3916000000, "ebitdaratio": 0.3190743909, "operatingIncome": 2608000000, "operatingIncomeRatio": 0.2124989815, "totalOtherIncomeExpensesNet": -129000000, "incomeBeforeTax": 2395000000, "incomeBeforeTaxRatio": 0.1951438116, "incomeTaxExpense": 691000000, "netIncome": 1694000000, "netIncomeRatio": 0.1380265624, "eps": 5.79, "epsdiluted": 5.73, "weightedAverageShsOut": 292494000, "weightedAverageShsOutDil": 295608000, "link": "", "finalLink": "", "calculatedOtherExpenses": 1299000000, "calculatedOperatingExpenses": 2703000000, "calculatedNetInterest": -213000000, "calculatedOtherIncome": 0, "calculatedIncomeNonControlling": 10000000, "calculatedEbitda": 3778000000}, {"date": "2013-12-31", "symbol": "LIN", "reportedCurrency": "USD", "cik": "0001707925", "fillingDate": "2013-12-31", "acceptedDate": "2013-12-30 19:00:00", "calendarYear": "2013", "period": "FY", "revenue": 11925000000, "costOfRevenue": 6744000000, "grossProfit": 5181000000, "grossProfitRatio": 0.4344654088, "researchAndDevelopmentExpenses": 98000000, "generalAndAdministrativeExpenses": 782000000, "sellingAndMarketingExpenses": 567000000, "sellingGeneralAndAdministrativeExpenses": 1349000000, "otherExpenses": 32000000, "operatingExpenses": 2556000000, "costAndExpenses": 9300000000, "interestIncome": 0, "interestExpense": 178000000, "depreciationAndAmortization": 1109000000, "ebitda": 3766000000, "ebitdaratio": 0.3158071279, "operatingIncome": 2625000000, "operatingIncomeRatio": 0.2201257862, "totalOtherIncomeExpensesNet": 4000000, "incomeBeforeTax": 2447000000, "incomeBeforeTaxRatio": 0.2051991614, "incomeTaxExpense": 649000000, "netIncome": 1755000000, "netIncomeRatio": 0.1471698113, "eps": 5.94, "epsdiluted": 5.87, "weightedAverageShsOut": 295523000, "weightedAverageShsOutDil": 298965000, "link": "", "finalLink": "", "calculatedOtherExpenses": 1109000000, "calculatedOperatingExpenses": 2556000000, "calculatedNetInterest": -178000000, "calculatedOtherIncome": 0, "calculatedIncomeNonControlling": 43000000, "calculatedEbitda": 3734000000}, {"date": "2012-12-31", "symbol": "LIN", "reportedCurrency": "USD", "cik": "0001707925", "fillingDate": "2012-12-31", "acceptedDate": "2012-12-30 19:00:00", "calendarYear": "2012", "period": "FY", "revenue": 11224000000, "costOfRevenue": 6396000000, "grossProfit": 4828000000, "grossProfitRatio": 0.4301496793, "researchAndDevelopmentExpenses": 98000000, "generalAndAdministrativeExpenses": 723000000, "sellingAndMarketingExpenses": 547000000, "sellingGeneralAndAdministrativeExpenses": 1270000000, "otherExpenses": -22000000, "operatingExpenses": 2369000000, "costAndExpenses": 8765000000, "interestIncome": 0, "interestExpense": 141000000, "depreciationAndAmortization": 1001000000, "ebitda": 3438000000, "ebitdaratio": 0.3063079116, "operatingIncome": 2437000000, "operatingIncomeRatio": 0.21712402, "totalOtherIncomeExpensesNet": -22000000, "incomeBeforeTax": 2296000000, "incomeBeforeTaxRatio": 0.2045616536, "incomeTaxExpense": 586000000, "netIncome": 1692000000, "netIncomeRatio": 0.1507483963, "eps": 5.67, "epsdiluted": 5.61, "weightedAverageShsOut": 298316000, "weightedAverageShsOutDil": 301845000, "link": "", "finalLink": "", "calculatedOtherExpenses": 1023000000, "calculatedOperatingExpenses": 2391000000, "calculatedNetInterest": -141000000, "calculatedOtherIncome": 0, "calculatedIncomeNonControlling": 18000000, "calculatedEbitda": 3438000000}, {"date": "2011-12-31", "symbol": "LIN", "reportedCurrency": "USD", "cik": "0001707925", "fillingDate": "2011-12-31", "acceptedDate": "2011-12-30 19:00:00", "calendarYear": "2011", "period": "FY", "revenue": 11252000000, "costOfRevenue": 6458000000, "grossProfit": 4794000000, "grossProfitRatio": 0.4260575898, "researchAndDevelopmentExpenses": 90000000, "generalAndAdministrativeExpenses": 0, "sellingAndMarketingExpenses": 0, "sellingGeneralAndAdministrativeExpenses": 1240000000, "otherExpenses": 1011000000, "operatingExpenses": 2340000000, "costAndExpenses": 8798000000, "interestIncome": 0, "interestExpense": 145000000, "depreciationAndAmortization": 1003000000, "ebitda": 3471000000, "ebitdaratio": 0.3084784927, "operatingIncome": 2468000000, "operatingIncomeRatio": 0.2193387842, "totalOtherIncomeExpensesNet": -145000000, "incomeBeforeTax": 2323000000, "incomeBeforeTaxRatio": 0.2064521863, "incomeTaxExpense": 641000000, "netIncome": 1672000000, "netIncomeRatio": 0.1485958052, "eps": 5.53, "epsdiluted": 5.45, "weightedAverageShsOut": 302237000, "weightedAverageShsOutDil": 306722000, "link": "", "finalLink": "", "calculatedOtherExpenses": 996000000, "calculatedOperatingExpenses": 2326000000, "calculatedNetInterest": -145000000, "calculatedOtherIncome": 0, "calculatedIncomeNonControlling": 10000000, "calculatedEbitda": 3471000000}, {"date": "2010-12-31", "symbol": "LIN", "reportedCurrency": "USD", "cik": "0001707925", "fillingDate": "2010-12-31", "acceptedDate": "2010-12-30 19:00:00", "calendarYear": "2010", "period": "FY", "revenue": 10116000000, "costOfRevenue": 5754000000, "grossProfit": 4362000000, "grossProfitRatio": 0.431198102, "researchAndDevelopmentExpenses": 79000000, "generalAndAdministrativeExpenses": 0, "sellingAndMarketingExpenses": 0, "sellingGeneralAndAdministrativeExpenses": 1196000000, "otherExpenses": 920000000, "operatingExpenses": 2195000000, "costAndExpenses": 7949000000, "interestIncome": 0, "interestExpense": 118000000, "depreciationAndAmortization": 925000000, "ebitda": 3092000000, "ebitdaratio": 0.3056544089, "operatingIncome": 2082000000, "operatingIncomeRatio": 0.2058125741, "totalOtherIncomeExpensesNet": -85000000, "incomeBeforeTax": 1964000000, "incomeBeforeTaxRatio": 0.1941478845, "incomeTaxExpense": 768000000, "netIncome": 1195000000, "netIncomeRatio": 0.1181296955, "eps": 3.9, "epsdiluted": 3.84, "weightedAverageShsOut": 306720000, "weightedAverageShsOutDil": 311395000, "link": "", "finalLink": "", "calculatedOtherExpenses": 1005000000, "calculatedOperatingExpenses": 2280000000, "calculatedNetInterest": -118000000, "calculatedOtherIncome": 0, "calculatedIncomeNonControlling": 1000000, "calculatedEbitda": 3007000000}, {"date": "2009-12-31", "symbol": "LIN", "reportedCurrency": "USD", "cik": "0001707925", "fillingDate": "2009-12-31", "acceptedDate": "2009-12-30 19:00:00", "calendarYear": "2009", "period": "FY", "revenue": 8956000000, "costOfRevenue": 5032000000, "grossProfit": 3924000000, "grossProfitRatio": 0.4381420277, "researchAndDevelopmentExpenses": 74000000, "generalAndAdministrativeExpenses": 0, "sellingAndMarketingExpenses": 0, "sellingGeneralAndAdministrativeExpenses": 1088000000, "otherExpenses": 811000000, "operatingExpenses": 2008000000, "costAndExpenses": 7040000000, "interestIncome": 0, "interestExpense": 133000000, "depreciationAndAmortization": 846000000, "ebitda": 3103000000, "ebitdaratio": 0.3464716391, "operatingIncome": 1610000000, "operatingIncomeRatio": 0.1797677535, "totalOtherIncomeExpensesNet": -341000000, "incomeBeforeTax": 1442000000, "incomeBeforeTaxRatio": 0.1610093792, "incomeTaxExpense": 169000000, "netIncome": 1254000000, "netIncomeRatio": 0.1400178651, "eps": 4.08, "epsdiluted": 4.01, "weightedAverageShsOut": 307676000, "weightedAverageShsOutDil": 312382000, "link": "", "finalLink": "", "calculatedOtherExpenses": 1152000000, "calculatedOperatingExpenses": 2314000000, "calculatedNetInterest": -133000000, "calculatedOtherIncome": -35000000, "calculatedIncomeNonControlling": 19000000, "calculatedEbitda": 2456000000}, {"date": "2008-12-31", "symbol": "LIN", "reportedCurrency": "USD", "cik": "0001707925", "fillingDate": "2008-12-31", "acceptedDate": "2008-12-30 19:00:00", "calendarYear": "2008", "period": "FY", "revenue": 10796000000, "costOfRevenue": 6495000000, "grossProfit": 4301000000, "grossProfitRatio": 0.398388292, "researchAndDevelopmentExpenses": 97000000, "generalAndAdministrativeExpenses": 0, "sellingAndMarketingExpenses": 0, "sellingGeneralAndAdministrativeExpenses": 1312000000, "otherExpenses": 992000000, "operatingExpenses": 2401000000, "costAndExpenses": 8896000000, "interestIncome": 0, "interestExpense": 0, "depreciationAndAmortization": 850000000, "ebitda": 2909000000, "ebitdaratio": 0.2694516488, "operatingIncome": 1883000000, "operatingIncomeRatio": 0.1744164505, "totalOtherIncomeExpensesNet": -123000000, "incomeBeforeTax": 1685000000, "incomeBeforeTaxRatio": 0.1560763246, "incomeTaxExpense": 465000000, "netIncome": 1211000000, "netIncomeRatio": 0.1121711745, "eps": 3.87, "epsdiluted": 3.8, "weightedAverageShsOut": 312658000, "weightedAverageShsOutDil": 318302000, "link": "", "finalLink": "", "calculatedOtherExpenses": 1009000000, "calculatedOperatingExpenses": 2418000000, "calculatedNetInterest": 0, "calculatedOtherIncome": -198000000, "calculatedIncomeNonControlling": 9000000, "calculatedEbitda": 2733000000}, {"date": "2007-12-31", "symbol": "LIN", "reportedCurrency": "USD", "cik": "0001707925", "fillingDate": "2007-12-31", "acceptedDate": "2007-12-30 19:00:00", "calendarYear": "2007", "period": "FY", "revenue": 9402000000, "costOfRevenue": 5557000000, "grossProfit": 3845000000, "grossProfitRatio": 0.4089555414, "researchAndDevelopmentExpenses": 98000000, "generalAndAdministrativeExpenses": 0, "sellingAndMarketingExpenses": 0, "sellingGeneralAndAdministrativeExpenses": 1190000000, "otherExpenses": 771000000, "operatingExpenses": 2059000000, "costAndExpenses": 7616000000, "interestIncome": 0, "interestExpense": 0, "depreciationAndAmortization": 774000000, "ebitda": 2557000000, "ebitdaratio": 0.271963412, "operatingIncome": 1786000000, "operatingIncomeRatio": 0.1899595831, "totalOtherIncomeExpensesNet": 29000000, "incomeBeforeTax": 1613000000, "incomeBeforeTaxRatio": 0.1715592427, "incomeTaxExpense": 419000000, "netIncome": 1177000000, "netIncomeRatio": 0.1251861306, "eps": 3.69, "epsdiluted": 3.62, "weightedAverageShsOut": 318997000, "weightedAverageShsOutDil": 324842000, "link": "", "finalLink": "", "calculatedOtherExpenses": 771000000, "calculatedOperatingExpenses": 2059000000, "calculatedNetInterest": 0, "calculatedOtherIncome": -173000000, "calculatedIncomeNonControlling": 17000000, "calculatedEbitda": 2560000000}, {"date": "2006-12-31", "symbol": "LIN", "reportedCurrency": "USD", "cik": "0001707925", "fillingDate": "2006-12-31", "acceptedDate": "2006-12-30 19:00:00", "calendarYear": "2006", "period": "FY", "revenue": 8324000000, "costOfRevenue": 4968000000, "grossProfit": 3356000000, "grossProfitRatio": 0.4031715521, "researchAndDevelopmentExpenses": 87000000, "generalAndAdministrativeExpenses": 0, "sellingAndMarketingExpenses": 0, "sellingGeneralAndAdministrativeExpenses": 1086000000, "otherExpenses": 664000000, "operatingExpenses": 1837000000, "costAndExpenses": 6805000000, "interestIncome": 0, "interestExpense": 0, "depreciationAndAmortization": 696000000, "ebitda": 2183000000, "ebitdaratio": 0.2622537242, "operatingIncome": 1519000000, "operatingIncomeRatio": 0.1824843825, "totalOtherIncomeExpensesNet": 42000000, "incomeBeforeTax": 1364000000, "incomeBeforeTaxRatio": 0.1638635272, "incomeTaxExpense": 355000000, "netIncome": 988000000, "netIncomeRatio": 0.1186929361, "eps": 3.05, "epsdiluted": 3, "weightedAverageShsOut": 323495000, "weightedAverageShsOutDil": 329293000, "link": "", "finalLink": "", "calculatedOtherExpenses": 664000000, "calculatedOperatingExpenses": 1837000000, "calculatedNetInterest": 0, "calculatedOtherIncome": -155000000, "calculatedIncomeNonControlling": 21000000, "calculatedEbitda": 2215000000}, {"date": "2005-12-31", "symbol": "LIN", "reportedCurrency": "USD", "cik": "0001707925", "fillingDate": "2005-12-31", "acceptedDate": "2005-12-30 19:00:00", "calendarYear": "2005", "period": "FY", "revenue": 7656000000, "costOfRevenue": 4641000000, "grossProfit": 3015000000, "grossProfitRatio": 0.3938087774, "researchAndDevelopmentExpenses": 80000000, "generalAndAdministrativeExpenses": 0, "sellingAndMarketingExpenses": 0, "sellingGeneralAndAdministrativeExpenses": 987000000, "otherExpenses": 655000000, "operatingExpenses": 1722000000, "costAndExpenses": 6363000000, "interestIncome": 0, "interestExpense": 0, "depreciationAndAmortization": 665000000, "ebitda": 1948000000, "ebitdaratio": 0.2544409613, "operatingIncome": 1293000000, "operatingIncomeRatio": 0.1688871473, "totalOtherIncomeExpensesNet": 25000000, "incomeBeforeTax": 1130000000, "incomeBeforeTaxRatio": 0.1475966562, "incomeTaxExpense": 376000000, "netIncome": 726000000, "netIncomeRatio": 0.0948275862, "eps": 2.24, "epsdiluted": 2.2, "weightedAverageShsOut": 323765000, "weightedAverageShsOutDil": 329685000, "link": "", "finalLink": "", "calculatedOtherExpenses": 655000000, "calculatedOperatingExpenses": 1722000000, "calculatedNetInterest": 0, "calculatedOtherIncome": -163000000, "calculatedIncomeNonControlling": 28000000, "calculatedEbitda": 1958000000}, {"date": "2004-12-31", "symbol": "LIN", "reportedCurrency": "USD", "cik": "0001707925", "fillingDate": "2004-12-31", "acceptedDate": "2004-12-30 19:00:00", "calendarYear": "2004", "period": "FY", "revenue": 6594000000, "costOfRevenue": 3987000000, "grossProfit": 2607000000, "grossProfitRatio": 0.3953594177, "researchAndDevelopmentExpenses": 77000000, "generalAndAdministrativeExpenses": 0, "sellingAndMarketingExpenses": 0, "sellingGeneralAndAdministrativeExpenses": 869000000, "otherExpenses": 558000000, "operatingExpenses": 1504000000, "costAndExpenses": 5491000000, "interestIncome": 0, "interestExpense": 0, "depreciationAndAmortization": 578000000, "ebitda": 1661000000, "ebitdaratio": 0.2518956627, "operatingIncome": 1103000000, "operatingIncomeRatio": 0.1672732787, "totalOtherIncomeExpensesNet": 31000000, "incomeBeforeTax": 948000000, "incomeBeforeTaxRatio": 0.143767061, "incomeTaxExpense": 232000000, "netIncome": 697000000, "netIncomeRatio": 0.1057021535, "eps": 2.14, "epsdiluted": 2.1, "weightedAverageShsOut": 325891000, "weightedAverageShsOutDil": 331403000, "link": "", "finalLink": "", "calculatedOtherExpenses": 558000000, "calculatedOperatingExpenses": 1504000000, "calculatedNetInterest": 0, "calculatedOtherIncome": -155000000, "calculatedIncomeNonControlling": 19000000, "calculatedEbitda": 1681000000}, {"date": "2003-12-31", "symbol": "LIN", "reportedCurrency": "USD", "cik": "0001707925", "fillingDate": "2003-12-31", "acceptedDate": "2003-12-30 19:00:00", "calendarYear": "2003", "period": "FY", "revenue": 5613000000, "costOfRevenue": 3328000000, "grossProfit": 2285000000, "grossProfitRatio": 0.4070906823, "researchAndDevelopmentExpenses": 75000000, "generalAndAdministrativeExpenses": 0, "sellingAndMarketingExpenses": 0, "sellingGeneralAndAdministrativeExpenses": 766000000, "otherExpenses": 522000000, "operatingExpenses": 1363000000, "costAndExpenses": 4691000000, "interestIncome": 0, "interestExpense": 0, "depreciationAndAmortization": 517000000, "ebitda": 1444000000, "ebitdaratio": 0.2572599323, "operatingIncome": 922000000, "operatingIncomeRatio": 0.1642615357, "totalOtherIncomeExpensesNet": 7000000, "incomeBeforeTax": 771000000, "incomeBeforeTaxRatio": 0.1373597007, "incomeTaxExpense": 174000000, "netIncome": 585000000, "netIncomeRatio": 0.104222341, "eps": 1.79, "epsdiluted": 1.77, "weightedAverageShsOut": 326388000, "weightedAverageShsOutDil": 330991000, "link": "", "finalLink": "", "calculatedOtherExpenses": 522000000, "calculatedOperatingExpenses": 1363000000, "calculatedNetInterest": 0, "calculatedOtherIncome": -151000000, "calculatedIncomeNonControlling": 12000000, "calculatedEbitda": 1439000000}, {"date": "2002-12-31", "symbol": "LIN", "reportedCurrency": "USD", "cik": "0001707925", "fillingDate": "2002-12-31", "acceptedDate": "2002-12-30 19:00:00", "calendarYear": "2002", "period": "FY", "revenue": 5128000000, "costOfRevenue": 2950000000, "grossProfit": 2178000000, "grossProfitRatio": 0.4247269891, "researchAndDevelopmentExpenses": 69000000, "generalAndAdministrativeExpenses": 0, "sellingAndMarketingExpenses": 0, "sellingGeneralAndAdministrativeExpenses": 751000000, "otherExpenses": 435000000, "operatingExpenses": 1255000000, "costAndExpenses": 4205000000, "interestIncome": 0, "interestExpense": 0, "depreciationAndAmortization": 483000000, "ebitda": 1349000000, "ebitdaratio": 0.2630655226, "operatingIncome": 923000000, "operatingIncomeRatio": 0.1799921997, "totalOtherIncomeExpensesNet": 57000000, "incomeBeforeTax": 717000000, "incomeBeforeTaxRatio": 0.1398205928, "incomeTaxExpense": 158000000, "netIncome": 409000000, "netIncomeRatio": 0.0797581903, "eps": 1.25, "epsdiluted": 1.24, "weightedAverageShsOut": 325536000, "weightedAverageShsOutDil": 329490000, "link": "", "finalLink": "", "calculatedOtherExpenses": 435000000, "calculatedOperatingExpenses": 1255000000, "calculatedNetInterest": 0, "calculatedOtherIncome": -206000000, "calculatedIncomeNonControlling": 150000000, "calculatedEbitda": 1406000000}, {"date": "2001-12-31", "symbol": "LIN", "reportedCurrency": "USD", "cik": "0001707925", "fillingDate": "2001-12-31", "acceptedDate": "2001-12-30 19:00:00", "calendarYear": "2001", "period": "FY", "revenue": 5158000000, "costOfRevenue": 3060000000, "grossProfit": 2098000000, "grossProfitRatio": 0.4067468011, "researchAndDevelopmentExpenses": 66000000, "generalAndAdministrativeExpenses": 0, "sellingAndMarketingExpenses": 0, "sellingGeneralAndAdministrativeExpenses": 699000000, "otherExpenses": 533000000, "operatingExpenses": 1298000000, "costAndExpenses": 4358000000, "interestIncome": 0, "interestExpense": 0, "depreciationAndAmortization": 499000000, "ebitda": 1324000000, "ebitdaratio": 0.256688639, "operatingIncome": 800000000, "operatingIncomeRatio": 0.1550988755, "totalOtherIncomeExpensesNet": -25000000, "incomeBeforeTax": 576000000, "incomeBeforeTaxRatio": 0.1116711904, "incomeTaxExpense": 135000000, "netIncome": 430000000, "netIncomeRatio": 0.0833656456, "eps": 1.33, "epsdiluted": 1.31, "weightedAverageShsOut": 323020000, "weightedAverageShsOutDil": 327014000, "link": "", "finalLink": "", "calculatedOtherExpenses": 533000000, "calculatedOperatingExpenses": 1298000000, "calculatedNetInterest": 0, "calculatedOtherIncome": -224000000, "calculatedIncomeNonControlling": 11000000, "calculatedEbitda": 1299000000}, {"date": "2000-12-31", "symbol": "LIN", "reportedCurrency": "USD", "cik": "0001707925", "fillingDate": "2000-12-31", "acceptedDate": "2000-12-30 19:00:00", "calendarYear": "2000", "period": "FY", "revenue": 5043000000, "costOfRevenue": 3075000000, "grossProfit": 1968000000, "grossProfitRatio": 0.3902439024, "researchAndDevelopmentExpenses": 65000000, "generalAndAdministrativeExpenses": 0, "sellingAndMarketingExpenses": 0, "sellingGeneralAndAdministrativeExpenses": 683000000, "otherExpenses": 513000000, "operatingExpenses": 1261000000, "costAndExpenses": 4336000000, "interestIncome": 0, "interestExpense": 0, "depreciationAndAmortization": 471000000, "ebitda": 1220000000, "ebitdaratio": 0.2419194924, "operatingIncome": 707000000, "operatingIncomeRatio": 0.1401943288, "totalOtherIncomeExpensesNet": -32000000, "incomeBeforeTax": 483000000, "incomeBeforeTaxRatio": 0.0957763236, "incomeTaxExpense": 103000000, "netIncome": 363000000, "netIncomeRatio": 0.0719809637, "eps": 1.14, "epsdiluted": 1.13, "weightedAverageShsOut": 318246000, "weightedAverageShsOutDil": 322184000, "link": "", "finalLink": "", "calculatedOtherExpenses": 513000000, "calculatedOperatingExpenses": 1261000000, "calculatedNetInterest": 0, "calculatedOtherIncome": -224000000, "calculatedIncomeNonControlling": 17000000, "calculatedEbitda": 1178000000}, {"date": "1999-12-31", "symbol": "LIN", "reportedCurrency": "USD", "cik": "0001707925", "fillingDate": "1999-12-31", "acceptedDate": "1999-12-30 19:00:00", "calendarYear": "1999", "period": "FY", "revenue": 4639000000, "costOfRevenue": 2732000000, "grossProfit": 1907000000, "grossProfitRatio": 0.4110799741, "researchAndDevelopmentExpenses": 67000000, "generalAndAdministrativeExpenses": 0, "sellingAndMarketingExpenses": 0, "sellingGeneralAndAdministrativeExpenses": 641000000, "otherExpenses": 368000000, "operatingExpenses": 1076000000, "costAndExpenses": 3808000000, "interestIncome": 0, "interestExpense": 0, "depreciationAndAmortization": 445000000, "ebitda": 1199000000, "ebitdaratio": 0.2584608752, "operatingIncome": 831000000, "operatingIncomeRatio": 0.1791334339, "totalOtherIncomeExpensesNet": 88000000, "incomeBeforeTax": 627000000, "incomeBeforeTaxRatio": 0.1351584393, "incomeTaxExpense": 152000000, "netIncome": 431000000, "netIncomeRatio": 0.0929079543, "eps": 1.36, "epsdiluted": 1.33, "weightedAverageShsOut": 318560000, "weightedAverageShsOutDil": 324444000, "link": "", "finalLink": "", "calculatedOtherExpenses": 368000000, "calculatedOperatingExpenses": 1076000000, "calculatedNetInterest": 0, "calculatedOtherIncome": -204000000, "calculatedIncomeNonControlling": 44000000, "calculatedEbitda": 1276000000}, {"date": "1998-12-31", "symbol": "LIN", "reportedCurrency": "USD", "cik": "0001707925", "fillingDate": "1998-12-31", "acceptedDate": "1998-12-30 19:00:00", "calendarYear": "1998", "period": "FY", "revenue": 4833000000, "costOfRevenue": 2807000000, "grossProfit": 2026000000, "grossProfitRatio": 0.4192013242, "researchAndDevelopmentExpenses": 72000000, "generalAndAdministrativeExpenses": 0, "sellingAndMarketingExpenses": 0, "sellingGeneralAndAdministrativeExpenses": 644000000, "otherExpenses": 454000000, "operatingExpenses": 1170000000, "costAndExpenses": 3977000000, "interestIncome": 0, "interestExpense": 0, "depreciationAndAmortization": 467000000, "ebitda": 1310000000, "ebitdaratio": 0.2710531761, "operatingIncome": 856000000, "operatingIncomeRatio": 0.1771156631, "totalOtherIncomeExpensesNet": 24000000, "incomeBeforeTax": 596000000, "incomeBeforeTaxRatio": 0.1233188496, "incomeTaxExpense": 127000000, "netIncome": 425000000, "netIncomeRatio": 0.0879370991, "eps": 1.34, "epsdiluted": 1.3, "weightedAverageShsOut": 316924000, "weightedAverageShsOutDil": 326712000, "link": "", "finalLink": "", "calculatedOtherExpenses": 454000000, "calculatedOperatingExpenses": 1170000000, "calculatedNetInterest": 0, "calculatedOtherIncome": -260000000, "calculatedIncomeNonControlling": 44000000, "calculatedEbitda": 1323000000}, {"date": "1997-12-31", "symbol": "LIN", "reportedCurrency": "USD", "cik": "0001707925", "fillingDate": "1997-12-31", "acceptedDate": "1997-12-30 19:00:00", "calendarYear": "1997", "period": "FY", "revenue": 4735000000, "costOfRevenue": 2764000000, "grossProfit": 1971000000, "grossProfitRatio": 0.4162618796, "researchAndDevelopmentExpenses": 79000000, "generalAndAdministrativeExpenses": 0, "sellingAndMarketingExpenses": 0, "sellingGeneralAndAdministrativeExpenses": 662000000, "otherExpenses": 392000000, "operatingExpenses": 1133000000, "costAndExpenses": 3897000000, "interestIncome": 0, "interestExpense": 0, "depreciationAndAmortization": 444000000, "ebitda": 1230000000, "ebitdaratio": 0.2597676874, "operatingIncome": 838000000, "operatingIncomeRatio": 0.1769799366, "totalOtherIncomeExpensesNet": 63000000, "incomeBeforeTax": 622000000, "incomeBeforeTaxRatio": 0.1313621964, "incomeTaxExpense": 151000000, "netIncome": 405000000, "netIncomeRatio": 0.0855332629, "eps": 1.28, "epsdiluted": 1.23, "weightedAverageShsOut": 316190000, "weightedAverageShsOutDil": 328106000, "link": "", "finalLink": "", "calculatedOtherExpenses": 392000000, "calculatedOperatingExpenses": 1133000000, "calculatedNetInterest": 0, "calculatedOtherIncome": -216000000, "calculatedIncomeNonControlling": 66000000, "calculatedEbitda": 1282000000}, {"date": "1996-12-31", "symbol": "LIN", "reportedCurrency": "USD", "cik": "0001707925", "fillingDate": "1996-12-31", "acceptedDate": "1996-12-30 19:00:00", "calendarYear": "1996", "period": "FY", "revenue": 4449000000, "costOfRevenue": 2564000000, "grossProfit": 1885000000, "grossProfitRatio": 0.423690717, "researchAndDevelopmentExpenses": 72000000, "generalAndAdministrativeExpenses": 0, "sellingAndMarketingExpenses": 0, "sellingGeneralAndAdministrativeExpenses": 688000000, "otherExpenses": 420000000, "operatingExpenses": 1180000000, "costAndExpenses": 3744000000, "interestIncome": 0, "interestExpense": 0, "depreciationAndAmortization": 420000000, "ebitda": 1175000000, "ebitdaratio": 0.2641042931, "operatingIncome": 705000000, "operatingIncomeRatio": 0.1584625759, "totalOtherIncomeExpensesNet": -50000000, "incomeBeforeTax": 392000000, "incomeBeforeTaxRatio": 0.0881096876, "incomeTaxExpense": 110000000, "netIncome": 282000000, "netIncomeRatio": 0.0633850303, "eps": 0.93, "epsdiluted": 0.89, "weightedAverageShsOut": 305308000, "weightedAverageShsOutDil": 318076000, "link": "", "finalLink": "", "calculatedOtherExpenses": 420000000, "calculatedOperatingExpenses": 1180000000, "calculatedNetInterest": 0, "calculatedOtherIncome": -313000000, "calculatedIncomeNonControlling": 0, "calculatedEbitda": 1125000000}, {"date": "1995-12-31", "symbol": "LIN", "reportedCurrency": "USD", "cik": "0001707925", "fillingDate": "1995-12-31", "acceptedDate": "1995-12-30 19:00:00", "calendarYear": "1995", "period": "FY", "revenue": 3146000000, "costOfRevenue": 1777000000, "grossProfit": 1369000000, "grossProfitRatio": 0.4351557533, "researchAndDevelopmentExpenses": 61000000, "generalAndAdministrativeExpenses": 0, "sellingAndMarketingExpenses": 0, "sellingGeneralAndAdministrativeExpenses": 496000000, "otherExpenses": 279000000, "operatingExpenses": 836000000, "costAndExpenses": 2613000000, "interestIncome": 0, "interestExpense": 0, "depreciationAndAmortization": 279000000, "ebitda": 795000000, "ebitdaratio": 0.2527018436, "operatingIncome": 533000000, "operatingIncomeRatio": 0.1694214876, "totalOtherIncomeExpensesNet": 17000000, "incomeBeforeTax": 384000000, "incomeBeforeTaxRatio": 0.1220597584, "incomeTaxExpense": 122000000, "netIncome": 262000000, "netIncomeRatio": 0.083280356, "eps": 0.95, "epsdiluted": 0.91, "weightedAverageShsOut": 288294000, "weightedAverageShsOutDil": 288294000, "link": "", "finalLink": "", "calculatedOtherExpenses": 279000000, "calculatedOperatingExpenses": 836000000, "calculatedNetInterest": 0, "calculatedOtherIncome": -149000000, "calculatedIncomeNonControlling": 0, "calculatedEbitda": 812000000}, {"date": "1994-12-31", "symbol": "LIN", "reportedCurrency": "USD", "cik": "0001707925", "fillingDate": "1994-12-31", "acceptedDate": "1994-12-30 19:00:00", "calendarYear": "1994", "period": "FY", "revenue": 2711000000, "costOfRevenue": 1507000000, "grossProfit": 1204000000, "grossProfitRatio": 0.4441165622, "researchAndDevelopmentExpenses": 58000000, "generalAndAdministrativeExpenses": 0, "sellingAndMarketingExpenses": 0, "sellingGeneralAndAdministrativeExpenses": 409000000, "otherExpenses": 273000000, "operatingExpenses": 740000000, "costAndExpenses": 2247000000, "interestIncome": 0, "interestExpense": 0, "depreciationAndAmortization": 273000000, "ebitda": 747000000, "ebitdaratio": 0.2755440797, "operatingIncome": 464000000, "operatingIncomeRatio": 0.1711545555, "totalOtherIncomeExpensesNet": -10000000, "incomeBeforeTax": 285000000, "incomeBeforeTaxRatio": 0.1051272593, "incomeTaxExpense": 82000000, "netIncome": 203000000, "netIncomeRatio": 0.074880118, "eps": 0.75, "epsdiluted": 0.73, "weightedAverageShsOut": 279982000, "weightedAverageShsOutDil": 279982000, "link": "", "finalLink": "", "calculatedOtherExpenses": 273000000, "calculatedOperatingExpenses": 740000000, "calculatedNetInterest": 0, "calculatedOtherIncome": -179000000, "calculatedIncomeNonControlling": 0, "calculatedEbitda": 737000000}, {"date": "1993-12-31", "symbol": "LIN", "reportedCurrency": "USD", "cik": "0001707925", "fillingDate": "1993-12-31", "acceptedDate": "1993-12-30 19:00:00", "calendarYear": "1993", "period": "FY", "revenue": 2438000000, "costOfRevenue": 1387000000, "grossProfit": 1051000000, "grossProfitRatio": 0.4310910582, "researchAndDevelopmentExpenses": 0, "generalAndAdministrativeExpenses": 0, "sellingAndMarketingExpenses": 0, "sellingGeneralAndAdministrativeExpenses": 450000000, "otherExpenses": 262000000, "operatingExpenses": 712000000, "costAndExpenses": 2099000000, "interestIncome": 0, "interestExpense": 0, "depreciationAndAmortization": 262000000, "ebitda": 595000000, "ebitdaratio": 0.2440525021, "operatingIncome": 339000000, "operatingIncomeRatio": 0.1390484003, "totalOtherIncomeExpensesNet": 6000000, "incomeBeforeTax": 191000000, "incomeBeforeTaxRatio": 0.078342904, "incomeTaxExpense": 48000000, "netIncome": 118000000, "netIncomeRatio": 0.0484003281, "eps": 0.44, "epsdiluted": 0.44, "weightedAverageShsOut": 268181818, "weightedAverageShsOutDil": 271264368, "link": "", "finalLink": "", "calculatedOtherExpenses": 262000000, "calculatedOperatingExpenses": 712000000, "calculatedNetInterest": 0, "calculatedOtherIncome": -148000000, "calculatedIncomeNonControlling": 25000000, "calculatedEbitda": 601000000}, {"date": "1992-12-31", "symbol": "LIN", "reportedCurrency": "USD", "cik": "0001707925", "fillingDate": "1992-12-31", "acceptedDate": "1992-12-30 19:00:00", "calendarYear": "1992", "period": "FY", "revenue": 2604000000, "costOfRevenue": 1450000000, "grossProfit": 1154000000, "grossProfitRatio": 0.4431643625, "researchAndDevelopmentExpenses": 0, "generalAndAdministrativeExpenses": 0, "sellingAndMarketingExpenses": 0, "sellingGeneralAndAdministrativeExpenses": 469000000, "otherExpenses": 257000000, "operatingExpenses": 726000000, "costAndExpenses": 2176000000, "interestIncome": 0, "interestExpense": 0, "depreciationAndAmortization": 257000000, "ebitda": 830000000, "ebitdaratio": 0.3187403994, "operatingIncome": 428000000, "operatingIncomeRatio": 0.1643625192, "totalOtherIncomeExpensesNet": -145000000, "incomeBeforeTax": 121000000, "incomeBeforeTaxRatio": 0.0464669739, "incomeTaxExpense": 37000000, "netIncome": -60000000, "netIncomeRatio": -0.0230414747, "eps": -0.23, "epsdiluted": -0.23, "weightedAverageShsOut": 260869565, "weightedAverageShsOutDil": 260869565, "link": "", "finalLink": "", "calculatedOtherExpenses": 257000000, "calculatedOperatingExpenses": 726000000, "calculatedNetInterest": 0, "calculatedOtherIncome": -307000000, "calculatedIncomeNonControlling": 144000000, "calculatedEbitda": 685000000}, {"date": "1991-12-31", "symbol": "LIN", "reportedCurrency": "USD", "cik": "0001707925", "fillingDate": "1991-12-31", "acceptedDate": "1991-12-30 19:00:00", "calendarYear": "1991", "period": "FY", "revenue": 2469000000, "costOfRevenue": 1402000000, "grossProfit": 1067000000, "grossProfitRatio": 0.4321587687, "researchAndDevelopmentExpenses": 0, "generalAndAdministrativeExpenses": 0, "sellingAndMarketingExpenses": 0, "sellingGeneralAndAdministrativeExpenses": 455000000, "otherExpenses": 236000000, "operatingExpenses": 691000000, "costAndExpenses": 2093000000, "interestIncome": 0, "interestExpense": 0, "depreciationAndAmortization": 236000000, "ebitda": 661000000, "ebitdaratio": 0.2677197246, "operatingIncome": 376000000, "operatingIncomeRatio": 0.1522883759, "totalOtherIncomeExpensesNet": -49000000, "incomeBeforeTax": 175000000, "incomeBeforeTaxRatio": 0.0708788983, "incomeTaxExpense": 68000000, "netIncome": 107000000, "netIncomeRatio": 0.0433373836, "eps": 0.42, "epsdiluted": 0.42, "weightedAverageShsOut": 254761905, "weightedAverageShsOutDil": 254761905, "link": "", "finalLink": "", "calculatedOtherExpenses": 236000000, "calculatedOperatingExpenses": 691000000, "calculatedNetInterest": 0, "calculatedOtherIncome": -201000000, "calculatedIncomeNonControlling": 0, "calculatedEbitda": 612000000}]}