{"originalCurrency": "USD", "convertedCurrency": "USD", "report": [{"date": "2023-07-01", "symbol": "LITE", "reportedCurrency": "USD", "cik": "0001633978", "fillingDate": "2023-08-23", "acceptedDate": "2023-08-23 16:05:40", "calendarYear": "2023", "period": "FY", "revenue": 1767000000, "costOfRevenue": 1198000000, "grossProfit": 569000000, "grossProfitRatio": 0.3220147142, "researchAndDevelopmentExpenses": 307800000, "generalAndAdministrativeExpenses": 0, "sellingAndMarketingExpenses": 0, "sellingGeneralAndAdministrativeExpenses": 348800000, "otherExpenses": 48800000, "operatingExpenses": 656600000, "costAndExpenses": 1854600000, "interestIncome": 40800000, "interestExpense": 35500000, "depreciationAndAmortization": 255600000, "ebitda": -38800000, "ebitdaratio": -0.0219581211, "operatingIncome": -115700000, "operatingIncomeRatio": -0.0654782117, "totalOtherIncomeExpensesNet": 20700000, "incomeBeforeTax": -102400000, "incomeBeforeTaxRatio": -0.0579513299, "incomeTaxExpense": 29200000, "netIncome": -131600000, "netIncomeRatio": -0.0744765139, "eps": -1.93, "epsdiluted": -1.93, "weightedAverageShsOut": 68300000, "weightedAverageShsOutDil": 68300000, "link": "https://www.sec.gov/Archives/edgar/data/1633978/000162828023030374/0001628280-23-030374-index.htm", "finalLink": "https://www.sec.gov/Archives/edgar/data/1633978/000162828023030374/lite-20230701.htm", "calculatedOtherExpenses": 28100000, "calculatedOperatingExpenses": 684700000, "calculatedNetInterest": 5300000, "calculatedOtherIncome": 8000000, "calculatedIncomeNonControlling": 0, "calculatedEbitda": 139900000}, {"date": "2022-07-02", "symbol": "LITE", "reportedCurrency": "USD", "cik": "0001633978", "fillingDate": "2022-08-24", "acceptedDate": "2022-08-24 16:45:45", "calendarYear": "2022", "period": "FY", "revenue": 1712600000, "costOfRevenue": 924000000, "grossProfit": 788600000, "grossProfitRatio": 0.4604694616, "researchAndDevelopmentExpenses": 220700000, "generalAndAdministrativeExpenses": 0, "sellingAndMarketingExpenses": 0, "sellingGeneralAndAdministrativeExpenses": 265700000, "otherExpenses": 12000000, "operatingExpenses": 486400000, "costAndExpenses": 1410400000, "interestIncome": 6100000, "interestExpense": 80200000, "depreciationAndAmortization": 167100000, "ebitda": 314200000, "ebitdaratio": 0.1834637393, "operatingIncome": 147100000, "operatingIncomeRatio": 0.0858927946, "totalOtherIncomeExpensesNet": 88000000, "incomeBeforeTax": 235100000, "incomeBeforeTaxRatio": 0.1372766554, "incomeTaxExpense": 36200000, "netIncome": 198900000, "netIncomeRatio": 0.1161392036, "eps": 2.79, "epsdiluted": 2.68, "weightedAverageShsOut": 71200000, "weightedAverageShsOutDil": 74200000, "link": "https://www.sec.gov/Archives/edgar/data/1633978/000162828022023617/0001628280-22-023617-index.htm", "finalLink": "https://www.sec.gov/Archives/edgar/data/1633978/000162828022023617/lite-20220702.htm", "calculatedOtherExpenses": 155100000, "calculatedOperatingExpenses": 641500000, "calculatedNetInterest": -74100000, "calculatedOtherIncome": 162100000, "calculatedIncomeNonControlling": 0, "calculatedEbitda": 314200000}, {"date": "2021-07-03", "symbol": "LITE", "reportedCurrency": "USD", "cik": "0001633978", "fillingDate": "2021-08-31", "acceptedDate": "2021-08-30 17:35:07", "calendarYear": "2021", "period": "FY", "revenue": 1742800000, "costOfRevenue": 959700000, "grossProfit": 783100000, "grossProfitRatio": 0.4493344044, "researchAndDevelopmentExpenses": 214500000, "generalAndAdministrativeExpenses": 0, "sellingAndMarketingExpenses": 0, "sellingGeneralAndAdministrativeExpenses": 241400000, "otherExpenses": 2800000, "operatingExpenses": 455900000, "costAndExpenses": 1415600000, "interestIncome": 5700000, "interestExpense": 66700000, "depreciationAndAmortization": 177100000, "ebitda": 330000000, "ebitdaratio": 0.1893504705, "operatingIncome": 152900000, "operatingIncomeRatio": 0.0877323847, "totalOtherIncomeExpensesNet": 310200000, "incomeBeforeTax": 463100000, "incomeBeforeTaxRatio": 0.2657218269, "incomeTaxExpense": 65800000, "netIncome": 397300000, "netIncomeRatio": 0.2279664907, "eps": 5.27, "epsdiluted": 5.07, "weightedAverageShsOut": 75400000, "weightedAverageShsOutDil": 78400000, "link": "https://www.sec.gov/Archives/edgar/data/1633978/000162828021017799/0001628280-21-017799-index.htm", "finalLink": "https://www.sec.gov/Archives/edgar/data/1633978/000162828021017799/lite-20210703.htm", "calculatedOtherExpenses": 174300000, "calculatedOperatingExpenses": 630200000, "calculatedNetInterest": -61000000, "calculatedOtherIncome": 371200000, "calculatedIncomeNonControlling": 0, "calculatedEbitda": 330000000}, {"date": "2020-06-27", "symbol": "LITE", "reportedCurrency": "USD", "cik": "0001633978", "fillingDate": "2020-08-25", "acceptedDate": "2020-08-25 16:18:38", "calendarYear": "2020", "period": "FY", "revenue": 1678600000, "costOfRevenue": 1028400000, "grossProfit": 650200000, "grossProfitRatio": 0.3873465984, "researchAndDevelopmentExpenses": 198600000, "generalAndAdministrativeExpenses": 0, "sellingAndMarketingExpenses": 0, "sellingGeneralAndAdministrativeExpenses": 235200000, "otherExpenses": 31400000, "operatingExpenses": 433800000, "costAndExpenses": 1462200000, "interestIncome": 15800000, "interestExpense": 61200000, "depreciationAndAmortization": 191900000, "ebitda": 247800000, "ebitdaratio": 0.1476230192, "operatingIncome": 55900000, "operatingIncomeRatio": 0.0333015608, "totalOtherIncomeExpensesNet": 118400000, "incomeBeforeTax": 174300000, "incomeBeforeTaxRatio": 0.1038365304, "incomeTaxExpense": 38800000, "netIncome": 135500000, "netIncomeRatio": 0.0807220303, "eps": 1.79, "epsdiluted": 1.75, "weightedAverageShsOut": 75900000, "weightedAverageShsOutDil": 77600000, "link": "https://www.sec.gov/Archives/edgar/data/1633978/000163397820000011/0001633978-20-000011-index.htm", "finalLink": "https://www.sec.gov/Archives/edgar/data/1633978/000163397820000011/lumentumfy20-10k.htm", "calculatedOtherExpenses": 160500000, "calculatedOperatingExpenses": 594300000, "calculatedNetInterest": -45400000, "calculatedOtherIncome": 163800000, "calculatedIncomeNonControlling": 0, "calculatedEbitda": 247800000}, {"date": "2019-06-29", "symbol": "LITE", "reportedCurrency": "USD", "cik": "0001633978", "fillingDate": "2019-08-27", "acceptedDate": "2019-08-27 16:22:26", "calendarYear": "2019", "period": "FY", "revenue": 1565300000, "costOfRevenue": 1139400000, "grossProfit": 425900000, "grossProfitRatio": 0.2720884176, "researchAndDevelopmentExpenses": 184600000, "generalAndAdministrativeExpenses": 0, "sellingAndMarketingExpenses": 0, "sellingGeneralAndAdministrativeExpenses": 200300000, "otherExpenses": 2500000, "operatingExpenses": 384900000, "costAndExpenses": 1524300000, "interestIncome": 13900000, "interestExpense": 36300000, "depreciationAndAmortization": 157500000, "ebitda": 94800000, "ebitdaratio": 0.0605634703, "operatingIncome": -62700000, "operatingIncomeRatio": -0.0400562193, "totalOtherIncomeExpensesNet": 29400000, "incomeBeforeTax": -33300000, "incomeBeforeTaxRatio": -0.0212738772, "incomeTaxExpense": 3100000, "netIncome": -36400000, "netIncomeRatio": -0.0232543282, "eps": -0.51, "epsdiluted": -0.51, "weightedAverageShsOut": 70700000, "weightedAverageShsOutDil": 70700000, "link": "https://www.sec.gov/Archives/edgar/data/1633978/000163397819000069/0001633978-19-000069-index.htm", "finalLink": "https://www.sec.gov/Archives/edgar/data/1633978/000163397819000069/lumentumfy19-10k.htm", "calculatedOtherExpenses": 103700000, "calculatedOperatingExpenses": 488600000, "calculatedNetInterest": -22400000, "calculatedOtherIncome": 51800000, "calculatedIncomeNonControlling": 0, "calculatedEbitda": 94800000}, {"date": "2018-06-30", "symbol": "LITE", "reportedCurrency": "USD", "cik": "0001633978", "fillingDate": "2018-08-28", "acceptedDate": "2018-08-28 16:27:44", "calendarYear": "2018", "period": "FY", "revenue": 1247700000, "costOfRevenue": 815600000, "grossProfit": 432100000, "grossProfitRatio": 0.3463172237, "researchAndDevelopmentExpenses": 156800000, "generalAndAdministrativeExpenses": 0, "sellingAndMarketingExpenses": 0, "sellingGeneralAndAdministrativeExpenses": 128200000, "otherExpenses": 300000, "operatingExpenses": 285000000, "costAndExpenses": 1100600000, "interestIncome": 8500000, "interestExpense": 18200000, "depreciationAndAmortization": 77200000, "ebitda": 155100000, "ebitdaratio": 0.1243087281, "operatingIncome": 139900000, "operatingIncomeRatio": 0.1121263124, "totalOtherIncomeExpensesNet": -8000000, "incomeBeforeTax": 129400000, "incomeBeforeTaxRatio": 0.1037108279, "incomeTaxExpense": -118700000, "netIncome": 248100000, "netIncomeRatio": 0.1988458764, "eps": 3.98, "epsdiluted": 3.92, "weightedAverageShsOut": 62300000, "weightedAverageShsOutDil": 63300000, "link": "https://www.sec.gov/Archives/edgar/data/1633978/000163397818000108/0001633978-18-000108-index.htm", "finalLink": "https://www.sec.gov/Archives/edgar/data/1633978/000163397818000108/lumentumfy1810k.htm", "calculatedOtherExpenses": 7200000, "calculatedOperatingExpenses": 292200000, "calculatedNetInterest": -9700000, "calculatedOtherIncome": -800000, "calculatedIncomeNonControlling": 0, "calculatedEbitda": 217100000}, {"date": "2017-07-01", "symbol": "LITE", "reportedCurrency": "USD", "cik": "0001633978", "fillingDate": "2017-08-29", "acceptedDate": "2017-08-29 17:30:25", "calendarYear": "2017", "period": "FY", "revenue": 1001600000, "costOfRevenue": 683500000, "grossProfit": 318100000, "grossProfitRatio": 0.317591853, "researchAndDevelopmentExpenses": 148300000, "generalAndAdministrativeExpenses": 0, "sellingAndMarketingExpenses": 0, "sellingGeneralAndAdministrativeExpenses": 110200000, "otherExpenses": 1700000, "operatingExpenses": 258500000, "costAndExpenses": 942000000, "interestIncome": 0, "interestExpense": 5500000, "depreciationAndAmortization": 61000000, "ebitda": 175800000, "ebitdaratio": 0.1755191693, "operatingIncome": 47600000, "operatingIncomeRatio": 0.0475239617, "totalOtherIncomeExpensesNet": -116200000, "incomeBeforeTax": -59800000, "incomeBeforeTaxRatio": -0.0597044728, "incomeTaxExpense": 42700000, "netIncome": -102500000, "netIncomeRatio": -0.102336262, "eps": -1.69, "epsdiluted": -1.69, "weightedAverageShsOut": 60467836, "weightedAverageShsOutDil": 60600000, "link": "https://www.sec.gov/Archives/edgar/data/1633978/000163397817000095/0001633978-17-000095-index.htm", "finalLink": "https://www.sec.gov/Archives/edgar/data/1633978/000163397817000095/lumentumfy1710k.htm", "calculatedOtherExpenses": 12000000, "calculatedOperatingExpenses": 270500000, "calculatedNetInterest": -5500000, "calculatedOtherIncome": -101900000, "calculatedIncomeNonControlling": 0, "calculatedEbitda": 108600000}, {"date": "2016-07-02", "symbol": "LITE", "reportedCurrency": "USD", "cik": "0001633978", "fillingDate": "2016-09-02", "acceptedDate": "2016-09-02 17:07:29", "calendarYear": "2016", "period": "FY", "revenue": 903000000, "costOfRevenue": 625700000, "grossProfit": 277300000, "grossProfitRatio": 0.3070874862, "researchAndDevelopmentExpenses": 141100000, "generalAndAdministrativeExpenses": 0, "sellingAndMarketingExpenses": 0, "sellingGeneralAndAdministrativeExpenses": 117300000, "otherExpenses": -200000, "operatingExpenses": 258400000, "costAndExpenses": 884100000, "interestIncome": 0, "interestExpense": 100000, "depreciationAndAmortization": 54600000, "ebitda": 26900000, "ebitdaratio": 0.0297895903, "operatingIncome": 11500000, "operatingIncomeRatio": 0.0127353267, "totalOtherIncomeExpensesNet": -8000000, "incomeBeforeTax": 9700000, "incomeBeforeTaxRatio": 0.0107419712, "incomeTaxExpense": 400000, "netIncome": 9300000, "netIncomeRatio": 0.0102990033, "eps": -0.05, "epsdiluted": -0.05, "weightedAverageShsOut": 59100000, "weightedAverageShsOutDil": 61200000, "link": "https://www.sec.gov/Archives/edgar/data/1633978/000162828016019400/0001628280-16-019400-index.htm", "finalLink": "https://www.sec.gov/Archives/edgar/data/1633978/000162828016019400/lumentumfy1610k.htm", "calculatedOtherExpenses": 7400000, "calculatedOperatingExpenses": 265800000, "calculatedNetInterest": -100000, "calculatedOtherIncome": -1700000, "calculatedIncomeNonControlling": 0, "calculatedEbitda": 66100000}, {"date": "2015-06-27", "symbol": "LITE", "reportedCurrency": "USD", "cik": "0001633978", "fillingDate": "2015-09-25", "acceptedDate": "2015-09-25 15:22:44", "calendarYear": "2015", "period": "FY", "revenue": 837100000, "costOfRevenue": 579200000, "grossProfit": 257900000, "grossProfitRatio": 0.3080874447, "researchAndDevelopmentExpenses": 140800000, "generalAndAdministrativeExpenses": 0, "sellingAndMarketingExpenses": 0, "sellingGeneralAndAdministrativeExpenses": 128900000, "otherExpenses": -100000, "operatingExpenses": 269700000, "costAndExpenses": 848900000, "interestIncome": 0, "interestExpense": 700000, "depreciationAndAmortization": 51000000, "ebitda": 39100000, "ebitdaratio": 0.0467088759, "operatingIncome": -23400000, "operatingIncomeRatio": -0.0279536495, "totalOtherIncomeExpensesNet": -12000000, "incomeBeforeTax": -24500000, "incomeBeforeTaxRatio": -0.02926771, "incomeTaxExpense": -21100000, "netIncome": -3400000, "netIncomeRatio": -0.0040616414, "eps": -0.0582, "epsdiluted": -0.0582, "weightedAverageShsOut": 56666666, "weightedAverageShsOutDil": 58409685, "link": "https://www.sec.gov/Archives/edgar/data/1633978/000162828015007281/0001628280-15-007281-index.htm", "finalLink": "https://www.sec.gov/Archives/edgar/data/1633978/000162828015007281/lumentumfy1510k.htm", "calculatedOtherExpenses": 11600000, "calculatedOperatingExpenses": 281300000, "calculatedNetInterest": -700000, "calculatedOtherIncome": -400000, "calculatedIncomeNonControlling": 0, "calculatedEbitda": 27600000}, {"date": "2014-06-30", "symbol": "LITE", "reportedCurrency": "USD", "cik": "0001633978", "fillingDate": "2014-06-30", "acceptedDate": "2014-06-29 20:00:00", "calendarYear": "2014", "period": "FY", "revenue": 817900000, "costOfRevenue": 561300000, "grossProfit": 256600000, "grossProfitRatio": 0.3137302849, "researchAndDevelopmentExpenses": 134900000, "generalAndAdministrativeExpenses": 0, "sellingAndMarketingExpenses": 0, "sellingGeneralAndAdministrativeExpenses": 108200000, "otherExpenses": -300000, "operatingExpenses": 243100000, "costAndExpenses": 804400000, "interestIncome": 0, "interestExpense": 200000, "depreciationAndAmortization": 44800000, "ebitda": 58000000, "ebitdaratio": 0.0709133146, "operatingIncome": 8700000, "operatingIncomeRatio": 0.0106369972, "totalOtherIncomeExpensesNet": -3500000, "incomeBeforeTax": 9800000, "incomeBeforeTaxRatio": 0.0119819049, "incomeTaxExpense": -900000, "netIncome": 10700000, "netIncomeRatio": 0.0130822839, "eps": 0.18, "epsdiluted": 0.18, "weightedAverageShsOut": 58000000, "weightedAverageShsOutDil": 58000000, "link": "", "finalLink": "", "calculatedOtherExpenses": 4800000, "calculatedOperatingExpenses": 247900000, "calculatedNetInterest": -200000, "calculatedOtherIncome": 1300000, "calculatedIncomeNonControlling": 0, "calculatedEbitda": 53500000}, {"date": "2013-06-30", "symbol": "LITE", "reportedCurrency": "USD", "cik": "0001633978", "fillingDate": "2013-06-30", "acceptedDate": "2013-06-29 20:00:00", "calendarYear": "2013", "period": "FY", "revenue": 769900000, "costOfRevenue": 547100000, "grossProfit": 222800000, "grossProfitRatio": 0.2893882322, "researchAndDevelopmentExpenses": 113700000, "generalAndAdministrativeExpenses": 0, "sellingAndMarketingExpenses": 0, "sellingGeneralAndAdministrativeExpenses": 102600000, "otherExpenses": -300000, "operatingExpenses": 216300000, "costAndExpenses": 763400000, "interestIncome": 0, "interestExpense": 1000000, "depreciationAndAmortization": 46000000, "ebitda": 52200000, "ebitdaratio": 0.0678010131, "operatingIncome": 3900000, "operatingIncomeRatio": 0.0050655929, "totalOtherIncomeExpensesNet": -1800000, "incomeBeforeTax": 3700000, "incomeBeforeTaxRatio": 0.0048058189, "incomeTaxExpense": -2800000, "netIncome": 6500000, "netIncomeRatio": 0.0084426549, "eps": 0.11, "epsdiluted": 0.11, "weightedAverageShsOut": 58000000, "weightedAverageShsOutDil": 58000000, "link": "", "finalLink": "", "calculatedOtherExpenses": 2600000, "calculatedOperatingExpenses": 218900000, "calculatedNetInterest": -1000000, "calculatedOtherIncome": 800000, "calculatedIncomeNonControlling": 0, "calculatedEbitda": 49900000}, {"date": "2012-06-30", "symbol": "LITE", "reportedCurrency": "USD", "cik": "0001633978", "fillingDate": "2012-06-30", "acceptedDate": "2012-06-29 20:00:00", "calendarYear": "2012", "period": "FY", "revenue": 727900000, "costOfRevenue": 523000000, "grossProfit": 204900000, "grossProfitRatio": 0.2814947108, "researchAndDevelopmentExpenses": 107000000, "generalAndAdministrativeExpenses": 0, "sellingAndMarketingExpenses": 0, "sellingGeneralAndAdministrativeExpenses": 101600000, "otherExpenses": 400000, "operatingExpenses": 208600000, "costAndExpenses": 731600000, "interestIncome": 0, "interestExpense": 900000, "depreciationAndAmortization": 42000000, "ebitda": 38700000, "ebitdaratio": 0.0531666438, "operatingIncome": -4500000, "operatingIncomeRatio": -0.0061821679, "totalOtherIncomeExpensesNet": 8600000, "incomeBeforeTax": 4000000, "incomeBeforeTaxRatio": 0.0054952603, "incomeTaxExpense": 1400000, "netIncome": 2600000, "netIncomeRatio": 0.0035719192, "eps": 0.0448, "epsdiluted": 0.0448, "weightedAverageShsOut": 58000000, "weightedAverageShsOutDil": 58000000, "link": "", "finalLink": "", "calculatedOtherExpenses": 800000, "calculatedOperatingExpenses": 209400000, "calculatedNetInterest": -900000, "calculatedOtherIncome": 9400000, "calculatedIncomeNonControlling": 0, "calculatedEbitda": 37500000}]}