{"originalCurrency": "USD", "convertedCurrency": "USD", "report": [{"date": "2023-12-31", "symbol": "LKQ", "reportedCurrency": "USD", "cik": "0001065696", "fillingDate": "2024-02-22", "acceptedDate": "2024-02-22 13:52:46", "calendarYear": "2023", "period": "FY", "revenue": 13866000000, "costOfRevenue": 8291000000, "grossProfit": 5575000000, "grossProfitRatio": 0.4020625992, "researchAndDevelopmentExpenses": 0, "generalAndAdministrativeExpenses": 3870000000, "sellingAndMarketingExpenses": 0, "sellingGeneralAndAdministrativeExpenses": 3870000000, "otherExpenses": 0, "operatingExpenses": 4153000000, "costAndExpenses": 12444000000, "interestIncome": 44000000, "interestExpense": 214000000, "depreciationAndAmortization": 319000000, "ebitda": 1785000000, "ebitdaratio": 0.1287321506, "operatingIncome": 1357000000, "operatingIncomeRatio": 0.097865282, "totalOtherIncomeExpensesNet": -17000000, "incomeBeforeTax": 1235000000, "incomeBeforeTaxRatio": 0.0890667821, "incomeTaxExpense": 306000000, "netIncome": 936000000, "netIncomeRatio": 0.0675032453, "eps": 3.52, "epsdiluted": 3.51, "weightedAverageShsOut": 267600000, "weightedAverageShsOutDil": 268300000, "link": "https://www.sec.gov/Archives/edgar/data/1065696/000106569624000009/0001065696-24-000009-index.htm", "finalLink": "https://www.sec.gov/Archives/edgar/data/1065696/000106569624000009/lkq-20231231.htm", "calculatedOtherExpenses": 348000000, "calculatedOperatingExpenses": 4218000000, "calculatedNetInterest": -170000000, "calculatedOtherIncome": 48000000, "calculatedIncomeNonControlling": -7000000, "calculatedEbitda": 1676000000}, {"date": "2022-12-31", "symbol": "LKQ", "reportedCurrency": "USD", "cik": "0001065696", "fillingDate": "2023-02-23", "acceptedDate": "2023-02-23 15:08:03", "calendarYear": "2022", "period": "FY", "revenue": 12794000000, "costOfRevenue": 7571000000, "grossProfit": 5223000000, "grossProfitRatio": 0.4082382367, "researchAndDevelopmentExpenses": 0, "generalAndAdministrativeExpenses": 3544000000, "sellingAndMarketingExpenses": 0, "sellingGeneralAndAdministrativeExpenses": 3544000000, "otherExpenses": 237000000, "operatingExpenses": 3781000000, "costAndExpenses": 11352000000, "interestIncome": 15000000, "interestExpense": 78000000, "depreciationAndAmortization": 140000000, "ebitda": 1721000000, "ebitdaratio": 0.1345161795, "operatingIncome": 1581000000, "operatingIncomeRatio": 0.1235735501, "totalOtherIncomeExpensesNet": -63000000, "incomeBeforeTax": 1518000000, "incomeBeforeTaxRatio": 0.1186493669, "incomeTaxExpense": 385000000, "netIncome": 1149000000, "netIncomeRatio": 0.0898077224, "eps": 4.15, "epsdiluted": 4.13, "weightedAverageShsOut": 277100000, "weightedAverageShsOutDil": 278000000, "link": "https://www.sec.gov/Archives/edgar/data/1065696/000106569623000008/0001065696-23-000008-index.htm", "finalLink": "https://www.sec.gov/Archives/edgar/data/1065696/000106569623000008/lkq-20221231.htm", "calculatedOtherExpenses": 98000000, "calculatedOperatingExpenses": 3642000000, "calculatedNetInterest": -63000000, "calculatedOtherIncome": 0, "calculatedIncomeNonControlling": -16000000, "calculatedEbitda": 1721000000}, {"date": "2021-12-31", "symbol": "LKQ", "reportedCurrency": "USD", "cik": "0001065696", "fillingDate": "2022-02-25", "acceptedDate": "2022-02-25 16:18:27", "calendarYear": "2021", "period": "FY", "revenue": 13088504000, "costOfRevenue": 7766069000, "grossProfit": 5322435000, "grossProfitRatio": 0.4066496064, "researchAndDevelopmentExpenses": 0, "generalAndAdministrativeExpenses": 3567732000, "sellingAndMarketingExpenses": 0, "sellingGeneralAndAdministrativeExpenses": 3567732000, "otherExpenses": 259992000, "operatingExpenses": 3827724000, "costAndExpenses": 11593793000, "interestIncome": 20400000, "interestExpense": 72078000, "depreciationAndAmortization": 324742000, "ebitda": 1799114000, "ebitdaratio": 0.1374575735, "operatingIncome": 1474372000, "operatingIncomeRatio": 0.1126463345, "totalOtherIncomeExpensesNet": -75242000, "incomeBeforeTax": 1399130000, "incomeBeforeTaxRatio": 0.1068976256, "incomeTaxExpense": 330591000, "netIncome": 1091000000, "netIncomeRatio": 0.0833555921, "eps": 3.68, "epsdiluted": 3.66, "weightedAverageShsOut": 296836000, "weightedAverageShsOutDil": 297722000, "link": "https://www.sec.gov/Archives/edgar/data/1065696/000106569622000006/0001065696-22-000006-index.htm", "finalLink": "https://www.sec.gov/Archives/edgar/data/1065696/000106569622000006/lkq-20211231.htm", "calculatedOtherExpenses": 280331000, "calculatedOperatingExpenses": 3848063000, "calculatedNetInterest": -51678000, "calculatedOtherIncome": -23564000, "calculatedIncomeNonControlling": -22461000, "calculatedEbitda": 1799114000}, {"date": "2020-12-31", "symbol": "LKQ", "reportedCurrency": "USD", "cik": "0001065696", "fillingDate": "2021-02-26", "acceptedDate": "2021-02-25 21:35:22", "calendarYear": "2020", "period": "FY", "revenue": 11628830000, "costOfRevenue": 7035559000, "grossProfit": 4593271000, "grossProfitRatio": 0.3949899517, "researchAndDevelopmentExpenses": 0, "generalAndAdministrativeExpenses": 3266065000, "sellingAndMarketingExpenses": 0, "sellingGeneralAndAdministrativeExpenses": 3266065000, "otherExpenses": 272292000, "operatingExpenses": 3538357000, "costAndExpenses": 10573916000, "interestIncome": 15953000, "interestExpense": 103784000, "depreciationAndAmortization": 384787000, "ebitda": 1370364000, "ebitdaratio": 0.1178419497, "operatingIncome": 985577000, "operatingIncomeRatio": 0.0847528943, "totalOtherIncomeExpensesNet": -100582000, "incomeBeforeTax": 884995000, "incomeBeforeTaxRatio": 0.0761035289, "incomeTaxExpense": 249498000, "netIncome": 638423000, "netIncomeRatio": 0.05490002, "eps": 2.1, "epsdiluted": 2.09, "weightedAverageShsOut": 304640000, "weightedAverageShsOutDil": 305006000, "link": "https://www.sec.gov/Archives/edgar/data/1065696/000106569621000010/0001065696-21-000010-index.htm", "finalLink": "https://www.sec.gov/Archives/edgar/data/1065696/000106569621000010/lkq-20201231.htm", "calculatedOtherExpenses": 341629000, "calculatedOperatingExpenses": 3607694000, "calculatedNetInterest": -87831000, "calculatedOtherIncome": -12751000, "calculatedIncomeNonControlling": -2926000, "calculatedEbitda": 1370364000}, {"date": "2019-12-31", "symbol": "LKQ", "reportedCurrency": "USD", "cik": "0001065696", "fillingDate": "2020-02-27", "acceptedDate": "2020-02-27 16:20:55", "calendarYear": "2019", "period": "FY", "revenue": 12506109000, "costOfRevenue": 7654315000, "grossProfit": 4851794000, "grossProfitRatio": 0.3879539192, "researchAndDevelopmentExpenses": 0, "generalAndAdministrativeExpenses": 3580300000, "sellingAndMarketingExpenses": 0, "sellingGeneralAndAdministrativeExpenses": 3580300000, "otherExpenses": 290770000, "operatingExpenses": 3871070000, "costAndExpenses": 11525385000, "interestIncome": 32755000, "interestExpense": 138504000, "depreciationAndAmortization": 431242000, "ebitda": 1327885000, "ebitdaratio": 0.1061789082, "operatingIncome": 896643000, "operatingIncomeRatio": 0.0716964005, "totalOtherIncomeExpensesNet": -105621000, "incomeBeforeTax": 791022000, "incomeBeforeTaxRatio": 0.063250848, "incomeTaxExpense": 215330000, "netIncome": 541260000, "netIncomeRatio": 0.0432796484, "eps": 1.75, "epsdiluted": 1.74, "weightedAverageShsOut": 310155000, "weightedAverageShsOutDil": 310969000, "link": "https://www.sec.gov/Archives/edgar/data/1065696/000106569620000008/0001065696-20-000008-index.htm", "finalLink": "https://www.sec.gov/Archives/edgar/data/1065696/000106569620000008/lkq-2019123110k.htm", "calculatedOtherExpenses": 374851000, "calculatedOperatingExpenses": 3955151000, "calculatedNetInterest": -105749000, "calculatedOtherIncome": 128000, "calculatedIncomeNonControlling": 34432000, "calculatedEbitda": 1327885000}, {"date": "2018-12-31", "symbol": "LKQ", "reportedCurrency": "USD", "cik": "0001065696", "fillingDate": "2019-03-01", "acceptedDate": "2019-03-01 15:25:02", "calendarYear": "2018", "period": "FY", "revenue": 11876674000, "costOfRevenue": 7301817000, "grossProfit": 4574857000, "grossProfitRatio": 0.3851968152, "researchAndDevelopmentExpenses": 0, "generalAndAdministrativeExpenses": 3352731000, "sellingAndMarketingExpenses": 0, "sellingGeneralAndAdministrativeExpenses": 3352731000, "otherExpenses": 274213000, "operatingExpenses": 3626944000, "costAndExpenses": 10928761000, "interestIncome": 6499000, "interestExpense": 146377000, "depreciationAndAmortization": 294077000, "ebitda": 1248489000, "ebitdaratio": 0.105121097, "operatingIncome": 882241000, "operatingIncomeRatio": 0.0742835073, "totalOtherIncomeExpensesNet": -64604000, "incomeBeforeTax": 743431000, "incomeBeforeTaxRatio": 0.0625958917, "incomeTaxExpense": 191395000, "netIncome": 480118000, "netIncomeRatio": 0.0404252908, "eps": 1.53, "epsdiluted": 1.52, "weightedAverageShsOut": 314428000, "weightedAverageShsOutDil": 315849000, "link": "https://www.sec.gov/Archives/edgar/data/1065696/000106569619000010/0001065696-19-000010-index.htm", "finalLink": "https://www.sec.gov/Archives/edgar/data/1065696/000106569619000010/lkq-20181231_10k.htm", "calculatedOtherExpenses": 339885000, "calculatedOperatingExpenses": 3692616000, "calculatedNetInterest": -139878000, "calculatedOtherIncome": 1068000, "calculatedIncomeNonControlling": 71918000, "calculatedEbitda": 1176318000}, {"date": "2017-12-31", "symbol": "LKQ", "reportedCurrency": "USD", "cik": "0001065696", "fillingDate": "2018-02-28", "acceptedDate": "2018-02-28 11:23:12", "calendarYear": "2017", "period": "FY", "revenue": 9736909000, "costOfRevenue": 5937286000, "grossProfit": 3799623000, "grossProfitRatio": 0.3902288704, "researchAndDevelopmentExpenses": 0, "generalAndAdministrativeExpenses": 1131214000, "sellingAndMarketingExpenses": 784485000, "sellingGeneralAndAdministrativeExpenses": 1915699000, "otherExpenses": 1016934000, "operatingExpenses": 2932633000, "costAndExpenses": 8869919000, "interestIncome": 17535000, "interestExpense": 101640000, "depreciationAndAmortization": 230203000, "ebitda": 1114728000, "ebitdaratio": 0.1144847918, "operatingIncome": 847318000, "operatingIncomeRatio": 0.0870212508, "totalOtherIncomeExpensesNet": -16258000, "incomeBeforeTax": 766627000, "incomeBeforeTaxRatio": 0.0787341239, "incomeTaxExpense": 235560000, "netIncome": 533744000, "netIncomeRatio": 0.0548165747, "eps": 1.72, "epsdiluted": 1.71, "weightedAverageShsOut": 308607000, "weightedAverageShsOutDil": 310649000, "link": "https://www.sec.gov/Archives/edgar/data/1065696/000106569618000004/0001065696-18-000004-index.htm", "finalLink": "https://www.sec.gov/Archives/edgar/data/1065696/000106569618000004/lkq-20171231_10k.htm", "calculatedOtherExpenses": 1036606000, "calculatedOperatingExpenses": 2952305000, "calculatedNetInterest": -84105000, "calculatedOtherIncome": 3414000, "calculatedIncomeNonControlling": -2677000, "calculatedEbitda": 1077521000}, {"date": "2016-12-31", "symbol": "LKQ", "reportedCurrency": "USD", "cik": "0001065696", "fillingDate": "2017-02-27", "acceptedDate": "2017-02-27 17:31:25", "calendarYear": "2016", "period": "FY", "revenue": 8584031000, "costOfRevenue": 5232328000, "grossProfit": 3351703000, "grossProfitRatio": 0.3904579329, "researchAndDevelopmentExpenses": 0, "generalAndAdministrativeExpenses": 986380000, "sellingAndMarketingExpenses": 683812000, "sellingGeneralAndAdministrativeExpenses": 1670192000, "otherExpenses": 880351000, "operatingExpenses": 2550543000, "costAndExpenses": 7782871000, "interestIncome": 2247000, "interestExpense": 88263000, "depreciationAndAmortization": 206086000, "ebitda": 1009493000, "ebitdaratio": 0.1176012761, "operatingIncome": 763398000, "operatingIncomeRatio": 0.0889323443, "totalOtherIncomeExpensesNet": -37863000, "incomeBeforeTax": 677281000, "incomeBeforeTaxRatio": 0.0789001111, "incomeTaxExpense": 220566000, "netIncome": 463975000, "netIncomeRatio": 0.0540509465, "eps": 1.51, "epsdiluted": 1.5, "weightedAverageShsOut": 306897000, "weightedAverageShsOutDil": 309784000, "link": "https://www.sec.gov/Archives/edgar/data/1065696/000106569617000005/0001065696-17-000005-index.htm", "finalLink": "https://www.sec.gov/Archives/edgar/data/1065696/000106569617000005/lkq-20161231_10k.htm", "calculatedOtherExpenses": 918113000, "calculatedOperatingExpenses": 2588305000, "calculatedNetInterest": -86016000, "calculatedOtherIncome": -101000, "calculatedIncomeNonControlling": -7260000, "calculatedEbitda": 969484000}, {"date": "2015-12-31", "symbol": "LKQ", "reportedCurrency": "USD", "cik": "0001065696", "fillingDate": "2016-02-25", "acceptedDate": "2016-02-25 15:25:43", "calendarYear": "2015", "period": "FY", "revenue": 7192633000, "costOfRevenue": 4359104000, "grossProfit": 2833529000, "grossProfitRatio": 0.3939487806, "researchAndDevelopmentExpenses": 0, "generalAndAdministrativeExpenses": 828333000, "sellingAndMarketingExpenses": 602897000, "sellingGeneralAndAdministrativeExpenses": 1431230000, "otherExpenses": 2263000, "operatingExpenses": 2109391000, "costAndExpenses": 6468495000, "interestIncome": 2717000, "interestExpense": 57860000, "depreciationAndAmortization": 128192000, "ebitda": 854593000, "ebitdaratio": 0.1188150431, "operatingIncome": 704627000, "operatingIncomeRatio": 0.0979650985, "totalOtherIncomeExpensesNet": -17248000, "incomeBeforeTax": 649030000, "incomeBeforeTaxRatio": 0.0902353839, "incomeTaxExpense": 219703000, "netIncome": 423223000, "netIncomeRatio": 0.0588411782, "eps": 1.39, "epsdiluted": 1.38, "weightedAverageShsOut": 304722000, "weightedAverageShsOutDil": 307496000, "link": "https://www.sec.gov/Archives/edgar/data/1065696/000106569616000076/0001065696-16-000076-index.htm", "finalLink": "https://www.sec.gov/Archives/edgar/data/1065696/000106569616000076/lkq-20151231_10k.htm", "calculatedOtherExpenses": 697672000, "calculatedOperatingExpenses": 2128902000, "calculatedNetInterest": -55143000, "calculatedOtherIncome": -454000, "calculatedIncomeNonControlling": 6104000, "calculatedEbitda": 832819000}, {"date": "2014-12-31", "symbol": "LKQ", "reportedCurrency": "USD", "cik": "0001065696", "fillingDate": "2015-03-02", "acceptedDate": "2015-03-02 14:57:07", "calendarYear": "2014", "period": "FY", "revenue": 6740064000, "costOfRevenue": 4088151000, "grossProfit": 2651913000, "grossProfitRatio": 0.393455166, "researchAndDevelopmentExpenses": 0, "generalAndAdministrativeExpenses": 762888000, "sellingAndMarketingExpenses": 577341000, "sellingGeneralAndAdministrativeExpenses": 1340229000, "otherExpenses": 2886000, "operatingExpenses": 1987239000, "costAndExpenses": 6075390000, "interestIncome": 1035000, "interestExpense": 64542000, "depreciationAndAmortization": 125437000, "ebitda": 792997000, "ebitdaratio": 0.1176542241, "operatingIncome": 649868000, "operatingIncomeRatio": 0.096418669, "totalOtherIncomeExpensesNet": -12244000, "incomeBeforeTax": 587888000, "incomeBeforeTaxRatio": 0.0872229106, "incomeTaxExpense": 204264000, "netIncome": 381519000, "netIncomeRatio": 0.0566046554, "eps": 1.26, "epsdiluted": 1.25, "weightedAverageShsOut": 302343000, "weightedAverageShsOutDil": 306045000, "link": "https://www.sec.gov/Archives/edgar/data/1065696/000106569615000007/0001065696-15-000007-index.htm", "finalLink": "https://www.sec.gov/Archives/edgar/data/1065696/000106569615000007/lkq-20141231_10k.htm", "calculatedOtherExpenses": 661816000, "calculatedOperatingExpenses": 2002045000, "calculatedNetInterest": -63507000, "calculatedOtherIncome": 1527000, "calculatedIncomeNonControlling": 2105000, "calculatedEbitda": 775305000}, {"date": "2013-12-31", "symbol": "LKQ", "reportedCurrency": "USD", "cik": "0001065696", "fillingDate": "2014-03-03", "acceptedDate": "2014-03-03 16:40:29", "calendarYear": "2013", "period": "FY", "revenue": 5062528000, "costOfRevenue": 2987126000, "grossProfit": 2075402000, "grossProfitRatio": 0.4099536832, "researchAndDevelopmentExpenses": 0, "generalAndAdministrativeExpenses": 597052000, "sellingAndMarketingExpenses": 431947000, "sellingGeneralAndAdministrativeExpenses": 1028999000, "otherExpenses": -2504000, "operatingExpenses": 1535049000, "costAndExpenses": 4522175000, "interestIncome": 2130000, "interestExpense": 51184000, "depreciationAndAmortization": 86463000, "ebitda": 626442000, "ebitdaratio": 0.1237409452, "operatingIncome": 530180000, "operatingIncomeRatio": 0.1047263344, "totalOtherIncomeExpensesNet": -15472000, "incomeBeforeTax": 475827000, "incomeBeforeTaxRatio": 0.0939899987, "incomeTaxExpense": 164204000, "netIncome": 311623000, "netIncomeRatio": 0.06155482, "eps": 1.04, "epsdiluted": 1.02, "weightedAverageShsOut": 299574000, "weightedAverageShsOutDil": 304131000, "link": "https://www.sec.gov/Archives/edgar/data/1065696/000106569614000017/0001065696-14-000017-index.htm", "finalLink": "https://www.sec.gov/Archives/edgar/data/1065696/000106569614000017/lkq-20131231_10k.htm", "calculatedOtherExpenses": 516223000, "calculatedOperatingExpenses": 1545222000, "calculatedNetInterest": -49054000, "calculatedOtherIncome": -5299000, "calculatedIncomeNonControlling": 0, "calculatedEbitda": 616643000}, {"date": "2012-12-31", "symbol": "LKQ", "reportedCurrency": "USD", "cik": "0001065696", "fillingDate": "2013-03-01", "acceptedDate": "2013-03-01 15:52:13", "calendarYear": "2012", "period": "FY", "revenue": 4122930000, "costOfRevenue": 2398790000, "grossProfit": 1724140000, "grossProfitRatio": 0.4181831853, "researchAndDevelopmentExpenses": 0, "generalAndAdministrativeExpenses": 495591000, "sellingAndMarketingExpenses": 375835000, "sellingGeneralAndAdministrativeExpenses": 871426000, "otherExpenses": -1643000, "operatingExpenses": 1283436000, "costAndExpenses": 3682226000, "interestIncome": 4286000, "interestExpense": 31429000, "depreciationAndAmortization": 70165000, "ebitda": 513512000, "ebitdaratio": 0.1245502592, "operatingIncome": 437953000, "operatingIncomeRatio": 0.1062237292, "totalOtherIncomeExpensesNet": -4394000, "incomeBeforeTax": 409167000, "incomeBeforeTaxRatio": 0.0992418013, "incomeTaxExpense": 147942000, "netIncome": 261225000, "netIncomeRatio": 0.0633590675, "eps": 0.88, "epsdiluted": 0.87, "weightedAverageShsOut": 295810000, "weightedAverageShsOutDil": 300693000, "link": "https://www.sec.gov/Archives/edgar/data/1065696/000106569613000014/0001065696-13-000014-index.htm", "finalLink": "https://www.sec.gov/Archives/edgar/data/1065696/000106569613000014/lkq-20121231_10k.htm", "calculatedOtherExpenses": 414761000, "calculatedOperatingExpenses": 1286187000, "calculatedNetInterest": -27143000, "calculatedOtherIncome": -1643000, "calculatedIncomeNonControlling": 0, "calculatedEbitda": 508118000}, {"date": "2011-12-31", "symbol": "LKQ", "reportedCurrency": "USD", "cik": "0001065696", "fillingDate": "2012-02-27", "acceptedDate": "2012-02-27 17:15:56", "calendarYear": "2011", "period": "FY", "revenue": 3269862000, "costOfRevenue": 1877869000, "grossProfit": 1391993000, "grossProfitRatio": 0.4257038982, "researchAndDevelopmentExpenses": 0, "generalAndAdministrativeExpenses": 685365000, "sellingAndMarketingExpenses": 287626000, "sellingGeneralAndAdministrativeExpenses": 972991000, "otherExpenses": 49929000, "operatingExpenses": 1022920000, "costAndExpenses": 2900789000, "interestIncome": 1860000, "interestExpense": 22447000, "depreciationAndAmortization": 54505000, "ebitda": 423578000, "ebitdaratio": 0.1295400234, "operatingIncome": 361483000, "operatingIncomeRatio": 0.1105499253, "totalOtherIncomeExpensesNet": -10855000, "incomeBeforeTax": 335771000, "incomeBeforeTaxRatio": 0.1026865966, "incomeTaxExpense": 125507000, "netIncome": 210264000, "netIncomeRatio": 0.0643036312, "eps": 0.72, "epsdiluted": 0.71, "weightedAverageShsOut": 292252000, "weightedAverageShsOutDil": 296750000, "link": "https://www.sec.gov/Archives/edgar/data/1065696/000119312512081978/0001193125-12-081978-index.htm", "finalLink": "https://www.sec.gov/Archives/edgar/data/1065696/000119312512081978/d260148d10k.htm", "calculatedOtherExpenses": 57519000, "calculatedOperatingExpenses": 1030510000, "calculatedNetInterest": -20587000, "calculatedOtherIncome": -5125000, "calculatedIncomeNonControlling": 0, "calculatedEbitda": 415988000}, {"date": "2010-12-31", "symbol": "LKQ", "reportedCurrency": "USD", "cik": "0001065696", "fillingDate": "2011-02-25", "acceptedDate": "2011-02-25 17:19:04", "calendarYear": "2010", "period": "FY", "revenue": 2469881000, "costOfRevenue": 1376401000, "grossProfit": 1093480000, "grossProfitRatio": 0.4427257831, "researchAndDevelopmentExpenses": 0, "generalAndAdministrativeExpenses": 544221000, "sellingAndMarketingExpenses": 212718000, "sellingGeneralAndAdministrativeExpenses": 756939000, "otherExpenses": 37996000, "operatingExpenses": 794935000, "costAndExpenses": 2171336000, "interestIncome": 1449000, "interestExpense": 28316000, "depreciationAndAmortization": 41428000, "ebitda": 339973000, "ebitdaratio": 0.1376475223, "operatingIncome": 297877000, "operatingIncomeRatio": 0.1206037862, "totalOtherIncomeExpensesNet": -104000, "incomeBeforeTax": 270125000, "incomeBeforeTaxRatio": 0.1093676173, "incomeTaxExpense": 103007000, "netIncome": 169071000, "netIncomeRatio": 0.0684530955, "eps": 0.59, "epsdiluted": 0.58, "weightedAverageShsOut": 286542000, "weightedAverageShsOutDil": 291714000, "link": "https://www.sec.gov/Archives/edgar/data/1065696/000119312511047657/0001193125-11-047657-index.htm", "finalLink": "https://www.sec.gov/Archives/edgar/data/1065696/000119312511047657/d10k.htm", "calculatedOtherExpenses": 38664000, "calculatedOperatingExpenses": 795603000, "calculatedNetInterest": -26867000, "calculatedOtherIncome": -885000, "calculatedIncomeNonControlling": -1953000, "calculatedEbitda": 339305000}, {"date": "2009-12-31", "symbol": "LKQ", "reportedCurrency": "USD", "cik": "0001065696", "fillingDate": "2010-02-26", "acceptedDate": "2010-02-26 16:17:39", "calendarYear": "2009", "period": "FY", "revenue": 2047942000, "costOfRevenue": 1120129000, "grossProfit": 927813000, "grossProfitRatio": 0.4530465218, "researchAndDevelopmentExpenses": 0, "generalAndAdministrativeExpenses": 477779000, "sellingAndMarketingExpenses": 181919000, "sellingGeneralAndAdministrativeExpenses": 659698000, "otherExpenses": 34113000, "operatingExpenses": 693811000, "costAndExpenses": 1813940000, "interestIncome": 1353000, "interestExpense": 30899000, "depreciationAndAmortization": 38062000, "ebitda": 272064000, "ebitdaratio": 0.1328475123, "operatingIncome": 231448000, "operatingIncomeRatio": 0.1130149194, "totalOtherIncomeExpensesNet": 2214000, "incomeBeforeTax": 205317000, "incomeBeforeTaxRatio": 0.1002552807, "incomeTaxExpense": 78180000, "netIncome": 127521000, "netIncomeRatio": 0.0622678767, "eps": 0.46, "epsdiluted": 0.45, "weightedAverageShsOut": 281082000, "weightedAverageShsOutDil": 287980000, "link": "https://www.sec.gov/Archives/edgar/data/1065696/000119312510042934/0001193125-10-042934-index.htm", "finalLink": "https://www.sec.gov/Archives/edgar/data/1065696/000119312510042934/d10k.htm", "calculatedOtherExpenses": 36667000, "calculatedOperatingExpenses": 696365000, "calculatedNetInterest": -29546000, "calculatedOtherIncome": 3415000, "calculatedIncomeNonControlling": -384000, "calculatedEbitda": 269510000}, {"date": "2008-12-31", "symbol": "LKQ", "reportedCurrency": "USD", "cik": "0001065696", "fillingDate": "2009-02-27", "acceptedDate": "2009-02-27 17:12:02", "calendarYear": "2008", "period": "FY", "revenue": 1937301000, "costOfRevenue": 1080632000, "grossProfit": 856669000, "grossProfitRatio": 0.4421971599, "researchAndDevelopmentExpenses": 0, "generalAndAdministrativeExpenses": 439627000, "sellingAndMarketingExpenses": 180063000, "sellingGeneralAndAdministrativeExpenses": 619690000, "otherExpenses": 30694000, "operatingExpenses": 650384000, "costAndExpenses": 1731016000, "interestIncome": -2309000, "interestExpense": 37846000, "depreciationAndAmortization": 33421000, "ebitda": 246866000, "ebitdaratio": 0.1274277977, "operatingIncome": 197696000, "operatingIncomeRatio": 0.1020471264, "totalOtherIncomeExpensesNet": -7160000, "incomeBeforeTax": 163588000, "incomeBeforeTaxRatio": 0.0844411891, "incomeTaxExpense": 63689000, "netIncome": 99899000, "netIncomeRatio": 0.0515660705, "eps": 0.37, "epsdiluted": 0.36, "weightedAverageShsOut": 272976000, "weightedAverageShsOutDil": 282046000, "link": "https://www.sec.gov/Archives/edgar/data/1065696/000119312509041181/0001193125-09-041181-index.htm", "finalLink": "https://www.sec.gov/Archives/edgar/data/1065696/000119312509041181/d10k.htm", "calculatedOtherExpenses": 39283000, "calculatedOperatingExpenses": 658973000, "calculatedNetInterest": -40155000, "calculatedOtherIncome": 6047000, "calculatedIncomeNonControlling": 0, "calculatedEbitda": 231117000}, {"date": "2007-12-31", "symbol": "LKQ", "reportedCurrency": "USD", "cik": "0001065696", "fillingDate": "2008-02-29", "acceptedDate": "2008-02-29 15:42:40", "calendarYear": "2007", "period": "FY", "revenue": 1126825000, "costOfRevenue": 621076000, "grossProfit": 505749000, "grossProfitRatio": 0.4488265702, "researchAndDevelopmentExpenses": 0, "generalAndAdministrativeExpenses": 257420000, "sellingAndMarketingExpenses": 108185000, "sellingGeneralAndAdministrativeExpenses": 365605000, "otherExpenses": 17099000, "operatingExpenses": 382704000, "costAndExpenses": 1003780000, "interestIncome": -1746000, "interestExpense": 17758000, "depreciationAndAmortization": 18018000, "ebitda": 139825000, "ebitdaratio": 0.1240875912, "operatingIncome": 122657000, "operatingIncomeRatio": 0.1088518625, "totalOtherIncomeExpensesNet": 1238000, "incomeBeforeTax": 108271000, "incomeBeforeTaxRatio": 0.0960850176, "incomeTaxExpense": 42370000, "netIncome": 65901000, "netIncomeRatio": 0.058483793, "eps": 0.29, "epsdiluted": 0.28, "weightedAverageShsOut": 227244828, "weightedAverageShsOutDil": 239640000, "link": "https://www.sec.gov/Archives/edgar/data/1065696/000104746908002057/0001047469-08-002057-index.htm", "finalLink": "https://www.sec.gov/Archives/edgar/data/1065696/000104746908002057/a2182929z10-k.htm", "calculatedOtherExpenses": 17487000, "calculatedOperatingExpenses": 383092000, "calculatedNetInterest": -19504000, "calculatedOtherIncome": 5118000, "calculatedIncomeNonControlling": 0, "calculatedEbitda": 140675000}, {"date": "2006-12-31", "symbol": "LKQ", "reportedCurrency": "USD", "cik": "0001065696", "fillingDate": "2007-02-28", "acceptedDate": "2007-02-28 16:13:30", "calendarYear": "2006", "period": "FY", "revenue": 789381000, "costOfRevenue": 431832000, "grossProfit": 357549000, "grossProfitRatio": 0.4529485762, "researchAndDevelopmentExpenses": 0, "generalAndAdministrativeExpenses": 188472000, "sellingAndMarketingExpenses": 80088000, "sellingGeneralAndAdministrativeExpenses": 268560000, "otherExpenses": 11823000, "operatingExpenses": 280383000, "costAndExpenses": 712215000, "interestIncome": -131000, "interestExpense": 5955000, "depreciationAndAmortization": 12086000, "ebitda": 87773000, "ebitdaratio": 0.1111921873, "operatingIncome": 77166000, "operatingIncomeRatio": 0.0977550764, "totalOtherIncomeExpensesNet": 1479000, "incomeBeforeTax": 72821000, "incomeBeforeTaxRatio": 0.0922507636, "incomeTaxExpense": 28426000, "netIncome": 44395000, "netIncomeRatio": 0.0562402693, "eps": 0.21, "epsdiluted": 0.2, "weightedAverageShsOut": 211404762, "weightedAverageShsOutDil": 221975000, "link": "https://www.sec.gov/Archives/edgar/data/1065696/000110465907014912/0001104659-07-014912-index.htm", "finalLink": "https://www.sec.gov/Archives/edgar/data/1065696/000110465907014912/a07-5314_110k.htm", "calculatedOtherExpenses": 11823000, "calculatedOperatingExpenses": 280383000, "calculatedNetInterest": -6086000, "calculatedOtherIncome": 1741000, "calculatedIncomeNonControlling": 0, "calculatedEbitda": 89252000}, {"date": "2005-12-31", "symbol": "LKQ", "reportedCurrency": "USD", "cik": "0001065696", "fillingDate": "2006-03-08", "acceptedDate": "2006-03-08 14:32:56", "calendarYear": "2005", "period": "FY", "revenue": 547392000, "costOfRevenue": 289788000, "grossProfit": 257604000, "grossProfitRatio": 0.4706024202, "researchAndDevelopmentExpenses": 0, "generalAndAdministrativeExpenses": 134608000, "sellingAndMarketingExpenses": 61480000, "sellingGeneralAndAdministrativeExpenses": 196088000, "otherExpenses": 8574000, "operatingExpenses": 204662000, "costAndExpenses": 494450000, "interestIncome": -341000, "interestExpense": 2228000, "depreciationAndAmortization": 8574000, "ebitda": 60888000, "ebitdaratio": 0.1112329007, "operatingIncome": 52942000, "operatingIncomeRatio": 0.0967167953, "totalOtherIncomeExpensesNet": 628000, "incomeBeforeTax": 51683000, "incomeBeforeTaxRatio": 0.0944167982, "incomeTaxExpense": 20796000, "netIncome": 30887000, "netIncomeRatio": 0.0564257424, "eps": 0.18, "epsdiluted": 0.16, "weightedAverageShsOut": 176497143, "weightedAverageShsOutDil": 196107937, "link": "https://www.sec.gov/Archives/edgar/data/1065696/000110465906014974/0001104659-06-014974-index.htm", "finalLink": "https://www.sec.gov/Archives/edgar/data/1065696/000110465906014974/a06-2507_110k.htm", "calculatedOtherExpenses": 8574000, "calculatedOperatingExpenses": 204662000, "calculatedNetInterest": -2569000, "calculatedOtherIncome": 1310000, "calculatedIncomeNonControlling": 0, "calculatedEbitda": 61516000}, {"date": "2004-12-31", "symbol": "LKQ", "reportedCurrency": "USD", "cik": "0001065696", "fillingDate": "2005-03-08", "acceptedDate": "2005-03-08 17:00:11", "calendarYear": "2004", "period": "FY", "revenue": 424756000, "costOfRevenue": 227140195, "grossProfit": 197615805, "grossProfitRatio": 0.4652454703, "researchAndDevelopmentExpenses": 0, "generalAndAdministrativeExpenses": -47770899085, "sellingAndMarketingExpenses": 47926736000, "sellingGeneralAndAdministrativeExpenses": 155836915, "otherExpenses": 6871858, "operatingExpenses": 162708773, "costAndExpenses": 389848968, "interestIncome": -46079000, "interestExpense": 1551397000, "depreciationAndAmortization": 6871858, "ebitda": 41323690, "ebitdaratio": 0.0972880666, "operatingIncome": 34907005, "operatingIncomeRatio": 0.0821813112, "totalOtherIncomeExpensesNet": 455200, "incomeBeforeTax": 33856887, "incomeBeforeTaxRatio": 0.0797090259, "incomeTaxExpense": 13284000, "netIncome": 20572887, "netIncomeRatio": 0.0484346001, "eps": 0.13, "epsdiluted": 0.12, "weightedAverageShsOut": 161356863, "weightedAverageShsOutDil": 178895652, "link": "https://www.sec.gov/Archives/edgar/data/1065696/000104746905005728/0001047469-05-005728-index.htm", "finalLink": "https://www.sec.gov/Archives/edgar/data/1065696/000104746905005728/a2152784z10-k.htm", "calculatedOtherExpenses": 6871885, "calculatedOperatingExpenses": 162708800, "calculatedNetInterest": -1597476000, "calculatedOtherIncome": 1596425882, "calculatedIncomeNonControlling": 0, "calculatedEbitda": 41778863}, {"date": "2003-12-31", "symbol": "LKQ", "reportedCurrency": "USD", "cik": "0001065696", "fillingDate": "2004-03-24", "acceptedDate": "2004-03-24 15:38:47", "calendarYear": "2003", "period": "FY", "revenue": 327973997, "costOfRevenue": 174237836, "grossProfit": 153736161, "grossProfitRatio": 0.4687449688, "researchAndDevelopmentExpenses": 0, "generalAndAdministrativeExpenses": -35140466115, "sellingAndMarketingExpenses": 35262697000, "sellingGeneralAndAdministrativeExpenses": 122230885, "otherExpenses": 5446104, "operatingExpenses": 127676989, "costAndExpenses": 301914825, "interestIncome": -51391000, "interestExpense": 2074270000, "depreciationAndAmortization": 5446104, "ebitda": 31388807, "ebitdaratio": 0.0957051696, "operatingIncome": 26059172, "operatingIncomeRatio": 0.0794549941, "totalOtherIncomeExpensesNet": 116469, "incomeBeforeTax": 24152762, "incomeBeforeTaxRatio": 0.0736423077, "incomeTaxExpense": 9577000, "netIncome": 14575762, "netIncomeRatio": 0.044441822, "eps": 0.11, "epsdiluted": 0.1, "weightedAverageShsOut": 129562329, "weightedAverageShsOutDil": 145757620, "link": "https://www.sec.gov/Archives/edgar/data/1065696/000104746904009177/0001047469-04-009177-index.htm", "finalLink": "https://www.sec.gov/Archives/edgar/data/1065696/000104746904009177/a2131677z10-k.htm", "calculatedOtherExpenses": 5446104, "calculatedOperatingExpenses": 127676989, "calculatedNetInterest": -2125661000, "calculatedOtherIncome": 2123754590, "calculatedIncomeNonControlling": 0, "calculatedEbitda": 31505276}, {"date": "2002-12-31", "symbol": "LKQ", "reportedCurrency": "USD", "cik": "0001065696", "fillingDate": "2002-12-31", "acceptedDate": "2002-12-30 19:00:00", "calendarYear": "2002", "period": "FY", "revenue": 287125301, "costOfRevenue": 154573805, "grossProfit": 132551496, "grossProfitRatio": 0.461650351, "researchAndDevelopmentExpenses": 0, "generalAndAdministrativeExpenses": 0, "sellingAndMarketingExpenses": 0, "sellingGeneralAndAdministrativeExpenses": 106693426, "otherExpenses": 5013840, "operatingExpenses": 111707266, "costAndExpenses": 266281071, "interestIncome": 0, "interestExpense": 0, "depreciationAndAmortization": 5013840, "ebitda": 25686326, "ebitdaratio": 0.0894603363, "operatingIncome": 20844230, "operatingIncomeRatio": 0.0725962844, "totalOtherIncomeExpensesNet": 171744, "incomeBeforeTax": 18268204, "incomeBeforeTaxRatio": 0.063624501, "incomeTaxExpense": 7263000, "netIncome": -38893596, "netIncomeRatio": -0.1354586164, "eps": -0.28, "epsdiluted": -0.25, "weightedAverageShsOut": 141230336, "weightedAverageShsOutDil": 155190096, "link": "", "finalLink": "", "calculatedOtherExpenses": 5013840, "calculatedOperatingExpenses": 111707266, "calculatedNetInterest": 0, "calculatedOtherIncome": -2576026, "calculatedIncomeNonControlling": 49898800, "calculatedEbitda": 25858070}, {"date": "2001-12-31", "symbol": "LKQ", "reportedCurrency": "USD", "cik": "0001065696", "fillingDate": "2001-12-31", "acceptedDate": "2001-12-30 19:00:00", "calendarYear": "2001", "period": "FY", "revenue": 250462000, "costOfRevenue": 132520000, "grossProfit": 117942000, "grossProfitRatio": 0.4708977809, "researchAndDevelopmentExpenses": 0, "generalAndAdministrativeExpenses": 39638000, "sellingAndMarketingExpenses": 24621000, "sellingGeneralAndAdministrativeExpenses": 64259000, "otherExpenses": 40571000, "operatingExpenses": 104830000, "costAndExpenses": 237350000, "interestIncome": 0, "interestExpense": 0, "depreciationAndAmortization": 7897000, "ebitda": 21009000, "ebitdaratio": 0.0838809879, "operatingIncome": 13112000, "operatingIncomeRatio": 0.0523512549, "totalOtherIncomeExpensesNet": -4943000, "incomeBeforeTax": 8169000, "incomeBeforeTaxRatio": 0.0326157261, "incomeTaxExpense": 3939000, "netIncome": 4230000, "netIncomeRatio": 0.0168887895, "eps": 0.03, "epsdiluted": 0.0275, "weightedAverageShsOut": 141000000, "weightedAverageShsOutDil": 153818182, "link": "", "finalLink": "", "calculatedOtherExpenses": 40571000, "calculatedOperatingExpenses": 104830000, "calculatedNetInterest": 0, "calculatedOtherIncome": -4943000, "calculatedIncomeNonControlling": 0, "calculatedEbitda": 21009000}, {"date": "2000-12-31", "symbol": "LKQ", "reportedCurrency": "USD", "cik": "0001065696", "fillingDate": "2000-12-31", "acceptedDate": "2000-12-30 19:00:00", "calendarYear": "2000", "period": "FY", "revenue": 226304000, "costOfRevenue": 119313000, "grossProfit": 106991000, "grossProfitRatio": 0.4727755585, "researchAndDevelopmentExpenses": 0, "generalAndAdministrativeExpenses": 0, "sellingAndMarketingExpenses": 21889000, "sellingGeneralAndAdministrativeExpenses": 21889000, "otherExpenses": 80487000, "operatingExpenses": 102376000, "costAndExpenses": 221689000, "interestIncome": 0, "interestExpense": 0, "depreciationAndAmortization": 7541000, "ebitda": 12156000, "ebitdaratio": 0.0537153563, "operatingIncome": 4615000, "operatingIncomeRatio": 0.0203929228, "totalOtherIncomeExpensesNet": -4856000, "incomeBeforeTax": -241000, "incomeBeforeTaxRatio": -0.0010649392, "incomeTaxExpense": 637000, "netIncome": -878000, "netIncomeRatio": -0.003879737, "eps": -0.0062, "epsdiluted": -0.0062, "weightedAverageShsOut": 140480000, "weightedAverageShsOutDil": 140480000, "link": "", "finalLink": "", "calculatedOtherExpenses": 80487000, "calculatedOperatingExpenses": 102376000, "calculatedNetInterest": 0, "calculatedOtherIncome": -4856000, "calculatedIncomeNonControlling": 0, "calculatedEbitda": 12156000}, {"date": "1999-12-31", "symbol": "LKQ", "reportedCurrency": "USD", "cik": "0001065696", "fillingDate": "1999-12-31", "acceptedDate": "1999-12-30 19:00:00", "calendarYear": "1999", "period": "FY", "revenue": 178000000, "costOfRevenue": 94000000, "grossProfit": 84000000, "grossProfitRatio": 0.4719101124, "researchAndDevelopmentExpenses": 0, "generalAndAdministrativeExpenses": 72000000, "sellingAndMarketingExpenses": 0, "sellingGeneralAndAdministrativeExpenses": 72000000, "otherExpenses": 8000000, "operatingExpenses": 80000000, "costAndExpenses": 174000000, "interestIncome": 0, "interestExpense": -1000000, "depreciationAndAmortization": -2000000, "ebitda": 2000000, "ebitdaratio": 0.0112359551, "operatingIncome": 4000000, "operatingIncomeRatio": 0.0224719101, "totalOtherIncomeExpensesNet": -1000000, "incomeBeforeTax": 3000000, "incomeBeforeTaxRatio": 0.0168539326, "incomeTaxExpense": 2000000, "netIncome": 1000000, "netIncomeRatio": 0.0056179775, "eps": 0.0078, "epsdiluted": 0.0078, "weightedAverageShsOut": 129000000, "weightedAverageShsOutDil": 129000000, "link": "", "finalLink": "", "calculatedOtherExpenses": 8000000, "calculatedOperatingExpenses": 80000000, "calculatedNetInterest": 1000000, "calculatedOtherIncome": -2000000, "calculatedIncomeNonControlling": 0, "calculatedEbitda": 2000000}, {"date": "1998-12-31", "symbol": "LKQ", "reportedCurrency": "USD", "cik": "0001065696", "fillingDate": "1998-12-31", "acceptedDate": "1998-12-30 19:00:00", "calendarYear": "1998", "period": "FY", "revenue": 31000000, "costOfRevenue": 16000000, "grossProfit": 15000000, "grossProfitRatio": 0.4838709677, "researchAndDevelopmentExpenses": 0, "generalAndAdministrativeExpenses": 0, "sellingAndMarketingExpenses": 0, "sellingGeneralAndAdministrativeExpenses": 0, "otherExpenses": 14000000, "operatingExpenses": 14000000, "costAndExpenses": 30000000, "interestIncome": 0, "interestExpense": 1000000, "depreciationAndAmortization": 0, "ebitda": 1000000, "ebitdaratio": 0.0322580645, "operatingIncome": 1000000, "operatingIncomeRatio": 0.0322580645, "totalOtherIncomeExpensesNet": 0, "incomeBeforeTax": 1000000, "incomeBeforeTaxRatio": 0.0322580645, "incomeTaxExpense": 1000000, "netIncome": 0, "netIncomeRatio": 0, "eps": 0, "epsdiluted": 0, "weightedAverageShsOut": 50000000, "weightedAverageShsOutDil": 50000000, "link": "", "finalLink": "", "calculatedOtherExpenses": 14000000, "calculatedOperatingExpenses": 14000000, "calculatedNetInterest": -1000000, "calculatedOtherIncome": 1000000, "calculatedIncomeNonControlling": 0, "calculatedEbitda": 1000000}]}