{"originalCurrency": "USD", "convertedCurrency": "USD", "report": [{"date": "2023-12-31", "symbol": "LLY", "reportedCurrency": "USD", "cik": "0000059478", "fillingDate": "2024-02-21", "acceptedDate": "2024-02-21 11:44:37", "calendarYear": "2023", "period": "FY", "revenue": 34124100000, "costOfRevenue": 6576000000, "grossProfit": 27548100000, "grossProfitRatio": 0.8072916209, "researchAndDevelopmentExpenses": 9313400000, "generalAndAdministrativeExpenses": 6941200000, "sellingAndMarketingExpenses": 461900000, "sellingGeneralAndAdministrativeExpenses": 7403100000, "otherExpenses": -506200000, "operatingExpenses": 17222700000, "costAndExpenses": 23798700000, "interestIncome": 173600000, "interestExpense": 312300000, "depreciationAndAmortization": 1527300000, "ebitda": 12455500000, "ebitdaratio": 0.3650059635, "operatingIncome": 10325400000, "operatingIncomeRatio": 0.3025838044, "totalOtherIncomeExpensesNet": -3770800000, "incomeBeforeTax": 6554600000, "incomeBeforeTaxRatio": 0.1920812564, "incomeTaxExpense": 1314200000, "netIncome": 5240400000, "netIncomeRatio": 0.1535688853, "eps": 5.82, "epsdiluted": 5.8, "weightedAverageShsOut": 900181000, "weightedAverageShsOutDil": 903284000, "link": "https://www.sec.gov/Archives/edgar/data/59478/000005947824000065/0000059478-24-000065-index.htm", "finalLink": "https://www.sec.gov/Archives/edgar/data/59478/000005947824000065/lly-20231231.htm", "calculatedOtherExpenses": 506200000, "calculatedOperatingExpenses": 17222700000, "calculatedNetInterest": -138700000, "calculatedOtherIncome": -3632100000, "calculatedIncomeNonControlling": 0, "calculatedEbitda": 11852700000}, {"date": "2022-12-31", "symbol": "LLY", "reportedCurrency": "USD", "cik": "0000059478", "fillingDate": "2023-02-22", "acceptedDate": "2023-02-22 10:26:53", "calendarYear": "2022", "period": "FY", "revenue": 28541400000, "costOfRevenue": 6629800000, "grossProfit": 21911600000, "grossProfitRatio": 0.7677128662, "researchAndDevelopmentExpenses": 7190800000, "generalAndAdministrativeExpenses": 6440400000, "sellingAndMarketingExpenses": 1000000000, "sellingGeneralAndAdministrativeExpenses": 6440400000, "otherExpenses": -52100000, "operatingExpenses": 13631200000, "costAndExpenses": 20261000000, "interestIncome": 62800000, "interestExpense": 331600000, "depreciationAndAmortization": 2306200000, "ebitda": 9433500000, "ebitdaratio": 0.3305198764, "operatingIncome": 7127300000, "operatingIncomeRatio": 0.2497179536, "totalOtherIncomeExpensesNet": -320900000, "incomeBeforeTax": 6806400000, "incomeBeforeTaxRatio": 0.2384746368, "incomeTaxExpense": 561600000, "netIncome": 6244800000, "netIncomeRatio": 0.2187979567, "eps": 6.93, "epsdiluted": 6.9, "weightedAverageShsOut": 901736000, "weightedAverageShsOutDil": 904619000, "link": "https://www.sec.gov/Archives/edgar/data/59478/000005947823000082/0000059478-23-000082-index.htm", "finalLink": "https://www.sec.gov/Archives/edgar/data/59478/000005947823000082/lly-20221231.htm", "calculatedOtherExpenses": 1153100000, "calculatedOperatingExpenses": 14784300000, "calculatedNetInterest": -268800000, "calculatedOtherIncome": -52100000, "calculatedIncomeNonControlling": 0, "calculatedEbitda": 9433500000}, {"date": "2021-12-31", "symbol": "LLY", "reportedCurrency": "USD", "cik": "0000059478", "fillingDate": "2022-02-23", "acceptedDate": "2022-02-23 11:00:57", "calendarYear": "2021", "period": "FY", "revenue": 28318400000, "costOfRevenue": 7312800000, "grossProfit": 21005600000, "grossProfitRatio": 0.7417650715, "researchAndDevelopmentExpenses": 7025900000, "generalAndAdministrativeExpenses": 6431600000, "sellingAndMarketingExpenses": 1200000000, "sellingGeneralAndAdministrativeExpenses": 6431600000, "otherExpenses": 112800000, "operatingExpenses": 13457500000, "costAndExpenses": 20770300000, "interestIncome": 25400000, "interestExpense": 339800000, "depreciationAndAmortization": 2382000000, "ebitda": 8739100000, "ebitdaratio": 0.3086014747, "operatingIncome": 6357100000, "operatingIncomeRatio": 0.2244865529, "totalOtherIncomeExpensesNet": -201600000, "incomeBeforeTax": 6155500000, "incomeBeforeTaxRatio": 0.2173675066, "incomeTaxExpense": 573800000, "netIncome": 5581700000, "netIncomeRatio": 0.1971050624, "eps": 6.15, "epsdiluted": 6.12, "weightedAverageShsOut": 906963000, "weightedAverageShsOutDil": 911681000, "link": "https://www.sec.gov/Archives/edgar/data/59478/000005947822000068/0000059478-22-000068-index.htm", "finalLink": "https://www.sec.gov/Archives/edgar/data/59478/000005947822000068/lly-20211231.htm", "calculatedOtherExpenses": 1191000000, "calculatedOperatingExpenses": 14648500000, "calculatedNetInterest": -314400000, "calculatedOtherIncome": 112800000, "calculatedIncomeNonControlling": 0, "calculatedEbitda": 8739100000}, {"date": "2020-12-31", "symbol": "LLY", "reportedCurrency": "USD", "cik": "0000059478", "fillingDate": "2021-02-17", "acceptedDate": "2021-02-17 10:59:12", "calendarYear": "2020", "period": "FY", "revenue": 24539800000, "costOfRevenue": 5483300000, "grossProfit": 19056500000, "grossProfitRatio": 0.7765548211, "researchAndDevelopmentExpenses": 6085700000, "generalAndAdministrativeExpenses": 6121200000, "sellingAndMarketingExpenses": 1100000000, "sellingGeneralAndAdministrativeExpenses": 6121200000, "otherExpenses": 1498500000, "operatingExpenses": 12206900000, "costAndExpenses": 17690200000, "interestIncome": 33000000, "interestExpense": 359600000, "depreciationAndAmortization": 1583200000, "ebitda": 7641200000, "ebitdaratio": 0.3113798808, "operatingIncome": 6058000000, "operatingIncomeRatio": 0.2468642776, "totalOtherIncomeExpensesNet": 1171900000, "incomeBeforeTax": 7229900000, "incomeBeforeTaxRatio": 0.2946193531, "incomeTaxExpense": 1036200000, "netIncome": 6193700000, "netIncomeRatio": 0.25239407, "eps": 6.82, "epsdiluted": 6.79, "weightedAverageShsOut": 907634000, "weightedAverageShsOutDil": 912505000, "link": "https://www.sec.gov/Archives/edgar/data/59478/000005947821000083/0000059478-21-000083-index.htm", "finalLink": "https://www.sec.gov/Archives/edgar/data/59478/000005947821000083/lly-20201231.htm", "calculatedOtherExpenses": 791600000, "calculatedOperatingExpenses": 12998500000, "calculatedNetInterest": -326600000, "calculatedOtherIncome": 1498500000, "calculatedIncomeNonControlling": 0, "calculatedEbitda": 7641200000}, {"date": "2019-12-31", "symbol": "LLY", "reportedCurrency": "USD", "cik": "0000059478", "fillingDate": "2020-02-19", "acceptedDate": "2020-02-19 12:33:26", "calendarYear": "2019", "period": "FY", "revenue": 22319500000, "costOfRevenue": 4721200000, "grossProfit": 17598300000, "grossProfitRatio": 0.788471964, "researchAndDevelopmentExpenses": 5595000000, "generalAndAdministrativeExpenses": 6213800000, "sellingAndMarketingExpenses": 6213800000, "sellingGeneralAndAdministrativeExpenses": 6213800000, "otherExpenses": 611800000, "operatingExpenses": 11808800000, "costAndExpenses": 16530000000, "interestIncome": 80400000, "interestExpense": 400600000, "depreciationAndAmortization": 1630400000, "ebitda": 6604700000, "ebitdaratio": 0.2959161272, "operatingIncome": 4974300000, "operatingIncomeRatio": 0.2228678958, "totalOtherIncomeExpensesNet": 291600000, "incomeBeforeTax": 5265900000, "incomeBeforeTaxRatio": 0.2359327046, "incomeTaxExpense": 628000000, "netIncome": 4637900000, "netIncomeRatio": 0.2077958736, "eps": 4.98, "epsdiluted": 4.96, "weightedAverageShsOut": 931059000, "weightedAverageShsOutDil": 935684000, "link": "https://www.sec.gov/Archives/edgar/data/59478/000005947820000057/0000059478-20-000057-index.htm", "finalLink": "https://www.sec.gov/Archives/edgar/data/59478/000005947820000057/lly-20191231x10xk.htm", "calculatedOtherExpenses": 815200000, "calculatedOperatingExpenses": 12624000000, "calculatedNetInterest": -320200000, "calculatedOtherIncome": 611800000, "calculatedIncomeNonControlling": 0, "calculatedEbitda": 6604700000}, {"date": "2018-12-31", "symbol": "LLY", "reportedCurrency": "USD", "cik": "0000059478", "fillingDate": "2019-02-19", "acceptedDate": "2019-02-19 10:41:31", "calendarYear": "2018", "period": "FY", "revenue": 21493300000, "costOfRevenue": 4681700000, "grossProfit": 16811600000, "grossProfitRatio": 0.7821786324, "researchAndDevelopmentExpenses": 5051200000, "generalAndAdministrativeExpenses": 5975100000, "sellingAndMarketingExpenses": 5975100000, "sellingGeneralAndAdministrativeExpenses": 5975100000, "otherExpenses": 145600000, "operatingExpenses": 11026300000, "costAndExpenses": 15708000000, "interestIncome": 161300000, "interestExpense": 272100000, "depreciationAndAmortization": 1609000000, "ebitda": 9645100000, "ebitdaratio": 0.4487491451, "operatingIncome": 6186800000, "operatingIncomeRatio": 0.287847841, "totalOtherIncomeExpensesNet": -2105200000, "incomeBeforeTax": 3680100000, "incomeBeforeTaxRatio": 0.171220799, "incomeTaxExpense": 529500000, "netIncome": 3232000000, "netIncomeRatio": 0.1503724416, "eps": 3.14, "epsdiluted": 3.13, "weightedAverageShsOut": 1027721000, "weightedAverageShsOutDil": 1033667000, "link": "https://www.sec.gov/Archives/edgar/data/59478/000005947819000082/0000059478-19-000082-index.htm", "finalLink": "https://www.sec.gov/Archives/edgar/data/59478/000005947819000082/lly-20181231x10xk.htm", "calculatedOtherExpenses": -401500000, "calculatedOperatingExpenses": 10624800000, "calculatedNetInterest": -110800000, "calculatedOtherIncome": -2395900000, "calculatedIncomeNonControlling": -81400000, "calculatedEbitda": 7795800000}, {"date": "2017-12-31", "symbol": "LLY", "reportedCurrency": "USD", "cik": "0000059478", "fillingDate": "2018-02-20", "acceptedDate": "2018-02-20 17:27:37", "calendarYear": "2017", "period": "FY", "revenue": 22871300000, "costOfRevenue": 6070200000, "grossProfit": 16801100000, "grossProfitRatio": 0.7345931364, "researchAndDevelopmentExpenses": 5281800000, "generalAndAdministrativeExpenses": 6588100000, "sellingAndMarketingExpenses": 6588100000, "sellingGeneralAndAdministrativeExpenses": 6588100000, "otherExpenses": 110100000, "operatingExpenses": 11869900000, "costAndExpenses": 17940100000, "interestIncome": 167300000, "interestExpense": 225000000, "depreciationAndAmortization": 1567300000, "ebitda": 7717400000, "ebitdaratio": 0.337427256, "operatingIncome": 2145000000, "operatingIncomeRatio": 0.0937856615, "totalOtherIncomeExpensesNet": -2676100000, "incomeBeforeTax": 2197400000, "incomeBeforeTaxRatio": 0.0960767425, "incomeTaxExpense": 2401500000, "netIncome": -204100000, "netIncomeRatio": -0.0089238478, "eps": -0.19, "epsdiluted": -0.19, "weightedAverageShsOut": 1052022999, "weightedAverageShsOutDil": 1052023000, "link": "https://www.sec.gov/Archives/edgar/data/59478/000005947818000089/0000059478-18-000089-index.htm", "finalLink": "https://www.sec.gov/Archives/edgar/data/59478/000005947818000089/lly-20171231x10xk.htm", "calculatedOtherExpenses": 2786200000, "calculatedOperatingExpenses": 14656100000, "calculatedNetInterest": -57700000, "calculatedOtherIncome": 110100000, "calculatedIncomeNonControlling": 0, "calculatedEbitda": 3712300000}, {"date": "2016-12-31", "symbol": "LLY", "reportedCurrency": "USD", "cik": "0000059478", "fillingDate": "2017-02-21", "acceptedDate": "2017-02-21 15:32:29", "calendarYear": "2016", "period": "FY", "revenue": 21222100000, "costOfRevenue": 5654900000, "grossProfit": 15567200000, "grossProfitRatio": 0.7335372089, "researchAndDevelopmentExpenses": 5243900000, "generalAndAdministrativeExpenses": 6452000000, "sellingAndMarketingExpenses": 6452000000, "sellingGeneralAndAdministrativeExpenses": 6452000000, "otherExpenses": -8300000, "operatingExpenses": 11695900000, "costAndExpenses": 17350800000, "interestIncome": 108700000, "interestExpense": 185200000, "depreciationAndAmortization": 1496600000, "ebitda": 4283800000, "ebitdaratio": 0.2018556128, "operatingIncome": 3458800000, "operatingIncomeRatio": 0.1629810433, "totalOtherIncomeExpensesNet": -420800000, "incomeBeforeTax": 3374000000, "incomeBeforeTaxRatio": 0.1589852088, "incomeTaxExpense": 636400000, "netIncome": 2737600000, "netIncomeRatio": 0.1289976016, "eps": 2.59, "epsdiluted": 2.58, "weightedAverageShsOut": 1058324000, "weightedAverageShsOutDil": 1061825000, "link": "https://www.sec.gov/Archives/edgar/data/59478/000005947817000098/0000059478-17-000098-index.htm", "finalLink": "https://www.sec.gov/Archives/edgar/data/59478/000005947817000098/lly-20161231x10xk.htm", "calculatedOtherExpenses": 412500000, "calculatedOperatingExpenses": 12108400000, "calculatedNetInterest": -76500000, "calculatedOtherIncome": -8300000, "calculatedIncomeNonControlling": 0, "calculatedEbitda": 4955400000}, {"date": "2015-12-31", "symbol": "LLY", "reportedCurrency": "USD", "cik": "0000059478", "fillingDate": "2016-02-19", "acceptedDate": "2016-02-19 15:42:05", "calendarYear": "2015", "period": "FY", "revenue": 19958700000, "costOfRevenue": 5037200000, "grossProfit": 14921500000, "grossProfitRatio": 0.7476188329, "researchAndDevelopmentExpenses": 4796400000, "generalAndAdministrativeExpenses": 6533000000, "sellingAndMarketingExpenses": 6533000000, "sellingGeneralAndAdministrativeExpenses": 6533000000, "otherExpenses": 174800000, "operatingExpenses": 11329400000, "costAndExpenses": 16366600000, "interestIncome": 87000000, "interestExpense": 161200000, "depreciationAndAmortization": 1427700000, "ebitda": 4494800000, "ebitdaratio": 0.2252050484, "operatingIncome": 2689400000, "operatingIncomeRatio": 0.1347482551, "totalOtherIncomeExpensesNet": -727900000, "incomeBeforeTax": 2790000000, "incomeBeforeTaxRatio": 0.1397886636, "incomeTaxExpense": 381600000, "netIncome": 2408400000, "netIncomeRatio": 0.1206691819, "eps": 2.27, "epsdiluted": 2.26, "weightedAverageShsOut": 1061913000, "weightedAverageShsOutDil": 1065720000, "link": "https://www.sec.gov/Archives/edgar/data/59478/000005947816000321/0000059478-16-000321-index.htm", "finalLink": "https://www.sec.gov/Archives/edgar/data/59478/000005947816000321/lly-20151231x10k.htm", "calculatedOtherExpenses": 902700000, "calculatedOperatingExpenses": 12232100000, "calculatedNetInterest": -74200000, "calculatedOtherIncome": 174800000, "calculatedIncomeNonControlling": 0, "calculatedEbitda": 4117100000}, {"date": "2014-12-31", "symbol": "LLY", "reportedCurrency": "USD", "cik": "0000059478", "fillingDate": "2015-02-19", "acceptedDate": "2015-02-19 16:02:25", "calendarYear": "2014", "period": "FY", "revenue": 19615600000, "costOfRevenue": 4932500000, "grossProfit": 14683100000, "grossProfitRatio": 0.7485419768, "researchAndDevelopmentExpenses": 4733600000, "generalAndAdministrativeExpenses": 6620800000, "sellingAndMarketingExpenses": 6620800000, "sellingGeneralAndAdministrativeExpenses": 6620800000, "otherExpenses": 368300000, "operatingExpenses": 11354400000, "costAndExpenses": 16286900000, "interestIncome": 121000000, "interestExpense": 148800000, "depreciationAndAmortization": 1379000000, "ebitda": 3997600000, "ebitdaratio": 0.2037969779, "operatingIncome": 2659800000, "operatingIncomeRatio": 0.1355961582, "totalOtherIncomeExpensesNet": -300600000, "incomeBeforeTax": 3000300000, "incomeBeforeTaxRatio": 0.1529547911, "incomeTaxExpense": 609800000, "netIncome": 2390500000, "netIncomeRatio": 0.1218672893, "eps": 2.23, "epsdiluted": 2.23, "weightedAverageShsOut": 1069932000, "weightedAverageShsOutDil": 1074286000, "link": "https://www.sec.gov/Archives/edgar/data/59478/000005947815000100/0000059478-15-000100-index.htm", "finalLink": "https://www.sec.gov/Archives/edgar/data/59478/000005947815000100/lly-20141231x10k.htm", "calculatedOtherExpenses": 668900000, "calculatedOperatingExpenses": 12023300000, "calculatedNetInterest": -27800000, "calculatedOtherIncome": 368300000, "calculatedIncomeNonControlling": 0, "calculatedEbitda": 4038800000}, {"date": "2013-12-31", "symbol": "LLY", "reportedCurrency": "USD", "cik": "0000059478", "fillingDate": "2014-02-19", "acceptedDate": "2014-02-19 13:34:18", "calendarYear": "2013", "period": "FY", "revenue": 23113100000, "costOfRevenue": 4908100000, "grossProfit": 18205000000, "grossProfitRatio": 0.7876485629, "researchAndDevelopmentExpenses": 5531300000, "generalAndAdministrativeExpenses": 7125600000, "sellingAndMarketingExpenses": 7125600000, "sellingGeneralAndAdministrativeExpenses": 7125600000, "otherExpenses": 63900000, "operatingExpenses": 12656900000, "costAndExpenses": 17565000000, "interestIncome": 119700000, "interestExpense": 160100000, "depreciationAndAmortization": 1445600000, "ebitda": 5230400000, "ebitdaratio": 0.2262959101, "operatingIncome": 5370400000, "operatingIncomeRatio": 0.2323530812, "totalOtherIncomeExpensesNet": 381600000, "incomeBeforeTax": 5889300000, "incomeBeforeTaxRatio": 0.254803553, "incomeTaxExpense": 1204500000, "netIncome": 4684800000, "netIncomeRatio": 0.2026902493, "eps": 4.33, "epsdiluted": 4.32, "weightedAverageShsOut": 1080874000, "weightedAverageShsOutDil": 1084766000, "link": "https://www.sec.gov/Archives/edgar/data/59478/000005947814000078/0000059478-14-000078-index.htm", "finalLink": "https://www.sec.gov/Archives/edgar/data/59478/000005947814000078/lly-20131231x10k.htm", "calculatedOtherExpenses": 177700000, "calculatedOperatingExpenses": 12834600000, "calculatedNetInterest": -40400000, "calculatedOtherIncome": 559300000, "calculatedIncomeNonControlling": 0, "calculatedEbitda": 6816000000}, {"date": "2012-12-31", "symbol": "LLY", "reportedCurrency": "USD", "cik": "0000059478", "fillingDate": "2013-02-21", "acceptedDate": "2013-02-21 10:28:17", "calendarYear": "2012", "period": "FY", "revenue": 22603400000, "costOfRevenue": 4796500000, "grossProfit": 17806900000, "grossProfitRatio": 0.787797411, "researchAndDevelopmentExpenses": 5278100000, "generalAndAdministrativeExpenses": 7513500000, "sellingAndMarketingExpenses": 7513500000, "sellingGeneralAndAdministrativeExpenses": 7513500000, "otherExpenses": -41000000, "operatingExpenses": 12791600000, "costAndExpenses": 17588100000, "interestIncome": 105000000, "interestExpense": 177800000, "depreciationAndAmortization": 1462200000, "ebitda": 4508600000, "ebitdaratio": 0.1994655671, "operatingIncome": 4734200000, "operatingIncomeRatio": 0.2094463665, "totalOtherIncomeExpensesNet": 465700000, "incomeBeforeTax": 5408200000, "incomeBeforeTaxRatio": 0.2392648894, "incomeTaxExpense": 1319600000, "netIncome": 4088600000, "netIncomeRatio": 0.1808842917, "eps": 3.67, "epsdiluted": 3.66, "weightedAverageShsOut": 1113178000, "weightedAverageShsOutDil": 1117294000, "link": "https://www.sec.gov/Archives/edgar/data/59478/000005947813000007/0000059478-13-000007-index.htm", "finalLink": "https://www.sec.gov/Archives/edgar/data/59478/000005947813000007/lly-20121231x10k.htm", "calculatedOtherExpenses": 281100000, "calculatedOperatingExpenses": 13072700000, "calculatedNetInterest": -72800000, "calculatedOtherIncome": 746800000, "calculatedIncomeNonControlling": 0, "calculatedEbitda": 6196400000}, {"date": "2011-12-31", "symbol": "LLY", "reportedCurrency": "USD", "cik": "0000059478", "fillingDate": "2012-02-24", "acceptedDate": "2012-02-24 17:07:08", "calendarYear": "2011", "period": "FY", "revenue": 24286500000, "costOfRevenue": 5067900000, "grossProfit": 19218600000, "grossProfitRatio": 0.7913285158, "researchAndDevelopmentExpenses": 5020800000, "generalAndAdministrativeExpenses": 7879900000, "sellingAndMarketingExpenses": 0, "sellingGeneralAndAdministrativeExpenses": 7879900000, "otherExpenses": 0, "operatingExpenses": 12900700000, "costAndExpenses": 17968600000, "interestIncome": 79900000, "interestExpense": 186000000, "depreciationAndAmortization": 1373600000, "ebitda": 7180200000, "ebitdaratio": 0.2956457291, "operatingIncome": 5528500000, "operatingIncomeRatio": 0.2276367529, "totalOtherIncomeExpensesNet": -862300000, "incomeBeforeTax": 5349500000, "incomeBeforeTaxRatio": 0.2202664031, "incomeTaxExpense": 1001800000, "netIncome": 4347700000, "netIncomeRatio": 0.1790171494, "eps": 3.9, "epsdiluted": 3.9, "weightedAverageShsOut": 1113923000, "weightedAverageShsOutDil": 1113967000, "link": "https://www.sec.gov/Archives/edgar/data/59478/000119312512078393/0001193125-12-078393-index.htm", "finalLink": "https://www.sec.gov/Archives/edgar/data/59478/000119312512078393/d266023d10k.htm", "calculatedOtherExpenses": 789400000, "calculatedOperatingExpenses": 13690100000, "calculatedNetInterest": -106100000, "calculatedOtherIncome": -72900000, "calculatedIncomeNonControlling": 0, "calculatedEbitda": 6902100000}, {"date": "2010-12-31", "symbol": "LLY", "reportedCurrency": "USD", "cik": "0000059478", "fillingDate": "2011-02-22", "acceptedDate": "2011-02-22 10:46:00", "calendarYear": "2010", "period": "FY", "revenue": 23076000000, "costOfRevenue": 4366200000, "grossProfit": 18709800000, "grossProfitRatio": 0.8107904316, "researchAndDevelopmentExpenses": 4884200000, "generalAndAdministrativeExpenses": 7053400000, "sellingAndMarketingExpenses": 0, "sellingGeneralAndAdministrativeExpenses": 7053400000, "otherExpenses": 0, "operatingExpenses": 11937600000, "costAndExpenses": 16303800000, "interestIncome": 51900000, "interestExpense": 185500000, "depreciationAndAmortization": 1328200000, "ebitda": 8152300000, "ebitdaratio": 0.3532804646, "operatingIncome": 6772200000, "operatingIncomeRatio": 0.2934737389, "totalOtherIncomeExpensesNet": -113400000, "incomeBeforeTax": 6525200000, "incomeBeforeTaxRatio": 0.2827699775, "incomeTaxExpense": 1455700000, "netIncome": 5069500000, "netIncomeRatio": 0.2196871208, "eps": 4.58, "epsdiluted": 4.58, "weightedAverageShsOut": 1105788000, "weightedAverageShsOutDil": 1105813000, "link": "https://www.sec.gov/Archives/edgar/data/59478/000119312511041620/0001193125-11-041620-index.htm", "finalLink": "https://www.sec.gov/Archives/edgar/data/59478/000119312511041620/d10k.htm", "calculatedOtherExpenses": 0, "calculatedOperatingExpenses": 11937600000, "calculatedNetInterest": -133600000, "calculatedOtherIncome": -113400000, "calculatedIncomeNonControlling": 0, "calculatedEbitda": 8100400000}, {"date": "2009-12-31", "symbol": "LLY", "reportedCurrency": "USD", "cik": "0000059478", "fillingDate": "2010-02-22", "acceptedDate": "2010-02-22 12:45:27", "calendarYear": "2009", "period": "FY", "revenue": 21836000000, "costOfRevenue": 4247000000, "grossProfit": 17589000000, "grossProfitRatio": 0.8055046712, "researchAndDevelopmentExpenses": 4326500000, "generalAndAdministrativeExpenses": 6892500000, "sellingAndMarketingExpenses": 0, "sellingGeneralAndAdministrativeExpenses": 6892500000, "otherExpenses": 0, "operatingExpenses": 11219000000, "costAndExpenses": 15466000000, "interestIncome": 75200000, "interestExpense": 261300000, "depreciationAndAmortization": 1297800000, "ebitda": 7743000000, "ebitdaratio": 0.3545979117, "operatingIncome": 6370000000, "operatingIncomeRatio": 0.2917200953, "totalOtherIncomeExpensesNet": -826100000, "incomeBeforeTax": 5357800000, "incomeBeforeTaxRatio": 0.2453654515, "incomeTaxExpense": 1029000000, "netIncome": 4328800000, "netIncomeRatio": 0.1982414362, "eps": 3.94, "epsdiluted": 3.94, "weightedAverageShsOut": 1098338000, "weightedAverageShsOutDil": 1098367000, "link": "https://www.sec.gov/Archives/edgar/data/59478/000095012310014958/0000950123-10-014958-index.htm", "finalLink": "https://www.sec.gov/Archives/edgar/data/59478/000095012310014958/c55339ke10vk.htm", "calculatedOtherExpenses": 0, "calculatedOperatingExpenses": 11219000000, "calculatedNetInterest": -186100000, "calculatedOtherIncome": -826100000, "calculatedIncomeNonControlling": 0, "calculatedEbitda": 7667800000}, {"date": "2008-12-31", "symbol": "LLY", "reportedCurrency": "USD", "cik": "0000059478", "fillingDate": "2009-02-27", "acceptedDate": "2009-02-27 11:19:34", "calendarYear": "2008", "period": "FY", "revenue": 20378000000, "costOfRevenue": 4382800000, "grossProfit": 15995200000, "grossProfitRatio": 0.784924919, "researchAndDevelopmentExpenses": 3840900000, "generalAndAdministrativeExpenses": 6626400000, "sellingAndMarketingExpenses": 0, "sellingGeneralAndAdministrativeExpenses": 6626400000, "otherExpenses": 0, "operatingExpenses": 10467300000, "costAndExpenses": 14850100000, "interestIncome": 0, "interestExpense": 0, "depreciationAndAmortization": 1122600000, "ebitda": 13468400000, "ebitdaratio": 0.6609284523, "operatingIncome": 5527900000, "operatingIncomeRatio": 0.2712680342, "totalOtherIncomeExpensesNet": -6817900000, "incomeBeforeTax": -1307600000, "incomeBeforeTaxRatio": -0.0641672392, "incomeTaxExpense": 764300000, "netIncome": -2071900000, "netIncomeRatio": -0.1016733732, "eps": -1.89, "epsdiluted": -1.89, "weightedAverageShsOut": 1094499000, "weightedAverageShsOutDil": 1094499000, "link": "https://www.sec.gov/Archives/edgar/data/59478/000095015209001897/0000950152-09-001897-index.htm", "finalLink": "https://www.sec.gov/Archives/edgar/data/59478/000095015209001897/c49534e10vk.htm", "calculatedOtherExpenses": 0, "calculatedOperatingExpenses": 10467300000, "calculatedNetInterest": 0, "calculatedOtherIncome": -6835500000, "calculatedIncomeNonControlling": 0, "calculatedEbitda": 6650500000}, {"date": "2007-12-31", "symbol": "LLY", "reportedCurrency": "USD", "cik": "0000059478", "fillingDate": "2008-02-29", "acceptedDate": "2008-02-29 09:54:07", "calendarYear": "2007", "period": "FY", "revenue": 18633500000, "costOfRevenue": 4248800000, "grossProfit": 14384700000, "grossProfitRatio": 0.7719805726, "researchAndDevelopmentExpenses": 3486700000, "generalAndAdministrativeExpenses": 6095100000, "sellingAndMarketingExpenses": 0, "sellingGeneralAndAdministrativeExpenses": 6095100000, "otherExpenses": 0, "operatingExpenses": 9581800000, "costAndExpenses": 13830600000, "interestIncome": 0, "interestExpense": 0, "depreciationAndAmortization": 1047900000, "ebitda": 6774900000, "ebitdaratio": 0.3635870878, "operatingIncome": 4802900000, "operatingIncomeRatio": 0.2577561918, "totalOtherIncomeExpensesNet": -913100000, "incomeBeforeTax": 3876800000, "incomeBeforeTaxRatio": 0.2080553841, "incomeTaxExpense": 923800000, "netIncome": 2953000000, "netIncomeRatio": 0.15847801, "eps": 2.71, "epsdiluted": 2.71, "weightedAverageShsOut": 1090430000, "weightedAverageShsOutDil": 1090750000, "link": "https://www.sec.gov/Archives/edgar/data/59478/000095013708003028/0000950137-08-003028-index.htm", "finalLink": "https://www.sec.gov/Archives/edgar/data/59478/000095013708003028/c24001e10vk.htm", "calculatedOtherExpenses": 0, "calculatedOperatingExpenses": 9581800000, "calculatedNetInterest": 0, "calculatedOtherIncome": -926100000, "calculatedIncomeNonControlling": 0, "calculatedEbitda": 5850800000}, {"date": "2006-12-31", "symbol": "LLY", "reportedCurrency": "USD", "cik": "0000059478", "fillingDate": "2007-02-28", "acceptedDate": "2007-02-28 17:18:31", "calendarYear": "2006", "period": "FY", "revenue": 15691000000, "costOfRevenue": 3546500000, "grossProfit": 12144500000, "grossProfitRatio": 0.7739787139, "researchAndDevelopmentExpenses": 3129300000, "generalAndAdministrativeExpenses": 4889800000, "sellingAndMarketingExpenses": 0, "sellingGeneralAndAdministrativeExpenses": 4889800000, "otherExpenses": 0, "operatingExpenses": 8019100000, "costAndExpenses": 11565600000, "interestIncome": 0, "interestExpense": 0, "depreciationAndAmortization": 801800000, "ebitda": 5754700000, "ebitdaratio": 0.3667516411, "operatingIncome": 4125400000, "operatingIncomeRatio": 0.2629150468, "totalOtherIncomeExpensesNet": -731200000, "incomeBeforeTax": 3418000000, "incomeBeforeTaxRatio": 0.2178318781, "incomeTaxExpense": 755300000, "netIncome": 2662700000, "netIncomeRatio": 0.1696960041, "eps": 2.45, "epsdiluted": 2.45, "weightedAverageShsOut": 1086816327, "weightedAverageShsOutDil": 1086816327, "link": "https://www.sec.gov/Archives/edgar/data/59478/000095013707003013/0000950137-07-003013-index.htm", "finalLink": "https://www.sec.gov/Archives/edgar/data/59478/000095013707003013/c12621e10vk.htm", "calculatedOtherExpenses": 0, "calculatedOperatingExpenses": 8019100000, "calculatedNetInterest": 0, "calculatedOtherIncome": -707400000, "calculatedIncomeNonControlling": 0, "calculatedEbitda": 4927200000}, {"date": "2005-12-31", "symbol": "LLY", "reportedCurrency": "USD", "cik": "0000059478", "fillingDate": "2006-03-01", "acceptedDate": "2006-03-01 09:01:56", "calendarYear": "2005", "period": "FY", "revenue": 14645300000, "costOfRevenue": 3474200000, "grossProfit": 11171100000, "grossProfitRatio": 0.7627771367, "researchAndDevelopmentExpenses": 3025500000, "generalAndAdministrativeExpenses": 4497000000, "sellingAndMarketingExpenses": 0, "sellingGeneralAndAdministrativeExpenses": 4497000000, "otherExpenses": 0, "operatingExpenses": 7522500000, "costAndExpenses": 10996700000, "interestIncome": 0, "interestExpense": 105200000, "depreciationAndAmortization": 726400000, "ebitda": 5200900000, "ebitdaratio": 0.3551241695, "operatingIncome": 3648600000, "operatingIncomeRatio": 0.2491311206, "totalOtherIncomeExpensesNet": -825900000, "incomeBeforeTax": 2717500000, "incomeBeforeTaxRatio": 0.1855544099, "incomeTaxExpense": 715900000, "netIncome": 1979600000, "netIncomeRatio": 0.1351696449, "eps": 1.82, "epsdiluted": 1.81, "weightedAverageShsOut": 1087692308, "weightedAverageShsOutDil": 1093701657, "link": "https://www.sec.gov/Archives/edgar/data/59478/000095013706002395/0000950137-06-002395-index.htm", "finalLink": "https://www.sec.gov/Archives/edgar/data/59478/000095013706002395/c02657e10vk.htm", "calculatedOtherExpenses": 0, "calculatedOperatingExpenses": 7522500000, "calculatedNetInterest": -105200000, "calculatedOtherIncome": -825900000, "calculatedIncomeNonControlling": 22000000, "calculatedEbitda": 4375000000}, {"date": "2004-12-31", "symbol": "LLY", "reportedCurrency": "USD", "cik": "0000059478", "fillingDate": "2005-03-08", "acceptedDate": "2005-03-08 08:01:18", "calendarYear": "2004", "period": "FY", "revenue": 13857900000, "costOfRevenue": 3223900000, "grossProfit": 10634000000, "grossProfitRatio": 0.7673601339, "researchAndDevelopmentExpenses": 2691100000, "generalAndAdministrativeExpenses": 4284200000, "sellingAndMarketingExpenses": 0, "sellingGeneralAndAdministrativeExpenses": 4284200000, "otherExpenses": 0, "operatingExpenses": 6975300000, "costAndExpenses": 10199200000, "interestIncome": 0, "interestExpense": 0, "depreciationAndAmortization": 597500000, "ebitda": 4921400000, "ebitdaratio": 0.3551331731, "operatingIncome": 3658700000, "operatingIncomeRatio": 0.2640154713, "totalOtherIncomeExpensesNet": -665200000, "incomeBeforeTax": 2941900000, "incomeBeforeTaxRatio": 0.2122904625, "incomeTaxExpense": 1131800000, "netIncome": 1810100000, "netIncomeRatio": 0.1306186363, "eps": 1.67, "epsdiluted": 1.66, "weightedAverageShsOut": 1083892216, "weightedAverageShsOutDil": 1090421687, "link": "https://www.sec.gov/Archives/edgar/data/59478/000095013405004385/0000950134-05-004385-index.htm", "finalLink": "https://www.sec.gov/Archives/edgar/data/59478/000095013405004385/c92539e10vk.htm", "calculatedOtherExpenses": 0, "calculatedOperatingExpenses": 6975300000, "calculatedNetInterest": 0, "calculatedOtherIncome": -716800000, "calculatedIncomeNonControlling": 0, "calculatedEbitda": 4256200000}, {"date": "2003-12-31", "symbol": "LLY", "reportedCurrency": "USD", "cik": "0000059478", "fillingDate": "2004-03-15", "acceptedDate": "2004-03-15 13:43:57", "calendarYear": "2003", "period": "FY", "revenue": 12582500000, "costOfRevenue": 2675100000, "grossProfit": 9907400000, "grossProfitRatio": 0.7873951917, "researchAndDevelopmentExpenses": 2350200000, "generalAndAdministrativeExpenses": 4055400000, "sellingAndMarketingExpenses": 0, "sellingGeneralAndAdministrativeExpenses": 4055400000, "otherExpenses": 0, "operatingExpenses": 6405600000, "costAndExpenses": 9080700000, "interestIncome": 0, "interestExpense": 0, "depreciationAndAmortization": 548500000, "ebitda": 4229400000, "ebitdaratio": 0.3361335188, "operatingIncome": 3501800000, "operatingIncomeRatio": 0.2783071727, "totalOtherIncomeExpensesNet": -179100000, "incomeBeforeTax": 3261700000, "incomeBeforeTaxRatio": 0.2592251142, "incomeTaxExpense": 700900000, "netIncome": 2560800000, "netIncomeRatio": 0.203520763, "eps": 2.38, "epsdiluted": 2.37, "weightedAverageShsOut": 1075966387, "weightedAverageShsOutDil": 1080506329, "link": "https://www.sec.gov/Archives/edgar/data/59478/000095013704001857/0000950137-04-001857-index.htm", "finalLink": "https://www.sec.gov/Archives/edgar/data/59478/000095013704001857/c83409e10vk.htm", "calculatedOtherExpenses": 0, "calculatedOperatingExpenses": 6405600000, "calculatedNetInterest": 0, "calculatedOtherIncome": -240100000, "calculatedIncomeNonControlling": 0, "calculatedEbitda": 4050300000}, {"date": "2002-12-31", "symbol": "LLY", "reportedCurrency": "USD", "cik": "0000059478", "fillingDate": "2003-03-20", "acceptedDate": "2003-03-20 17:07:06", "calendarYear": "2002", "period": "FY", "revenue": 11077500000, "costOfRevenue": 2176500000, "grossProfit": 8901000000, "grossProfitRatio": 0.80352065, "researchAndDevelopmentExpenses": 2149300000, "generalAndAdministrativeExpenses": 3424000000, "sellingAndMarketingExpenses": 0, "sellingGeneralAndAdministrativeExpenses": 3424000000, "otherExpenses": 0, "operatingExpenses": 5573300000, "costAndExpenses": 7749800000, "interestIncome": 0, "interestExpense": 0, "depreciationAndAmortization": 493000000, "ebitda": 3611000000, "ebitdaratio": 0.3259760776, "operatingIncome": 3327700000, "operatingIncomeRatio": 0.3004017152, "totalOtherIncomeExpensesNet": 209700000, "incomeBeforeTax": 3457700000, "incomeBeforeTaxRatio": 0.3121372151, "incomeTaxExpense": 749800000, "netIncome": 2707900000, "netIncomeRatio": 0.2444504626, "eps": 2.51, "epsdiluted": 2.5, "weightedAverageShsOut": 1078844622, "weightedAverageShsOutDil": 1083160000, "link": "https://www.sec.gov/Archives/edgar/data/59478/000095013703001575/0000950137-03-001575-index.htm", "finalLink": "https://www.sec.gov/Archives/edgar/data/59478/000095013703001575/c75275e10vk.htm", "calculatedOtherExpenses": 0, "calculatedOperatingExpenses": 5573300000, "calculatedNetInterest": 0, "calculatedOtherIncome": 130000000, "calculatedIncomeNonControlling": 0, "calculatedEbitda": 3820700000}, {"date": "2001-12-31", "symbol": "LLY", "reportedCurrency": "USD", "cik": "0000059478", "fillingDate": "2002-03-28", "acceptedDate": "2002-03-28 00:00:00", "calendarYear": "2001", "period": "FY", "revenue": 11542500000, "costOfRevenue": 2160200000, "grossProfit": 9382300000, "grossProfitRatio": 0.8128481698, "researchAndDevelopmentExpenses": 2235100000, "generalAndAdministrativeExpenses": 3417400000, "sellingAndMarketingExpenses": 0, "sellingGeneralAndAdministrativeExpenses": 3417400000, "otherExpenses": 0, "operatingExpenses": 5652500000, "costAndExpenses": 7812700000, "interestIncome": 0, "interestExpense": 0, "depreciationAndAmortization": 454900000, "ebitda": 4215900000, "ebitdaratio": 0.3652501624, "operatingIncome": 3729800000, "operatingIncomeRatio": 0.3231362357, "totalOtherIncomeExpensesNet": -31200000, "incomeBeforeTax": 3552100000, "incomeBeforeTaxRatio": 0.3077409573, "incomeTaxExpense": 742700000, "netIncome": 2780000000, "netIncomeRatio": 0.2408490362, "eps": 2.58, "epsdiluted": 2.55, "weightedAverageShsOut": 1077519380, "weightedAverageShsOutDil": 1090196078, "link": "https://www.sec.gov/Archives/edgar/data/59478/000095013702001754/0000950137-02-001754-index.htm", "finalLink": "https://www.sec.gov/Archives/edgar/data/59478/000095013702001754/c67933e10-k405.htm", "calculatedOtherExpenses": 0, "calculatedOperatingExpenses": 5652500000, "calculatedNetInterest": 0, "calculatedOtherIncome": -177700000, "calculatedIncomeNonControlling": 29400000, "calculatedEbitda": 4184700000}, {"date": "2000-12-31", "symbol": "LLY", "reportedCurrency": "USD", "cik": "0000059478", "fillingDate": "2001-03-28", "acceptedDate": "2001-03-28 00:00:00", "calendarYear": "2000", "period": "FY", "revenue": 10862200000, "costOfRevenue": 2055700000, "grossProfit": 8806500000, "grossProfitRatio": 0.8107473624, "researchAndDevelopmentExpenses": 2018500000, "generalAndAdministrativeExpenses": 3228300000, "sellingAndMarketingExpenses": 0, "sellingGeneralAndAdministrativeExpenses": 3228300000, "otherExpenses": 0, "operatingExpenses": 5246800000, "costAndExpenses": 7302500000, "interestIncome": 0, "interestExpense": 0, "depreciationAndAmortization": 435800000, "ebitda": 3514200000, "ebitdaratio": 0.323525621, "operatingIncome": 3559700000, "operatingIncomeRatio": 0.3277144593, "totalOtherIncomeExpensesNet": 481300000, "incomeBeforeTax": 3858700000, "incomeBeforeTaxRatio": 0.3552411114, "incomeTaxExpense": 800900000, "netIncome": 3057800000, "netIncomeRatio": 0.2815083501, "eps": 2.83, "epsdiluted": 2.79, "weightedAverageShsOut": 1080494700, "weightedAverageShsOutDil": 1095985663, "link": "https://www.sec.gov/Archives/edgar/data/59478/000095013101001634/0000950131-01-001634-index.htm", "finalLink": "https://www.sec.gov/Archives/edgar/data/59478/000095013101001634/0000950131-01-001634-0001.htm", "calculatedOtherExpenses": 0, "calculatedOperatingExpenses": 5246800000, "calculatedNetInterest": 0, "calculatedOtherIncome": 299000000, "calculatedIncomeNonControlling": 0, "calculatedEbitda": 3995500000}, {"date": "1999-12-31", "symbol": "LLY", "reportedCurrency": "USD", "cik": "0000059478", "fillingDate": "2000-03-30", "acceptedDate": "2000-03-30 00:00:00", "calendarYear": "1999", "period": "FY", "revenue": 10002900000, "costOfRevenue": 1658300000, "grossProfit": 8344600000, "grossProfitRatio": 0.8342180768, "researchAndDevelopmentExpenses": 1783600000, "generalAndAdministrativeExpenses": 2757600000, "sellingAndMarketingExpenses": 0, "sellingGeneralAndAdministrativeExpenses": 2757600000, "otherExpenses": 439700000, "operatingExpenses": 4980900000, "costAndExpenses": 6639200000, "interestIncome": 0, "interestExpense": 0, "depreciationAndAmortization": 439700000, "ebitda": 3737900000, "ebitdaratio": 0.3736816323, "operatingIncome": 3363700000, "operatingIncomeRatio": 0.336272481, "totalOtherIncomeExpensesNet": 65500000, "incomeBeforeTax": 3245400000, "incomeBeforeTaxRatio": 0.3244459107, "incomeTaxExpense": 698700000, "netIncome": 2721000000, "netIncomeRatio": 0.2720211139, "eps": 2.5, "epsdiluted": 2.46, "weightedAverageShsOut": 1088360000, "weightedAverageShsOutDil": 1106056911, "link": "https://www.sec.gov/Archives/edgar/data/59478/000095013100002201/0000950131-00-002201-index.html", "finalLink": "https://www.sec.gov/Archives/edgar/data/59478/000095013100002201/0000950131-00-002201-d1.html", "calculatedOtherExpenses": 439700000, "calculatedOperatingExpenses": 4980900000, "calculatedNetInterest": 0, "calculatedOtherIncome": -118300000, "calculatedIncomeNonControlling": -174300000, "calculatedEbitda": 3803400000}, {"date": "1998-12-31", "symbol": "LLY", "reportedCurrency": "USD", "cik": "0000059478", "fillingDate": "1999-03-26", "acceptedDate": "1999-03-26 00:00:00", "calendarYear": "1998", "period": "FY", "revenue": 9236800000, "costOfRevenue": 1524700000, "grossProfit": 7712100000, "grossProfitRatio": 0.8349320111, "researchAndDevelopmentExpenses": 1738900000, "generalAndAdministrativeExpenses": 2658300000, "sellingAndMarketingExpenses": 0, "sellingGeneralAndAdministrativeExpenses": 2658300000, "otherExpenses": 490400000, "operatingExpenses": 4887600000, "costAndExpenses": 6412300000, "interestIncome": 0, "interestExpense": 0, "depreciationAndAmortization": 490400000, "ebitda": 3293100000, "ebitdaratio": 0.3565195739, "operatingIncome": 2824500000, "operatingIncomeRatio": 0.3057877187, "totalOtherIncomeExpensesNet": 21800000, "incomeBeforeTax": 2665000000, "incomeBeforeTaxRatio": 0.2885198337, "incomeTaxExpense": 568700000, "netIncome": 2097900000, "netIncomeRatio": 0.2271241122, "eps": 1.91, "epsdiluted": 1.87, "weightedAverageShsOut": 1096910995, "weightedAverageShsOutDil": 1120374332, "link": "https://www.sec.gov/Archives/edgar/data/59478/000095013199001772/0000950131-99-001772-index.html", "finalLink": "https://www.sec.gov/Archives/edgar/data/59478/", "calculatedOtherExpenses": 490400000, "calculatedOperatingExpenses": 4887600000, "calculatedNetInterest": 0, "calculatedOtherIncome": -159500000, "calculatedIncomeNonControlling": -1600000, "calculatedEbitda": 3314900000}, {"date": "1997-12-31", "symbol": "LLY", "reportedCurrency": "USD", "cik": "0000059478", "fillingDate": "1998-03-24", "acceptedDate": "1998-03-24 00:00:00", "calendarYear": "1997", "period": "FY", "revenue": 8517600000, "costOfRevenue": 1853100000, "grossProfit": 6664500000, "grossProfitRatio": 0.7824387151, "researchAndDevelopmentExpenses": 1382000000, "generalAndAdministrativeExpenses": 2314400000, "sellingAndMarketingExpenses": 0, "sellingGeneralAndAdministrativeExpenses": 2314400000, "otherExpenses": 509800000, "operatingExpenses": 4206200000, "costAndExpenses": 6059300000, "interestIncome": 0, "interestExpense": 0, "depreciationAndAmortization": 509800000, "ebitda": 4682100000, "ebitdaratio": 0.5496970978, "operatingIncome": 2458300000, "operatingIncomeRatio": 0.2886141636, "totalOtherIncomeExpensesNet": -1714000000, "incomeBeforeTax": 510200000, "incomeBeforeTaxRatio": 0.0598995022, "incomeTaxExpense": 895300000, "netIncome": -385100000, "netIncomeRatio": -0.0452122664, "eps": -0.35, "epsdiluted": -0.34, "weightedAverageShsOut": 1101099000, "weightedAverageShsOutDil": 1130579000, "link": "https://www.sec.gov/Archives/edgar/data/59478/000095011798000598/0000950117-98-000598-index.html", "finalLink": "https://www.sec.gov/Archives/edgar/data/59478/", "calculatedOtherExpenses": 509800000, "calculatedOperatingExpenses": 4206200000, "calculatedNetInterest": 0, "calculatedOtherIncome": -1948100000, "calculatedIncomeNonControlling": 0, "calculatedEbitda": 2968100000}, {"date": "1996-12-31", "symbol": "LLY", "reportedCurrency": "USD", "cik": "0000059478", "fillingDate": "1997-03-24", "acceptedDate": "1997-03-24 00:00:00", "calendarYear": "1996", "period": "FY", "revenue": 7346600000, "costOfRevenue": 1574900000, "grossProfit": 5771700000, "grossProfitRatio": 0.7856287262, "researchAndDevelopmentExpenses": 1189500000, "generalAndAdministrativeExpenses": 1991900000, "sellingAndMarketingExpenses": 0, "sellingGeneralAndAdministrativeExpenses": 1991900000, "otherExpenses": 543500000, "operatingExpenses": 3724900000, "costAndExpenses": 5299800000, "interestIncome": 0, "interestExpense": 0, "depreciationAndAmortization": 543500000, "ebitda": 2317000000, "ebitdaratio": 0.3153839872, "operatingIncome": 2046800000, "operatingIncomeRatio": 0.278605069, "totalOtherIncomeExpensesNet": 273300000, "incomeBeforeTax": 2031300000, "incomeBeforeTaxRatio": 0.2764952495, "incomeTaxExpense": 507800000, "netIncome": 1523500000, "netIncomeRatio": 0.2073748401, "eps": 1.39, "epsdiluted": 1.36, "weightedAverageShsOut": 1093654000, "weightedAverageShsOutDil": 1117110000, "link": "https://www.sec.gov/Archives/edgar/data/59478/000005947897000009/0000059478-97-000009-index.html", "finalLink": "https://www.sec.gov/Archives/edgar/data/59478/", "calculatedOtherExpenses": 543500000, "calculatedOperatingExpenses": 3724900000, "calculatedNetInterest": 0, "calculatedOtherIncome": -15500000, "calculatedIncomeNonControlling": 0, "calculatedEbitda": 2590300000}, {"date": "1995-12-31", "symbol": "LLY", "reportedCurrency": "USD", "cik": "0000059478", "fillingDate": "1996-03-25", "acceptedDate": "1996-03-25 00:00:00", "calendarYear": "1995", "period": "FY", "revenue": 6763800000, "costOfRevenue": 1332000000, "grossProfit": 5431800000, "grossProfitRatio": 0.8030692806, "researchAndDevelopmentExpenses": 1042300000, "generalAndAdministrativeExpenses": 1854000000, "sellingAndMarketingExpenses": 0, "sellingGeneralAndAdministrativeExpenses": 1854000000, "otherExpenses": 553700000, "operatingExpenses": 3450000000, "costAndExpenses": 4782000000, "interestIncome": 0, "interestExpense": 0, "depreciationAndAmortization": 553700000, "ebitda": 2465400000, "ebitdaratio": 0.364499246, "operatingIncome": 1981800000, "operatingIncomeRatio": 0.2930009758, "totalOtherIncomeExpensesNet": 70100000, "incomeBeforeTax": 1765600000, "incomeBeforeTaxRatio": 0.2610366953, "incomeTaxExpense": 459000000, "netIncome": 2290900000, "netIncomeRatio": 0.338700139, "eps": 2.02, "epsdiluted": 2.02, "weightedAverageShsOut": 1136923077, "weightedAverageShsOutDil": 1176944000, "link": "https://www.sec.gov/Archives/edgar/data/59478/000005947896000001/0000059478-96-000001-index.html", "finalLink": "https://www.sec.gov/Archives/edgar/data/59478/", "calculatedOtherExpenses": 553700000, "calculatedOperatingExpenses": 3450000000, "calculatedNetInterest": 0, "calculatedOtherIncome": -216200000, "calculatedIncomeNonControlling": -984300000, "calculatedEbitda": 2535500000}, {"date": "1994-12-31", "symbol": "LLY", "reportedCurrency": "USD", "cik": "0000059478", "fillingDate": "1995-03-27", "acceptedDate": "1995-03-27 00:00:00", "calendarYear": "1994", "period": "FY", "revenue": 5711600000, "costOfRevenue": 1247500000, "grossProfit": 4464100000, "grossProfitRatio": 0.7815848449, "researchAndDevelopmentExpenses": 838700000, "generalAndAdministrativeExpenses": 1398300000, "sellingAndMarketingExpenses": 0, "sellingGeneralAndAdministrativeExpenses": 1398300000, "otherExpenses": 432200000, "operatingExpenses": 2669200000, "costAndExpenses": 3916700000, "interestIncome": 0, "interestExpense": 0, "depreciationAndAmortization": 432200000, "ebitda": 2323400000, "ebitdaratio": 0.4067861895, "operatingIncome": 1794900000, "operatingIncomeRatio": 0.3142551999, "totalOtherIncomeExpensesNet": -96300000, "incomeBeforeTax": 1698600000, "incomeBeforeTaxRatio": 0.2973947755, "incomeTaxExpense": 513500000, "netIncome": 1286100000, "netIncomeRatio": 0.2251733315, "eps": 1.11, "epsdiluted": 1.11, "weightedAverageShsOut": 1156044944, "weightedAverageShsOutDil": 1167968000, "link": "https://www.sec.gov/Archives/edgar/data/59478/000005947895000004/0000059478-95-000004-index.html", "finalLink": "https://www.sec.gov/Archives/edgar/data/59478/", "calculatedOtherExpenses": 432200000, "calculatedOperatingExpenses": 2669200000, "calculatedNetInterest": 0, "calculatedOtherIncome": -96300000, "calculatedIncomeNonControlling": -101000000, "calculatedEbitda": 2227100000}, {"date": "1993-12-31", "symbol": "LLY", "reportedCurrency": "USD", "cik": "0000059478", "fillingDate": "1994-03-25", "acceptedDate": "1994-03-25 00:00:00", "calendarYear": "1993", "period": "FY", "revenue": 6452400000, "costOfRevenue": 1560700000, "grossProfit": 4891700000, "grossProfitRatio": 0.7581210092, "researchAndDevelopmentExpenses": 0, "generalAndAdministrativeExpenses": 0, "sellingAndMarketingExpenses": 0, "sellingGeneralAndAdministrativeExpenses": 3840800000, "otherExpenses": 398300000, "operatingExpenses": 4239100000, "costAndExpenses": 5799800000, "interestIncome": 0, "interestExpense": 0, "depreciationAndAmortization": 398300000, "ebitda": 1001600000, "ebitdaratio": 0.1552290621, "operatingIncome": 652600000, "operatingIncomeRatio": 0.1011406608, "totalOtherIncomeExpensesNet": 49300000, "incomeBeforeTax": 701900000, "incomeBeforeTaxRatio": 0.1087812287, "incomeTaxExpense": 210800000, "netIncome": 480200000, "netIncomeRatio": 0.0744219205, "eps": 0.4, "epsdiluted": 0.4, "weightedAverageShsOut": 1200500000, "weightedAverageShsOutDil": 1200500000, "link": "https://www.sec.gov/Archives/edgar/data/59478/000005947894000007/0000059478-94-000007-index.html", "finalLink": "https://www.sec.gov/Archives/edgar/data/59478/", "calculatedOtherExpenses": 398300000, "calculatedOperatingExpenses": 4239100000, "calculatedNetInterest": 0, "calculatedOtherIncome": 49300000, "calculatedIncomeNonControlling": 10900000, "calculatedEbitda": 1050900000}, {"date": "1992-12-31", "symbol": "LLY", "reportedCurrency": "USD", "cik": "0000059478", "fillingDate": "1992-12-31", "acceptedDate": "1992-12-30 19:00:00", "calendarYear": "1992", "period": "FY", "revenue": 6167300000, "costOfRevenue": 1528900000, "grossProfit": 4638400000, "grossProfitRatio": 0.7520957307, "researchAndDevelopmentExpenses": 0, "generalAndAdministrativeExpenses": 0, "sellingAndMarketingExpenses": 0, "sellingGeneralAndAdministrativeExpenses": 3114800000, "otherExpenses": 368100000, "operatingExpenses": 3482900000, "costAndExpenses": 5011800000, "interestIncome": 0, "interestExpense": 0, "depreciationAndAmortization": 368100000, "ebitda": 1496800000, "ebitdaratio": 0.2426993984, "operatingIncome": 1155500000, "operatingIncomeRatio": 0.1873591361, "totalOtherIncomeExpensesNet": 26800000, "incomeBeforeTax": 1182300000, "incomeBeforeTaxRatio": 0.1917046357, "incomeTaxExpense": 354700000, "netIncome": 708700000, "netIncomeRatio": 0.1149125225, "eps": 0.61, "epsdiluted": 0.61, "weightedAverageShsOut": 1161803279, "weightedAverageShsOutDil": 1161803279, "link": "", "finalLink": "", "calculatedOtherExpenses": 368100000, "calculatedOperatingExpenses": 3482900000, "calculatedNetInterest": 0, "calculatedOtherIncome": 26800000, "calculatedIncomeNonControlling": 118900000, "calculatedEbitda": 1523600000}, {"date": "1991-12-31", "symbol": "LLY", "reportedCurrency": "USD", "cik": "0000059478", "fillingDate": "1991-12-31", "acceptedDate": "1991-12-30 19:00:00", "calendarYear": "1991", "period": "FY", "revenue": 5725700000, "costOfRevenue": 1354700000, "grossProfit": 4371000000, "grossProfitRatio": 0.7634001083, "researchAndDevelopmentExpenses": 0, "generalAndAdministrativeExpenses": 0, "sellingAndMarketingExpenses": 0, "sellingGeneralAndAdministrativeExpenses": 2303200000, "otherExpenses": 299500000, "operatingExpenses": 2602700000, "costAndExpenses": 3957400000, "interestIncome": 0, "interestExpense": 0, "depreciationAndAmortization": 299500000, "ebitda": 1956900000, "ebitdaratio": 0.3417748048, "operatingIncome": 1768300000, "operatingIncomeRatio": 0.3088356009, "totalOtherIncomeExpensesNet": 110900000, "incomeBeforeTax": 1879200000, "incomeBeforeTaxRatio": 0.3282044117, "incomeTaxExpense": 564500000, "netIncome": 1314700000, "netIncomeRatio": 0.2296138463, "eps": 1.13, "epsdiluted": 1.13, "weightedAverageShsOut": 1163451327, "weightedAverageShsOutDil": 1163451327, "link": "", "finalLink": "", "calculatedOtherExpenses": 299500000, "calculatedOperatingExpenses": 2602700000, "calculatedNetInterest": 0, "calculatedOtherIncome": 110900000, "calculatedIncomeNonControlling": 0, "calculatedEbitda": 2067800000}, {"date": "1990-12-31", "symbol": "LLY", "reportedCurrency": "USD", "cik": "0000059478", "fillingDate": "1990-12-31", "acceptedDate": "1990-12-30 19:00:00", "calendarYear": "1990", "period": "FY", "revenue": 5191600000, "costOfRevenue": 1275800000, "grossProfit": 3915800000, "grossProfitRatio": 0.7542568765, "researchAndDevelopmentExpenses": 0, "generalAndAdministrativeExpenses": 0, "sellingAndMarketingExpenses": 0, "sellingGeneralAndAdministrativeExpenses": 2128900000, "otherExpenses": 247500000, "operatingExpenses": 2376400000, "costAndExpenses": 3652200000, "interestIncome": 0, "interestExpense": 0, "depreciationAndAmortization": 247500000, "ebitda": 1727300000, "ebitdaratio": 0.3327105324, "operatingIncome": 1539400000, "operatingIncomeRatio": 0.2965174513, "totalOtherIncomeExpensesNet": 59600000, "incomeBeforeTax": 1599000000, "incomeBeforeTaxRatio": 0.3079975345, "incomeTaxExpense": 471700000, "netIncome": 1127300000, "netIncomeRatio": 0.2171392249, "eps": 0.98, "epsdiluted": 0.98, "weightedAverageShsOut": 1150306122, "weightedAverageShsOutDil": 1150306122, "link": "", "finalLink": "", "calculatedOtherExpenses": 247500000, "calculatedOperatingExpenses": 2376400000, "calculatedNetInterest": 0, "calculatedOtherIncome": 59600000, "calculatedIncomeNonControlling": 0, "calculatedEbitda": 1786900000}, {"date": "1989-12-31", "symbol": "LLY", "reportedCurrency": "USD", "cik": "0000059478", "fillingDate": "1989-12-31", "acceptedDate": "1989-12-30 19:00:00", "calendarYear": "1989", "period": "FY", "revenue": 4175600000, "costOfRevenue": 1026500000, "grossProfit": 3149100000, "grossProfitRatio": 0.7541670658, "researchAndDevelopmentExpenses": 0, "generalAndAdministrativeExpenses": 0, "sellingAndMarketingExpenses": 0, "sellingGeneralAndAdministrativeExpenses": 1755000000, "otherExpenses": 229300000, "operatingExpenses": 1984300000, "costAndExpenses": 3010800000, "interestIncome": 0, "interestExpense": 0, "depreciationAndAmortization": 229300000, "ebitda": 1229000000, "ebitdaratio": 0.2943289587, "operatingIncome": 1164800000, "operatingIncomeRatio": 0.2789539228, "totalOtherIncomeExpensesNet": 165100000, "incomeBeforeTax": 1329900000, "incomeBeforeTaxRatio": 0.3184931507, "incomeTaxExpense": 390400000, "netIncome": 939500000, "netIncomeRatio": 0.2249976051, "eps": 0.8, "epsdiluted": 0.8, "weightedAverageShsOut": 1174375000, "weightedAverageShsOutDil": 1174375000, "link": "", "finalLink": "", "calculatedOtherExpenses": 229300000, "calculatedOperatingExpenses": 1984300000, "calculatedNetInterest": 0, "calculatedOtherIncome": 165100000, "calculatedIncomeNonControlling": 0, "calculatedEbitda": 1394100000}, {"date": "1988-12-31", "symbol": "LLY", "reportedCurrency": "USD", "cik": "0000059478", "fillingDate": "1988-12-31", "acceptedDate": "1988-12-30 19:00:00", "calendarYear": "1988", "period": "FY", "revenue": 4069700000, "costOfRevenue": 1132800000, "grossProfit": 2936900000, "grossProfitRatio": 0.7216502445, "researchAndDevelopmentExpenses": 0, "generalAndAdministrativeExpenses": 0, "sellingAndMarketingExpenses": 0, "sellingGeneralAndAdministrativeExpenses": 1686100000, "otherExpenses": 204000000, "operatingExpenses": 1890100000, "costAndExpenses": 3022900000, "interestIncome": 0, "interestExpense": 0, "depreciationAndAmortization": 204000000, "ebitda": 1181800000, "ebitdaratio": 0.290389955, "operatingIncome": 1046800000, "operatingIncomeRatio": 0.2572179768, "totalOtherIncomeExpensesNet": 69000000, "incomeBeforeTax": 1115800000, "incomeBeforeTaxRatio": 0.2741725434, "incomeTaxExpense": 354800000, "netIncome": 761000000, "netIncomeRatio": 0.1869916701, "eps": 0.67, "epsdiluted": 0.67, "weightedAverageShsOut": 1135820896, "weightedAverageShsOutDil": 1135820896, "link": "", "finalLink": "", "calculatedOtherExpenses": 204000000, "calculatedOperatingExpenses": 1890100000, "calculatedNetInterest": 0, "calculatedOtherIncome": 69000000, "calculatedIncomeNonControlling": 0, "calculatedEbitda": 1250800000}, {"date": "1987-12-31", "symbol": "LLY", "reportedCurrency": "USD", "cik": "0000059478", "fillingDate": "1987-12-31", "acceptedDate": "1987-12-30 19:00:00", "calendarYear": "1987", "period": "FY", "revenue": 3643800000, "costOfRevenue": 1118500000, "grossProfit": 2525300000, "grossProfitRatio": 0.6930402327, "researchAndDevelopmentExpenses": 0, "generalAndAdministrativeExpenses": 0, "sellingAndMarketingExpenses": 0, "sellingGeneralAndAdministrativeExpenses": 1746000000, "otherExpenses": 184300000, "operatingExpenses": 1930300000, "costAndExpenses": 3048800000, "interestIncome": 0, "interestExpense": 0, "depreciationAndAmortization": 184300000, "ebitda": 779300000, "ebitdaratio": 0.2138701356, "operatingIncome": 595000000, "operatingIncomeRatio": 0.1632910698, "totalOtherIncomeExpensesNet": 0, "incomeBeforeTax": 595000000, "incomeBeforeTaxRatio": 0.1632910698, "incomeTaxExpense": 184500000, "netIncome": 643700000, "netIncomeRatio": 0.176656238, "eps": 0.56, "epsdiluted": 0.56, "weightedAverageShsOut": 1149464286, "weightedAverageShsOutDil": 1149464286, "link": "", "finalLink": "", "calculatedOtherExpenses": 184300000, "calculatedOperatingExpenses": 1930300000, "calculatedNetInterest": 0, "calculatedOtherIncome": 0, "calculatedIncomeNonControlling": -233200000, "calculatedEbitda": 779300000}, {"date": "1986-12-31", "symbol": "LLY", "reportedCurrency": "USD", "cik": "0000059478", "fillingDate": "1986-12-31", "acceptedDate": "1986-12-30 19:00:00", "calendarYear": "1986", "period": "FY", "revenue": 3720400000, "costOfRevenue": 1168500000, "grossProfit": 2551900000, "grossProfitRatio": 0.6859208687, "researchAndDevelopmentExpenses": 0, "generalAndAdministrativeExpenses": 0, "sellingAndMarketingExpenses": 0, "sellingGeneralAndAdministrativeExpenses": 1513900000, "otherExpenses": 177700000, "operatingExpenses": 1691600000, "costAndExpenses": 2860100000, "interestIncome": 0, "interestExpense": 0, "depreciationAndAmortization": 177700000, "ebitda": 957900000, "ebitdaratio": 0.2574723148, "operatingIncome": 860300000, "operatingIncomeRatio": 0.2312385765, "totalOtherIncomeExpensesNet": 80100000, "incomeBeforeTax": 876300000, "incomeBeforeTaxRatio": 0.2355391893, "incomeTaxExpense": 318100000, "netIncome": 558200000, "netIncomeRatio": 0.1500376304, "eps": 0.51, "epsdiluted": 0.51, "weightedAverageShsOut": 1094509804, "weightedAverageShsOutDil": 1094509804, "link": "", "finalLink": "", "calculatedOtherExpenses": 177700000, "calculatedOperatingExpenses": 1691600000, "calculatedNetInterest": 0, "calculatedOtherIncome": 16000000, "calculatedIncomeNonControlling": 0, "calculatedEbitda": 1038000000}, {"date": "1985-12-31", "symbol": "LLY", "reportedCurrency": "USD", "cik": "0000059478", "fillingDate": "1985-12-31", "acceptedDate": "1985-12-30 19:00:00", "calendarYear": "1985", "period": "FY", "revenue": 3270600000, "costOfRevenue": 1039200000, "grossProfit": 2231400000, "grossProfitRatio": 0.6822601358, "researchAndDevelopmentExpenses": 0, "generalAndAdministrativeExpenses": 0, "sellingAndMarketingExpenses": 0, "sellingGeneralAndAdministrativeExpenses": 1330800000, "otherExpenses": 136200000, "operatingExpenses": 1467000000, "costAndExpenses": 2506200000, "interestIncome": 0, "interestExpense": 0, "depreciationAndAmortization": 136200000, "ebitda": 820000000, "ebitdaratio": 0.2507185226, "operatingIncome": 764400000, "operatingIncomeRatio": 0.2337185837, "totalOtherIncomeExpensesNet": 80600000, "incomeBeforeTax": 796600000, "incomeBeforeTaxRatio": 0.2435638721, "incomeTaxExpense": 279000000, "netIncome": 517600000, "netIncomeRatio": 0.1582584235, "eps": 0.47, "epsdiluted": 0.47, "weightedAverageShsOut": 1101276596, "weightedAverageShsOutDil": 1101276596, "link": "", "finalLink": "", "calculatedOtherExpenses": 136200000, "calculatedOperatingExpenses": 1467000000, "calculatedNetInterest": 0, "calculatedOtherIncome": 32200000, "calculatedIncomeNonControlling": 0, "calculatedEbitda": 900600000}]}