{"originalCurrency": "USD", "convertedCurrency": "USD", "report": [{"date": "2023-12-31", "symbol": "LNG", "reportedCurrency": "USD", "cik": "0000003570", "fillingDate": "2024-02-22", "acceptedDate": "2024-02-21 17:34:43", "calendarYear": "2023", "period": "FY", "revenue": 20394000000, "costOfRevenue": 4387000000, "grossProfit": 16007000000, "grossProfitRatio": 0.7848877121, "researchAndDevelopmentExpenses": 0, "generalAndAdministrativeExpenses": 0, "sellingAndMarketingExpenses": 0, "sellingGeneralAndAdministrativeExpenses": 474000000, "otherExpenses": 4000000, "operatingExpenses": 518000000, "costAndExpenses": 4905000000, "interestIncome": 211000000, "interestExpense": 1141000000, "depreciationAndAmortization": 1196000000, "ebitda": 16900000000, "ebitdaratio": 0.8286751005, "operatingIncome": 15489000000, "operatingIncomeRatio": 0.7594880847, "totalOtherIncomeExpensesNet": 19000000, "incomeBeforeTax": 14578000000, "incomeBeforeTaxRatio": 0.7148180838, "incomeTaxExpense": 2519000000, "netIncome": 9881000000, "netIncomeRatio": 0.4845052466, "eps": 40.73, "epsdiluted": 40.73, "weightedAverageShsOut": 242600000, "weightedAverageShsOutDil": 242600000, "link": "https://www.sec.gov/Archives/edgar/data/3570/000000357024000040/0000003570-24-000040-index.htm", "finalLink": "https://www.sec.gov/Archives/edgar/data/3570/000000357024000040/lng-20231231.htm", "calculatedOtherExpenses": 44000000, "calculatedOperatingExpenses": 518000000, "calculatedNetInterest": -930000000, "calculatedOtherIncome": 19000000, "calculatedIncomeNonControlling": 2178000000, "calculatedEbitda": 16685000000}, {"date": "2022-12-31", "symbol": "LNG", "reportedCurrency": "USD", "cik": "0000003570", "fillingDate": "2023-02-23", "acceptedDate": "2023-02-22 19:49:28", "calendarYear": "2022", "period": "FY", "revenue": 33428000000, "costOfRevenue": 28432000000, "grossProfit": 4996000000, "grossProfitRatio": 0.1494555462, "researchAndDevelopmentExpenses": 16000000, "generalAndAdministrativeExpenses": 0, "sellingAndMarketingExpenses": 0, "sellingGeneralAndAdministrativeExpenses": 416000000, "otherExpenses": 5000000, "operatingExpenses": 437000000, "costAndExpenses": 28869000000, "interestIncome": 57000000, "interestExpense": 1406000000, "depreciationAndAmortization": 1119000000, "ebitda": 5683000000, "ebitdaratio": 0.1700071796, "operatingIncome": 4559000000, "operatingIncomeRatio": 0.1363826732, "totalOtherIncomeExpensesNet": -59000000, "incomeBeforeTax": 3094000000, "incomeBeforeTaxRatio": 0.0925571377, "incomeTaxExpense": 459000000, "netIncome": 1428000000, "netIncomeRatio": 0.042718679, "eps": 5.69, "epsdiluted": 5.64, "weightedAverageShsOut": 251100000, "weightedAverageShsOutDil": 253400000, "link": "https://www.sec.gov/Archives/edgar/data/3570/000000357023000042/0000003570-23-000042-index.htm", "finalLink": "https://www.sec.gov/Archives/edgar/data/3570/000000357023000042/lng-20221231.htm", "calculatedOtherExpenses": 5000000, "calculatedOperatingExpenses": 437000000, "calculatedNetInterest": -1349000000, "calculatedOtherIncome": -116000000, "calculatedIncomeNonControlling": 1207000000, "calculatedEbitda": 5678000000}, {"date": "2021-12-31", "symbol": "LNG", "reportedCurrency": "USD", "cik": "0000003570", "fillingDate": "2022-02-24", "acceptedDate": "2022-02-23 21:37:19", "calendarYear": "2021", "period": "FY", "revenue": 15864000000, "costOfRevenue": 16228000000, "grossProfit": -364000000, "grossProfitRatio": -0.0229450328, "researchAndDevelopmentExpenses": 7000000, "generalAndAdministrativeExpenses": 332000000, "sellingAndMarketingExpenses": -7000000, "sellingGeneralAndAdministrativeExpenses": 325000000, "otherExpenses": -22000000, "operatingExpenses": 337000000, "costAndExpenses": 16565000000, "interestIncome": 3000000, "interestExpense": 1438000000, "depreciationAndAmortization": 1011000000, "ebitda": 288000000, "ebitdaratio": 0.0181543116, "operatingIncome": -701000000, "operatingIncomeRatio": -0.0441880988, "totalOtherIncomeExpensesNet": -139000000, "incomeBeforeTax": -2278000000, "incomeBeforeTaxRatio": -0.1435955623, "incomeTaxExpense": -713000000, "netIncome": -2343000000, "netIncomeRatio": -0.1476928896, "eps": -9.25, "epsdiluted": -9.25, "weightedAverageShsOut": 253400000, "weightedAverageShsOutDil": 253400000, "link": "https://www.sec.gov/Archives/edgar/data/3570/000000357022000024/0000003570-22-000024-index.htm", "finalLink": "https://www.sec.gov/Archives/edgar/data/3570/000000357022000024/lng-20211231.htm", "calculatedOtherExpenses": 5000000, "calculatedOperatingExpenses": 337000000, "calculatedNetInterest": -1435000000, "calculatedOtherIncome": -142000000, "calculatedIncomeNonControlling": 778000000, "calculatedEbitda": 310000000}, {"date": "2020-12-31", "symbol": "LNG", "reportedCurrency": "USD", "cik": "0000003570", "fillingDate": "2021-02-24", "acceptedDate": "2021-02-23 19:37:46", "calendarYear": "2020", "period": "FY", "revenue": 9358000000, "costOfRevenue": 6413000000, "grossProfit": 2945000000, "grossProfitRatio": 0.3147039966, "researchAndDevelopmentExpenses": 6000000, "generalAndAdministrativeExpenses": 308000000, "sellingAndMarketingExpenses": 0, "sellingGeneralAndAdministrativeExpenses": 308000000, "otherExpenses": -112000000, "operatingExpenses": 308000000, "costAndExpenses": 6721000000, "interestIncome": 0, "interestExpense": 1517000000, "depreciationAndAmortization": 932000000, "ebitda": 3449000000, "ebitdaratio": 0.3685616585, "operatingIncome": 2631000000, "operatingIncomeRatio": 0.2811498183, "totalOtherIncomeExpensesNet": -568000000, "incomeBeforeTax": 544000000, "incomeBeforeTaxRatio": 0.0581320795, "incomeTaxExpense": 43000000, "netIncome": -85000000, "netIncomeRatio": -0.0090831374, "eps": -0.34, "epsdiluted": -0.34, "weightedAverageShsOut": 252400000, "weightedAverageShsOutDil": 252400000, "link": "https://www.sec.gov/Archives/edgar/data/3570/000000357021000039/0000003570-21-000039-index.htm", "finalLink": "https://www.sec.gov/Archives/edgar/data/3570/000000357021000039/lng-20201231.htm", "calculatedOtherExpenses": 0, "calculatedOperatingExpenses": 314000000, "calculatedNetInterest": -1517000000, "calculatedOtherIncome": -570000000, "calculatedIncomeNonControlling": 586000000, "calculatedEbitda": 3563000000}, {"date": "2019-12-31", "symbol": "LNG", "reportedCurrency": "USD", "cik": "0000003570", "fillingDate": "2020-02-25", "acceptedDate": "2020-02-24 18:47:35", "calendarYear": "2019", "period": "FY", "revenue": 9730000000, "costOfRevenue": 7027000000, "grossProfit": 2703000000, "grossProfitRatio": 0.2778006166, "researchAndDevelopmentExpenses": 9000000, "generalAndAdministrativeExpenses": 319000000, "sellingAndMarketingExpenses": 0, "sellingGeneralAndAdministrativeExpenses": 319000000, "otherExpenses": -25000000, "operatingExpenses": 319000000, "costAndExpenses": 7346000000, "interestIncome": 0, "interestExpense": 1420000000, "depreciationAndAmortization": 794000000, "ebitda": 3141000000, "ebitdaratio": 0.3228160329, "operatingIncome": 2361000000, "operatingIncomeRatio": 0.242651593, "totalOtherIncomeExpensesNet": -237000000, "incomeBeforeTax": 715000000, "incomeBeforeTaxRatio": 0.0734840699, "incomeTaxExpense": -517000000, "netIncome": 648000000, "netIncomeRatio": 0.0665981501, "eps": 2.53, "epsdiluted": 2.51, "weightedAverageShsOut": 256200000, "weightedAverageShsOutDil": 258100000, "link": "https://www.sec.gov/Archives/edgar/data/3570/000000357020000043/0000003570-20-000043-index.htm", "finalLink": "https://www.sec.gov/Archives/edgar/data/3570/000000357020000043/cei2019form10k.htm", "calculatedOtherExpenses": 14000000, "calculatedOperatingExpenses": 342000000, "calculatedNetInterest": -1420000000, "calculatedOtherIncome": -226000000, "calculatedIncomeNonControlling": 584000000, "calculatedEbitda": 3155000000}, {"date": "2018-12-31", "symbol": "LNG", "reportedCurrency": "USD", "cik": "0000003570", "fillingDate": "2019-02-26", "acceptedDate": "2019-02-25 17:34:45", "calendarYear": "2018", "period": "FY", "revenue": 7987000000, "costOfRevenue": 5659000000, "grossProfit": 2328000000, "grossProfitRatio": 0.2914736447, "researchAndDevelopmentExpenses": 7000000, "generalAndAdministrativeExpenses": 296000000, "sellingAndMarketingExpenses": 0, "sellingGeneralAndAdministrativeExpenses": 296000000, "otherExpenses": 48000000, "operatingExpenses": 296000000, "costAndExpenses": 5955000000, "interestIncome": 0, "interestExpense": 866000000, "depreciationAndAmortization": 449000000, "ebitda": 2520000000, "ebitdaratio": 0.3155127082, "operatingIncome": 2024000000, "operatingIncomeRatio": 0.2534117942, "totalOtherIncomeExpensesNet": 70000000, "incomeBeforeTax": 1227000000, "incomeBeforeTaxRatio": 0.15362464, "incomeTaxExpense": 27000000, "netIncome": 471000000, "netIncomeRatio": 0.0589708276, "eps": 1.92, "epsdiluted": 1.9, "weightedAverageShsOut": 245600000, "weightedAverageShsOutDil": 248000000, "link": "https://www.sec.gov/Archives/edgar/data/3570/000000357019000030/0000003570-19-000030-index.htm", "finalLink": "https://www.sec.gov/Archives/edgar/data/3570/000000357019000030/cei2018form10-k.htm", "calculatedOtherExpenses": 1000000, "calculatedOperatingExpenses": 304000000, "calculatedNetInterest": -866000000, "calculatedOtherIncome": 69000000, "calculatedIncomeNonControlling": 729000000, "calculatedEbitda": 2473000000}, {"date": "2017-12-31", "symbol": "LNG", "reportedCurrency": "USD", "cik": "0000003570", "fillingDate": "2018-02-21", "acceptedDate": "2018-02-20 18:09:15", "calendarYear": "2017", "period": "FY", "revenue": 5601000000, "costOfRevenue": 3922000000, "grossProfit": 1679000000, "grossProfitRatio": 0.2997678986, "researchAndDevelopmentExpenses": 10000000, "generalAndAdministrativeExpenses": 266000000, "sellingAndMarketingExpenses": 0, "sellingGeneralAndAdministrativeExpenses": 266000000, "otherExpenses": 18000000, "operatingExpenses": 266000000, "costAndExpenses": 4188000000, "interestIncome": 0, "interestExpense": 740000000, "depreciationAndAmortization": 356000000, "ebitda": 1780000000, "ebitdaratio": 0.3178003928, "operatingIncome": 1388000000, "operatingIncomeRatio": 0.2478128906, "totalOtherIncomeExpensesNet": -100000000, "incomeBeforeTax": 566000000, "incomeBeforeTaxRatio": 0.1010533833, "incomeTaxExpense": 3000000, "netIncome": -393000000, "netIncomeRatio": -0.0701660418, "eps": -1.69, "epsdiluted": -1.69, "weightedAverageShsOut": 233100000, "weightedAverageShsOutDil": 233100000, "link": "https://www.sec.gov/Archives/edgar/data/3570/000000357018000031/0000003570-18-000031-index.htm", "finalLink": "https://www.sec.gov/Archives/edgar/data/3570/000000357018000031/cei2017form10-k.htm", "calculatedOtherExpenses": 15000000, "calculatedOperatingExpenses": 291000000, "calculatedNetInterest": -740000000, "calculatedOtherIncome": -82000000, "calculatedIncomeNonControlling": 956000000, "calculatedEbitda": 1744000000}, {"date": "2016-12-31", "symbol": "LNG", "reportedCurrency": "USD", "cik": "0000003570", "fillingDate": "2017-02-24", "acceptedDate": "2017-02-24 16:04:19", "calendarYear": "2016", "period": "FY", "revenue": 1283000000, "costOfRevenue": 972000000, "grossProfit": 311000000, "grossProfitRatio": 0.2424006235, "researchAndDevelopmentExpenses": 6838000, "generalAndAdministrativeExpenses": 260000000, "sellingAndMarketingExpenses": 0, "sellingGeneralAndAdministrativeExpenses": 260000000, "otherExpenses": 144000, "operatingExpenses": 267000000, "costAndExpenses": 1239000000, "interestIncome": 0, "interestExpense": 483000000, "depreciationAndAmortization": 174000000, "ebitda": 213000000, "ebitdaratio": 0.1660171473, "operatingIncome": -30000000, "operatingIncomeRatio": -0.0233826968, "totalOtherIncomeExpensesNet": -219000000, "incomeBeforeTax": -663000000, "incomeBeforeTaxRatio": -0.5167575994, "incomeTaxExpense": 2000000, "netIncome": -610000000, "netIncomeRatio": -0.4754481684, "eps": -2.67, "epsdiluted": -2.67, "weightedAverageShsOut": 228768000, "weightedAverageShsOutDil": 228768000, "link": "https://www.sec.gov/Archives/edgar/data/3570/000000357017000052/0000003570-17-000052-index.htm", "finalLink": "https://www.sec.gov/Archives/edgar/data/3570/000000357017000052/cei2016form10-k.htm", "calculatedOtherExpenses": 74162000, "calculatedOperatingExpenses": 341000000, "calculatedNetInterest": -483000000, "calculatedOtherIncome": -150000000, "calculatedIncomeNonControlling": -55000000, "calculatedEbitda": 144000000}, {"date": "2015-12-31", "symbol": "LNG", "reportedCurrency": "USD", "cik": "0000003570", "fillingDate": "2016-02-19", "acceptedDate": "2016-02-18 18:09:41", "calendarYear": "2015", "period": "FY", "revenue": 271000000, "costOfRevenue": 163000000, "grossProfit": 108000000, "grossProfitRatio": 0.3985239852, "researchAndDevelopmentExpenses": 42141000, "generalAndAdministrativeExpenses": 363000000, "sellingAndMarketingExpenses": 0, "sellingGeneralAndAdministrativeExpenses": 363000000, "otherExpenses": 2000000, "operatingExpenses": 405000000, "costAndExpenses": 568000000, "interestIncome": 0, "interestExpense": 322000000, "depreciationAndAmortization": 83000000, "ebitda": -212000000, "ebitdaratio": -0.7822878229, "operatingIncome": -449000000, "operatingIncomeRatio": -1.6568265683, "totalOtherIncomeExpensesNet": -478000000, "incomeBeforeTax": -1097000000, "incomeBeforeTaxRatio": -4.0479704797, "incomeTaxExpense": 202000000, "netIncome": -975000000, "netIncomeRatio": -3.5977859779, "eps": -4.3, "epsdiluted": -4.3, "weightedAverageShsOut": 226903000, "weightedAverageShsOutDil": 226903000, "link": "https://www.sec.gov/Archives/edgar/data/3570/000000357016000284/0000003570-16-000284-index.htm", "finalLink": "https://www.sec.gov/Archives/edgar/data/3570/000000357016000284/cei2015form10-k.htm", "calculatedOtherExpenses": 151859000, "calculatedOperatingExpenses": 557000000, "calculatedNetInterest": -322000000, "calculatedOtherIncome": -326000000, "calculatedIncomeNonControlling": -324000000, "calculatedEbitda": -366000000}, {"date": "2014-12-31", "symbol": "LNG", "reportedCurrency": "USD", "cik": "0000003570", "fillingDate": "2015-02-20", "acceptedDate": "2015-02-19 19:08:12", "calendarYear": "2014", "period": "FY", "revenue": 267954000, "costOfRevenue": 148661000, "grossProfit": 119293000, "grossProfitRatio": 0.4451995492, "researchAndDevelopmentExpenses": 0, "generalAndAdministrativeExpenses": 323709000, "sellingAndMarketingExpenses": 0, "sellingGeneralAndAdministrativeExpenses": 323709000, "otherExpenses": -583000, "operatingExpenses": 391472000, "costAndExpenses": 540133000, "interestIncome": 0, "interestExpense": 181236000, "depreciationAndAmortization": 64258000, "ebitda": -208504000, "ebitdaratio": -0.7781335602, "operatingIncome": -272179000, "operatingIncomeRatio": -1.0157676318, "totalOtherIncomeExpensesNet": -234319000, "incomeBeforeTax": -687734000, "incomeBeforeTaxRatio": -2.5666121797, "incomeTaxExpense": 4143000, "netIncome": -547932000, "netIncomeRatio": -2.0448733738, "eps": -2.44, "epsdiluted": -2.44, "weightedAverageShsOut": 224338000, "weightedAverageShsOutDil": 224338000, "link": "https://www.sec.gov/Archives/edgar/data/3570/000000357015000025/0000003570-15-000025-index.htm", "finalLink": "https://www.sec.gov/Archives/edgar/data/3570/000000357015000025/cei2014form10-k.htm", "calculatedOtherExpenses": 67763000, "calculatedOperatingExpenses": 391472000, "calculatedNetInterest": -181236000, "calculatedOtherIncome": -234319000, "calculatedIncomeNonControlling": -143945000, "calculatedEbitda": -207921000}, {"date": "2013-12-31", "symbol": "LNG", "reportedCurrency": "USD", "cik": "0000003570", "fillingDate": "2014-02-21", "acceptedDate": "2014-02-21 08:37:38", "calendarYear": "2013", "period": "FY", "revenue": 267213000, "costOfRevenue": 149720000, "grossProfit": 117493000, "grossProfitRatio": 0.4396979189, "researchAndDevelopmentExpenses": 0, "generalAndAdministrativeExpenses": 384512000, "sellingAndMarketingExpenses": 0, "sellingGeneralAndAdministrativeExpenses": 384512000, "otherExpenses": 1091000, "operatingExpenses": 445821000, "costAndExpenses": 595541000, "interestIncome": 0, "interestExpense": 178400000, "depreciationAndAmortization": 61209000, "ebitda": -266028000, "ebitdaratio": -0.9955653355, "operatingIncome": -328328000, "operatingIncomeRatio": -1.2287126749, "totalOtherIncomeExpensesNet": -47695000, "incomeBeforeTax": -554423000, "incomeBeforeTaxRatio": -2.0748354309, "incomeTaxExpense": 4340000, "netIncome": -507922000, "netIncomeRatio": -1.9008132089, "eps": -2.32, "epsdiluted": -2.32, "weightedAverageShsOut": 218869000, "weightedAverageShsOutDil": 218869000, "link": "https://www.sec.gov/Archives/edgar/data/3570/000000357014000031/0000003570-14-000031-index.htm", "finalLink": "https://www.sec.gov/Archives/edgar/data/3570/000000357014000031/cei2013form10k.htm", "calculatedOtherExpenses": 61309000, "calculatedOperatingExpenses": 445821000, "calculatedNetInterest": -178400000, "calculatedOtherIncome": -47695000, "calculatedIncomeNonControlling": -50841000, "calculatedEbitda": -267119000}, {"date": "2012-12-31", "symbol": "LNG", "reportedCurrency": "USD", "cik": "0000003570", "fillingDate": "2013-02-22", "acceptedDate": "2013-02-22 08:31:26", "calendarYear": "2012", "period": "FY", "revenue": 266220000, "costOfRevenue": 123483000, "grossProfit": 142737000, "grossProfitRatio": 0.5361618211, "researchAndDevelopmentExpenses": 0, "generalAndAdministrativeExpenses": 152081000, "sellingAndMarketingExpenses": 0, "sellingGeneralAndAdministrativeExpenses": 152081000, "otherExpenses": -11367000, "operatingExpenses": 218569000, "costAndExpenses": 342052000, "interestIncome": 0, "interestExpense": 200811000, "depreciationAndAmortization": 66407000, "ebitda": -20792000, "ebitdaratio": -0.0781008189, "operatingIncome": -75832000, "operatingIncomeRatio": -0.2848471189, "totalOtherIncomeExpensesNet": -68994000, "incomeBeforeTax": -345637000, "incomeBeforeTaxRatio": -1.298313425, "incomeTaxExpense": 4000, "netIncome": -332780000, "netIncomeRatio": -1.2500187815, "eps": -1.83, "epsdiluted": -1.83, "weightedAverageShsOut": 181768000, "weightedAverageShsOutDil": 181768000, "link": "https://www.sec.gov/Archives/edgar/data/3570/000000357013000036/0000003570-13-000036-index.htm", "finalLink": "https://www.sec.gov/Archives/edgar/data/3570/000000357013000036/cei2012form10k.htm", "calculatedOtherExpenses": 66488000, "calculatedOperatingExpenses": 218569000, "calculatedNetInterest": -200811000, "calculatedOtherIncome": -68994000, "calculatedIncomeNonControlling": -12861000, "calculatedEbitda": -9425000}, {"date": "2011-12-31", "symbol": "LNG", "reportedCurrency": "USD", "cik": "0000003570", "fillingDate": "2012-02-24", "acceptedDate": "2012-02-24 06:59:20", "calendarYear": "2011", "period": "FY", "revenue": 290444000, "costOfRevenue": 63405000, "grossProfit": 227039000, "grossProfitRatio": 0.7816962995, "researchAndDevelopmentExpenses": 0, "generalAndAdministrativeExpenses": 88427000, "sellingAndMarketingExpenses": 0, "sellingGeneralAndAdministrativeExpenses": 88427000, "otherExpenses": 320000, "operatingExpenses": 168893000, "costAndExpenses": 232298000, "interestIncome": 0, "interestExpense": 259393000, "depreciationAndAmortization": 63405000, "ebitda": 121871000, "ebitdaratio": 0.4196024018, "operatingIncome": 58146000, "operatingIncomeRatio": 0.2001969399, "totalOtherIncomeExpensesNet": -1931000, "incomeBeforeTax": -203178000, "incomeBeforeTaxRatio": -0.699542769, "incomeTaxExpense": 160000, "netIncome": -198756000, "netIncomeRatio": -0.6843178031, "eps": -2.6, "epsdiluted": -2.6, "weightedAverageShsOut": 76483000, "weightedAverageShsOutDil": 76483000, "link": "https://www.sec.gov/Archives/edgar/data/3570/000000357012000016/0000003570-12-000016-index.htm", "finalLink": "https://www.sec.gov/Archives/edgar/data/3570/000000357012000016/cei2011form10k.htm", "calculatedOtherExpenses": 80466000, "calculatedOperatingExpenses": 168893000, "calculatedNetInterest": -259393000, "calculatedOtherIncome": -1931000, "calculatedIncomeNonControlling": -4582000, "calculatedEbitda": 121551000}, {"date": "2010-12-31", "symbol": "LNG", "reportedCurrency": "USD", "cik": "0000003570", "fillingDate": "2011-03-03", "acceptedDate": "2011-03-02 18:13:42", "calendarYear": "2010", "period": "FY", "revenue": 291513000, "costOfRevenue": 63251000, "grossProfit": 228262000, "grossProfitRatio": 0.7830251138, "researchAndDevelopmentExpenses": 0, "generalAndAdministrativeExpenses": 68626000, "sellingAndMarketingExpenses": 0, "sellingGeneralAndAdministrativeExpenses": 68626000, "otherExpenses": 558000, "operatingExpenses": 123639000, "costAndExpenses": 186890000, "interestIncome": 534000, "interestExpense": 262046000, "depreciationAndAmortization": 63251000, "ebitda": 168432000, "ebitdaratio": 0.5777855533, "operatingIncome": 104623000, "operatingIncomeRatio": 0.3588965158, "totalOtherIncomeExpensesNet": 79029000, "incomeBeforeTax": -78394000, "incomeBeforeTaxRatio": -0.2689211116, "incomeTaxExpense": 260413000, "netIncome": -76203000, "netIncomeRatio": -0.2614051517, "eps": -1.37, "epsdiluted": -1.37, "weightedAverageShsOut": 55765000, "weightedAverageShsOutDil": 55765000, "link": "https://www.sec.gov/Archives/edgar/data/3570/000000357011000026/0000003570-11-000026-index.htm", "finalLink": "https://www.sec.gov/Archives/edgar/data/3570/000000357011000026/cei201010k.htm", "calculatedOtherExpenses": 55013000, "calculatedOperatingExpenses": 123639000, "calculatedNetInterest": -261512000, "calculatedOtherIncome": 78495000, "calculatedIncomeNonControlling": -262604000, "calculatedEbitda": 167874000}, {"date": "2009-12-31", "symbol": "LNG", "reportedCurrency": "USD", "cik": "0000003570", "fillingDate": "2010-02-26", "acceptedDate": "2010-02-26 06:12:11", "calendarYear": "2009", "period": "FY", "revenue": 181126000, "costOfRevenue": 37551000, "grossProfit": 143575000, "grossProfitRatio": 0.7926802336, "researchAndDevelopmentExpenses": 0, "generalAndAdministrativeExpenses": 0, "sellingAndMarketingExpenses": 0, "sellingGeneralAndAdministrativeExpenses": 65830000, "otherExpenses": 0, "operatingExpenses": 120059000, "costAndExpenses": 157610000, "interestIncome": 1405000, "interestExpense": 243295000, "depreciationAndAmortization": 54229000, "ebitda": 27026000, "ebitdaratio": 0.1492110465, "operatingIncome": 23496000, "operatingIncomeRatio": 0.1297218511, "totalOtherIncomeExpensesNet": 50719000, "incomeBeforeTax": -167655000, "incomeBeforeTaxRatio": -0.9256263596, "incomeTaxExpense": 185006000, "netIncome": -161490000, "netIncomeRatio": -0.8915892804, "eps": -3.13, "epsdiluted": -3.13, "weightedAverageShsOut": 51598000, "weightedAverageShsOutDil": 51598000, "link": "https://www.sec.gov/Archives/edgar/data/3570/000000357010000005/0000003570-10-000005-index.htm", "finalLink": "https://www.sec.gov/Archives/edgar/data/3570/000000357010000005/form_10k.htm", "calculatedOtherExpenses": 54249000, "calculatedOperatingExpenses": 120079000, "calculatedNetInterest": -241890000, "calculatedOtherIncome": 50739000, "calculatedIncomeNonControlling": -191171000, "calculatedEbitda": 77725000}, {"date": "2008-12-31", "symbol": "LNG", "reportedCurrency": "USD", "cik": "0000003570", "fillingDate": "2009-02-27", "acceptedDate": "2009-02-27 09:44:23", "calendarYear": "2008", "period": "FY", "revenue": 7144000, "costOfRevenue": 25604000, "grossProfit": -18460000, "grossProfitRatio": -2.5839865622, "researchAndDevelopmentExpenses": 0, "generalAndAdministrativeExpenses": 0, "sellingAndMarketingExpenses": 0, "sellingGeneralAndAdministrativeExpenses": 122678000, "otherExpenses": 0, "operatingExpenses": 147024000, "costAndExpenses": 172628000, "interestIncome": 20337000, "interestExpense": 147136000, "depreciationAndAmortization": 24346000, "ebitda": -136292000, "ebitdaratio": -19.0778275476, "operatingIncome": -244188000, "operatingIncomeRatio": -34.1808510638, "totalOtherIncomeExpensesNet": -78762000, "incomeBeforeTax": -381736000, "incomeBeforeTaxRatio": -53.4344904815, "incomeTaxExpense": 133559000, "netIncome": -372959000, "netIncomeRatio": -52.2059070549, "eps": -7.87, "epsdiluted": -7.87, "weightedAverageShsOut": 47365000, "weightedAverageShsOutDil": 47365000, "link": "https://www.sec.gov/Archives/edgar/data/3570/000119312509040197/0001193125-09-040197-index.htm", "finalLink": "https://www.sec.gov/Archives/edgar/data/3570/000119312509040197/d10k.htm", "calculatedOtherExpenses": 103050000, "calculatedOperatingExpenses": 225728000, "calculatedNetInterest": -126799000, "calculatedOtherIncome": -10749000, "calculatedIncomeNonControlling": -142336000, "calculatedEbitda": -219842000}, {"date": "2007-12-31", "symbol": "LNG", "reportedCurrency": "USD", "cik": "0000003570", "fillingDate": "2008-02-27", "acceptedDate": "2008-02-27 06:06:46", "calendarYear": "2007", "period": "FY", "revenue": 647000, "costOfRevenue": 36130000, "grossProfit": -35483000, "grossProfitRatio": -54.8423493045, "researchAndDevelopmentExpenses": 0, "generalAndAdministrativeExpenses": 0, "sellingAndMarketingExpenses": 0, "sellingGeneralAndAdministrativeExpenses": 122046000, "otherExpenses": 0, "operatingExpenses": 128439000, "costAndExpenses": 164569000, "interestIncome": 0, "interestExpense": 0, "depreciationAndAmortization": 12713000, "ebitda": -152024000, "ebitdaratio": -234.9675425039, "operatingIncome": -163940000, "operatingIncomeRatio": -253.3848531685, "totalOtherIncomeExpensesNet": 624000, "incomeBeforeTax": -185202000, "incomeBeforeTaxRatio": -286.2472952087, "incomeTaxExpense": 17664000, "netIncome": -181777000, "netIncomeRatio": -280.9536321484, "eps": -3.6, "epsdiluted": -3.6, "weightedAverageShsOut": 50537000, "weightedAverageShsOutDil": 50537000, "link": "https://www.sec.gov/Archives/edgar/data/3570/000119312508039317/0001193125-08-039317-index.htm", "finalLink": "https://www.sec.gov/Archives/edgar/data/3570/000119312508039317/d10k.htm", "calculatedOtherExpenses": 6411000, "calculatedOperatingExpenses": 128457000, "calculatedNetInterest": 0, "calculatedOtherIncome": -21262000, "calculatedIncomeNonControlling": -21089000, "calculatedEbitda": -151227000}, {"date": "2006-12-31", "symbol": "LNG", "reportedCurrency": "USD", "cik": "0000003570", "fillingDate": "2007-02-27", "acceptedDate": "2007-02-27 17:26:43", "calendarYear": "2006", "period": "FY", "revenue": 2371000, "costOfRevenue": 3375000, "grossProfit": -1004000, "grossProfitRatio": -0.4234500211, "researchAndDevelopmentExpenses": 0, "generalAndAdministrativeExpenses": 0, "sellingAndMarketingExpenses": 0, "sellingGeneralAndAdministrativeExpenses": 70111000, "otherExpenses": 0, "operatingExpenses": 30083000, "costAndExpenses": 33458000, "interestIncome": 0, "interestExpense": 0, "depreciationAndAmortization": 3131000, "ebitda": 81512000, "ebitdaratio": 34.3787431464, "operatingIncome": -75874000, "operatingIncomeRatio": -32.0008435259, "totalOtherIncomeExpensesNet": -109468000, "incomeBeforeTax": -143808000, "incomeBeforeTaxRatio": -60.6528890763, "incomeTaxExpense": 2045000, "netIncome": -145853000, "netIncomeRatio": -61.5153943484, "eps": -2.68, "epsdiluted": -2.68, "weightedAverageShsOut": 54423000, "weightedAverageShsOutDil": 54423000, "link": "https://www.sec.gov/Archives/edgar/data/3570/000119312507041208/0001193125-07-041208-index.htm", "finalLink": "https://www.sec.gov/Archives/edgar/data/3570/000119312507041208/d10k.htm", "calculatedOtherExpenses": 4759000, "calculatedOperatingExpenses": 74870000, "calculatedNetInterest": 0, "calculatedOtherIncome": -67934000, "calculatedIncomeNonControlling": 0, "calculatedEbitda": -72743000}, {"date": "2005-12-31", "symbol": "LNG", "reportedCurrency": "USD", "cik": "0000003570", "fillingDate": "2006-03-13", "acceptedDate": "2006-03-10 17:44:16", "calendarYear": "2005", "period": "FY", "revenue": 3005000, "costOfRevenue": 3076000, "grossProfit": -71000, "grossProfitRatio": -0.0236272879, "researchAndDevelopmentExpenses": 0, "generalAndAdministrativeExpenses": 0, "sellingAndMarketingExpenses": 0, "sellingGeneralAndAdministrativeExpenses": 51165000, "otherExpenses": 0, "operatingExpenses": 52490000, "costAndExpenses": 55566000, "interestIncome": 0, "interestExpense": 0, "depreciationAndAmortization": 1325000, "ebitda": -73001000, "ebitdaratio": -24.2931780366, "operatingIncome": -52561000, "operatingIncomeRatio": -17.4911813644, "totalOtherIncomeExpensesNet": 20734000, "incomeBeforeTax": -31680000, "incomeBeforeTaxRatio": -10.5424292845, "incomeTaxExpense": -2045000, "netIncome": -29538000, "netIncomeRatio": -9.8296173045, "eps": -0.56, "epsdiluted": -0.55, "weightedAverageShsOut": 53097000, "weightedAverageShsOutDil": 53358000, "link": "https://www.sec.gov/Archives/edgar/data/3570/000119312506051265/0001193125-06-051265-index.htm", "finalLink": "https://www.sec.gov/Archives/edgar/data/3570/000119312506051265/d10k.htm", "calculatedOtherExpenses": 1325000, "calculatedOperatingExpenses": 52490000, "calculatedNetInterest": 0, "calculatedOtherIncome": 20881000, "calculatedIncomeNonControlling": -97000, "calculatedEbitda": -51236000}, {"date": "2004-12-31", "symbol": "LNG", "reportedCurrency": "USD", "cik": "0000003570", "fillingDate": "2005-03-10", "acceptedDate": "2005-03-10 13:49:53", "calendarYear": "2004", "period": "FY", "revenue": 1998000, "costOfRevenue": 2779000, "grossProfit": -781000, "grossProfitRatio": -0.3908908909, "researchAndDevelopmentExpenses": 0, "generalAndAdministrativeExpenses": 0, "sellingAndMarketingExpenses": 0, "sellingGeneralAndAdministrativeExpenses": 29642000, "otherExpenses": 0, "operatingExpenses": 32649000, "costAndExpenses": 35428000, "interestIncome": 0, "interestExpense": 0, "depreciationAndAmortization": 507000, "ebitda": -39464000, "ebitdaratio": -19.7517517518, "operatingIncome": -30930000, "operatingIncomeRatio": -15.4804804805, "totalOtherIncomeExpensesNet": 5195000, "incomeBeforeTax": -27738000, "incomeBeforeTaxRatio": -13.8828828829, "incomeTaxExpense": -9900000, "netIncome": -24876000, "netIncomeRatio": -12.4504504505, "eps": -0.64, "epsdiluted": -0.64, "weightedAverageShsOut": 38895000, "weightedAverageShsOutDil": 38895000, "link": "https://www.sec.gov/Archives/edgar/data/3570/000119312505046389/0001193125-05-046389-index.htm", "finalLink": "https://www.sec.gov/Archives/edgar/data/3570/000119312505046389/d10k.htm", "calculatedOtherExpenses": 507000, "calculatedOperatingExpenses": 30149000, "calculatedNetInterest": 0, "calculatedOtherIncome": 3192000, "calculatedIncomeNonControlling": 7038000, "calculatedEbitda": -30423000}, {"date": "2003-12-31", "symbol": "LNG", "reportedCurrency": "USD", "cik": "0000003570", "fillingDate": "2004-03-25", "acceptedDate": "2004-03-25 16:23:19", "calendarYear": "2003", "period": "FY", "revenue": 658000, "costOfRevenue": 0, "grossProfit": 658000, "grossProfitRatio": 1, "researchAndDevelopmentExpenses": 0, "generalAndAdministrativeExpenses": 0, "sellingAndMarketingExpenses": 0, "sellingGeneralAndAdministrativeExpenses": 9247000, "otherExpenses": 0, "operatingExpenses": 9676000, "costAndExpenses": 9676000, "interestIncome": 0, "interestExpense": 0, "depreciationAndAmortization": 429000, "ebitda": -13772000, "ebitdaratio": -20.9300911854, "operatingIncome": -9018000, "operatingIncomeRatio": -13.7051671733, "totalOtherIncomeExpensesNet": 711000, "incomeBeforeTax": -8307000, "incomeBeforeTaxRatio": -12.6246200608, "incomeTaxExpense": -8202000, "netIncome": -5288000, "netIncomeRatio": -8.0364741641, "eps": -0.18, "epsdiluted": -0.18, "weightedAverageShsOut": 29543000, "weightedAverageShsOutDil": 29543000, "link": "https://www.sec.gov/Archives/edgar/data/3570/000119312504049308/0001193125-04-049308-index.htm", "finalLink": "https://www.sec.gov/Archives/edgar/data/3570/000119312504049308/d10k.htm", "calculatedOtherExpenses": 429000, "calculatedOperatingExpenses": 9676000, "calculatedNetInterest": 0, "calculatedOtherIncome": 711000, "calculatedIncomeNonControlling": 5183000, "calculatedEbitda": -8589000}, {"date": "2002-12-31", "symbol": "LNG", "reportedCurrency": "USD", "cik": "0000003570", "fillingDate": "2003-03-27", "acceptedDate": "2003-03-27 11:54:16", "calendarYear": "2002", "period": "FY", "revenue": 239055, "costOfRevenue": 90038, "grossProfit": 149017, "grossProfitRatio": 0.6233586413, "researchAndDevelopmentExpenses": 0, "generalAndAdministrativeExpenses": 0, "sellingAndMarketingExpenses": 0, "sellingGeneralAndAdministrativeExpenses": 3475362, "otherExpenses": 0, "operatingExpenses": 4083637, "costAndExpenses": 4173675, "interestIncome": 0, "interestExpense": 0, "depreciationAndAmortization": 368562, "ebitda": -1860637, "ebitdaratio": -7.783300914, "operatingIncome": -3694907, "operatingIncomeRatio": -15.4563050344, "totalOtherIncomeExpensesNet": -1705421, "incomeBeforeTax": -5400328, "incomeBeforeTaxRatio": -22.5903160361, "incomeTaxExpense": 1697688, "netIncome": -5632308, "netIncomeRatio": -23.5607203363, "eps": -0.21, "epsdiluted": -0.21, "weightedAverageShsOut": 26594786, "weightedAverageShsOutDil": 26594786, "link": "https://www.sec.gov/Archives/edgar/data/3570/000089924303000668/0000899243-03-000668-index.htm", "finalLink": "https://www.sec.gov/Archives/edgar/data/3570/000089924303000668/d10k.txt", "calculatedOtherExpenses": 368562, "calculatedOperatingExpenses": 3843924, "calculatedNetInterest": 0, "calculatedOtherIncome": -1705421, "calculatedIncomeNonControlling": -1465708, "calculatedEbitda": -3326345}, {"date": "2001-12-31", "symbol": "LNG", "reportedCurrency": "USD", "cik": "0000003570", "fillingDate": "2002-04-01", "acceptedDate": "2002-04-01 00:00:00", "calendarYear": "2001", "period": "FY", "revenue": 2372632, "costOfRevenue": 420242, "grossProfit": 1952390, "grossProfitRatio": 0.8228794014, "researchAndDevelopmentExpenses": 0, "generalAndAdministrativeExpenses": 0, "sellingAndMarketingExpenses": 0, "sellingGeneralAndAdministrativeExpenses": 4291963, "otherExpenses": 0, "operatingExpenses": 5535791, "costAndExpenses": 5956033, "interestIncome": 0, "interestExpense": 0, "depreciationAndAmortization": 1243828, "ebitda": 10887114, "ebitdaratio": 4.5886230987, "operatingIncome": -8709649, "operatingIncomeRatio": -3.6708806928, "totalOtherIncomeExpensesNet": -13226687, "incomeBeforeTax": -21936336, "incomeBeforeTaxRatio": -9.2455703202, "incomeTaxExpense": 8081861, "netIncome": -11665262, "netIncomeRatio": -4.9165913635, "eps": -0.45, "epsdiluted": -0.45, "weightedAverageShsOut": 26070512, "weightedAverageShsOutDil": 26070512, "link": "https://www.sec.gov/Archives/edgar/data/3570/000089924302000927/0000899243-02-000927-index.htm", "finalLink": "https://www.sec.gov/Archives/edgar/data/3570/000089924302000927/d10k.txt", "calculatedOtherExpenses": 6370076, "calculatedOperatingExpenses": 10662039, "calculatedNetInterest": 0, "calculatedOtherIncome": -13226687, "calculatedIncomeNonControlling": -18352935, "calculatedEbitda": -7465821}, {"date": "2000-12-31", "symbol": "LNG", "reportedCurrency": "USD", "cik": "0000003570", "fillingDate": "2001-04-02", "acceptedDate": "2001-04-02 00:00:00", "calendarYear": "2000", "period": "FY", "revenue": 5320432, "costOfRevenue": 388637, "grossProfit": 4931795, "grossProfitRatio": 0.9269538639, "researchAndDevelopmentExpenses": 0, "generalAndAdministrativeExpenses": 0, "sellingAndMarketingExpenses": 0, "sellingGeneralAndAdministrativeExpenses": 1938659, "otherExpenses": 0, "operatingExpenses": 5310042, "costAndExpenses": 5698679, "interestIncome": 0, "interestExpense": 0, "depreciationAndAmortization": 3371383, "ebitda": 3419785, "ebitdaratio": 0.6427645349, "operatingIncome": -378247, "operatingIncomeRatio": -0.0710932872, "totalOtherIncomeExpensesNet": -426649, "incomeBeforeTax": -804896, "incomeBeforeTaxRatio": -0.1512839559, "incomeTaxExpense": 402733, "netIncome": -780980, "netIncomeRatio": -0.1467888322, "eps": -0.0364, "epsdiluted": -0.0296, "weightedAverageShsOut": 21465356, "weightedAverageShsOutDil": 26367953, "link": "https://www.sec.gov/Archives/edgar/data/3570/000089924301000827/0000899243-01-000827-index.htm", "finalLink": "https://www.sec.gov/Archives/edgar/data/3570/000089924301000827/0000899243-01-000827-0001.txt", "calculatedOtherExpenses": 3371383, "calculatedOperatingExpenses": 5310042, "calculatedNetInterest": 0, "calculatedOtherIncome": -426649, "calculatedIncomeNonControlling": -426649, "calculatedEbitda": 2993136}, {"date": "1999-12-31", "symbol": "LNG", "reportedCurrency": "USD", "cik": "0000003570", "fillingDate": "2000-03-29", "acceptedDate": "2000-03-29 00:00:00", "calendarYear": "1999", "period": "FY", "revenue": 1600000, "costOfRevenue": 100000, "grossProfit": 1500000, "grossProfitRatio": 0.9375, "researchAndDevelopmentExpenses": 0, "generalAndAdministrativeExpenses": 0, "sellingAndMarketingExpenses": 0, "sellingGeneralAndAdministrativeExpenses": 1900000, "otherExpenses": 0, "operatingExpenses": 3300000, "costAndExpenses": 3400000, "interestIncome": 0, "interestExpense": 0, "depreciationAndAmortization": 1400000, "ebitda": -400000, "ebitdaratio": -0.25, "operatingIncome": -1800000, "operatingIncomeRatio": -1.125, "totalOtherIncomeExpensesNet": 0, "incomeBeforeTax": 0, "incomeBeforeTaxRatio": 0, "incomeTaxExpense": 0, "netIncome": -1800000, "netIncomeRatio": -1.125, "eps": -0.14, "epsdiluted": -0.14, "weightedAverageShsOut": 12898208, "weightedAverageShsOutDil": 12898208, "link": "https://www.sec.gov/Archives/edgar/data/3570/000089924300000649/0000899243-00-000649-index.html", "finalLink": "https://www.sec.gov/Archives/edgar/data/3570/000089924300000649/", "calculatedOtherExpenses": 1400000, "calculatedOperatingExpenses": 3300000, "calculatedNetInterest": 0, "calculatedOtherIncome": 1800000, "calculatedIncomeNonControlling": 1800000, "calculatedEbitda": -400000}, {"date": "1998-12-31", "symbol": "LNG", "reportedCurrency": "USD", "cik": "0000003570", "fillingDate": "1999-03-29", "acceptedDate": "1999-03-29 00:00:00", "calendarYear": "1998", "period": "FY", "revenue": 1, "costOfRevenue": 0, "grossProfit": 1, "grossProfitRatio": 1, "researchAndDevelopmentExpenses": 0, "generalAndAdministrativeExpenses": 0, "sellingAndMarketingExpenses": 0, "sellingGeneralAndAdministrativeExpenses": 1600000, "otherExpenses": 0, "operatingExpenses": 1600000, "costAndExpenses": 1600000, "interestIncome": 0, "interestExpense": 0, "depreciationAndAmortization": 0, "ebitda": -1599999, "ebitdaratio": -1599999, "operatingIncome": -1599999, "operatingIncomeRatio": -1599999, "totalOtherIncomeExpensesNet": 0, "incomeBeforeTax": 0, "incomeBeforeTaxRatio": 0, "incomeTaxExpense": 1600000, "netIncome": -1600000, "netIncomeRatio": -1600000, "eps": -0.2, "epsdiluted": -0.2, "weightedAverageShsOut": 8007727, "weightedAverageShsOutDil": 8007727, "link": "https://www.sec.gov/Archives/edgar/data/3570/000089924399000570/0000899243-99-000570-index.html", "finalLink": "https://www.sec.gov/Archives/edgar/data/3570/", "calculatedOtherExpenses": 0, "calculatedOperatingExpenses": 1600000, "calculatedNetInterest": 0, "calculatedOtherIncome": 1599999, "calculatedIncomeNonControlling": 0, "calculatedEbitda": -1599999}, {"date": "1997-12-31", "symbol": "LNG", "reportedCurrency": "USD", "cik": "0000003570", "fillingDate": "1998-07-06", "acceptedDate": "1998-07-06 00:00:00", "calendarYear": "1997", "period": "FY", "revenue": 100000, "costOfRevenue": 0, "grossProfit": 100000, "grossProfitRatio": 1, "researchAndDevelopmentExpenses": 0, "generalAndAdministrativeExpenses": 0, "sellingAndMarketingExpenses": 0, "sellingGeneralAndAdministrativeExpenses": 400000, "otherExpenses": 0, "operatingExpenses": 400000, "costAndExpenses": 400000, "interestIncome": 0, "interestExpense": 0, "depreciationAndAmortization": -100000, "ebitda": -400000, "ebitdaratio": -4, "operatingIncome": -300000, "operatingIncomeRatio": -3, "totalOtherIncomeExpensesNet": 100000, "incomeBeforeTax": -200000, "incomeBeforeTaxRatio": -2, "incomeTaxExpense": 200000, "netIncome": -400000, "netIncomeRatio": -4, "eps": -0.06, "epsdiluted": -0.06, "weightedAverageShsOut": 6666667, "weightedAverageShsOutDil": 6666667, "link": "https://www.sec.gov/Archives/edgar/data/3570/000089924398001311/0000899243-98-001311-index.html", "finalLink": "https://www.sec.gov/Archives/edgar/data/3570/", "calculatedOtherExpenses": 0, "calculatedOperatingExpenses": 400000, "calculatedNetInterest": 0, "calculatedOtherIncome": 100000, "calculatedIncomeNonControlling": 0, "calculatedEbitda": -400000}, {"date": "1996-08-31", "symbol": "LNG", "reportedCurrency": "USD", "cik": "0000003570", "fillingDate": "1996-11-27", "acceptedDate": "1996-11-27 00:00:00", "calendarYear": "1996", "period": "FY", "revenue": 100000, "costOfRevenue": 0, "grossProfit": 100000, "grossProfitRatio": 1, "researchAndDevelopmentExpenses": 0, "generalAndAdministrativeExpenses": 0, "sellingAndMarketingExpenses": 0, "sellingGeneralAndAdministrativeExpenses": 100000, "otherExpenses": 0, "operatingExpenses": 100000, "costAndExpenses": 100000, "interestIncome": 0, "interestExpense": 0, "depreciationAndAmortization": 0, "ebitda": -100000, "ebitdaratio": -1, "operatingIncome": -100000, "operatingIncomeRatio": -1, "totalOtherIncomeExpensesNet": 0, "incomeBeforeTax": 0, "incomeBeforeTaxRatio": 0, "incomeTaxExpense": 100000, "netIncome": -100000, "netIncomeRatio": -1, "eps": -0.0232, "epsdiluted": -0.0232, "weightedAverageShsOut": 4305470, "weightedAverageShsOutDil": 4305470, "link": "https://www.sec.gov/Archives/edgar/data/3570/000089924396001542/0000899243-96-001542-index.html", "finalLink": "https://www.sec.gov/Archives/edgar/data/3570/", "calculatedOtherExpenses": 100000, "calculatedOperatingExpenses": 200000, "calculatedNetInterest": 0, "calculatedOtherIncome": 100000, "calculatedIncomeNonControlling": 0, "calculatedEbitda": -100000}]}