{"originalCurrency": "USD", "convertedCurrency": "USD", "report": [{"date": "2023-12-31", "symbol": "LNTH", "reportedCurrency": "USD", "cik": "0001521036", "fillingDate": "2024-02-22", "acceptedDate": "2024-02-22 07:49:58", "calendarYear": "2023", "period": "FY", "revenue": 1296429000, "costOfRevenue": 586886000, "grossProfit": 709543000, "grossProfitRatio": 0.5473057144, "researchAndDevelopmentExpenses": 77707000, "generalAndAdministrativeExpenses": 125458000, "sellingAndMarketingExpenses": 141736000, "sellingGeneralAndAdministrativeExpenses": 267194000, "otherExpenses": -143000, "operatingExpenses": 344901000, "costAndExpenses": 931787000, "interestIncome": 19638000, "interestExpense": 20019000, "depreciationAndAmortization": 60043000, "ebitda": 444180000, "ebitdaratio": 0.3426180686, "operatingIncome": 364642000, "operatingIncomeRatio": 0.2812664635, "totalOtherIncomeExpensesNet": 46682000, "incomeBeforeTax": 410943000, "incomeBeforeTaxRatio": 0.3169807217, "incomeTaxExpense": 84282000, "netIncome": 326661000, "netIncomeRatio": 0.2519698341, "eps": 4.79, "epsdiluted": 4.65, "weightedAverageShsOut": 68266000, "weightedAverageShsOutDil": 70239000, "link": "https://www.sec.gov/Archives/edgar/data/1521036/000162828024006158/0001628280-24-006158-index.htm", "finalLink": "https://www.sec.gov/Archives/edgar/data/1521036/000162828024006158/lnth-20231231.htm", "calculatedOtherExpenses": 0, "calculatedOperatingExpenses": 344901000, "calculatedNetInterest": -381000, "calculatedOtherIncome": 46682000, "calculatedIncomeNonControlling": 0, "calculatedEbitda": 424685000}, {"date": "2022-12-31", "symbol": "LNTH", "reportedCurrency": "USD", "cik": "0001521036", "fillingDate": "2023-02-23", "acceptedDate": "2023-02-23 07:48:43", "calendarYear": "2022", "period": "FY", "revenue": 935061000, "costOfRevenue": 353358000, "grossProfit": 581703000, "grossProfitRatio": 0.6221016597, "researchAndDevelopmentExpenses": 311681000, "generalAndAdministrativeExpenses": 133584000, "sellingAndMarketingExpenses": 100243000, "sellingGeneralAndAdministrativeExpenses": 233827000, "otherExpenses": -1703000, "operatingExpenses": 545508000, "costAndExpenses": 898866000, "interestIncome": 2613000, "interestExpense": 7185000, "depreciationAndAmortization": 47929000, "ebitda": 34492000, "ebitdaratio": 0.036887433, "operatingIncome": -13437000, "operatingIncomeRatio": -0.0143701855, "totalOtherIncomeExpensesNet": 40156000, "incomeBeforeTax": 26719000, "incomeBeforeTaxRatio": 0.0285746064, "incomeTaxExpense": -1348000, "netIncome": 28067000, "netIncomeRatio": 0.0300162235, "eps": 0.41, "epsdiluted": 0.4, "weightedAverageShsOut": 68487000, "weightedAverageShsOutDil": 70671000, "link": "https://www.sec.gov/Archives/edgar/data/1521036/000162828023004698/0001628280-23-004698-index.htm", "finalLink": "https://www.sec.gov/Archives/edgar/data/1521036/000162828023004698/lnth-20221231.htm", "calculatedOtherExpenses": 49632000, "calculatedOperatingExpenses": 595140000, "calculatedNetInterest": -4572000, "calculatedOtherIncome": 44728000, "calculatedIncomeNonControlling": 0, "calculatedEbitda": 34492000}, {"date": "2021-12-31", "symbol": "LNTH", "reportedCurrency": "USD", "cik": "0001521036", "fillingDate": "2022-02-24", "acceptedDate": "2022-02-24 08:07:07", "calendarYear": "2021", "period": "FY", "revenue": 425208000, "costOfRevenue": 237513000, "grossProfit": 187695000, "grossProfitRatio": 0.4414192583, "researchAndDevelopmentExpenses": 44966000, "generalAndAdministrativeExpenses": 150395000, "sellingAndMarketingExpenses": 68422000, "sellingGeneralAndAdministrativeExpenses": 218817000, "otherExpenses": -7350000, "operatingExpenses": 263783000, "costAndExpenses": 501296000, "interestIncome": 45000, "interestExpense": 7752000, "depreciationAndAmortization": -7350000, "ebitda": -83438000, "ebitdaratio": -0.1962286693, "operatingIncome": -76088000, "operatingIncomeRatio": -0.1789430114, "totalOtherIncomeExpensesNet": 1050000, "incomeBeforeTax": -75038000, "incomeBeforeTaxRatio": -0.1764736317, "incomeTaxExpense": -3759000, "netIncome": -71279000, "netIncomeRatio": -0.1676332524, "eps": -1.06, "epsdiluted": -1.06, "weightedAverageShsOut": 67486000, "weightedAverageShsOutDil": 67486000, "link": "https://www.sec.gov/Archives/edgar/data/1521036/000162828022003657/0001628280-22-003657-index.htm", "finalLink": "https://www.sec.gov/Archives/edgar/data/1521036/000162828022003657/lnth-20211231.htm", "calculatedOtherExpenses": 0, "calculatedOperatingExpenses": 263783000, "calculatedNetInterest": -7707000, "calculatedOtherIncome": 8757000, "calculatedIncomeNonControlling": 0, "calculatedEbitda": -83438000}, {"date": "2020-12-31", "symbol": "LNTH", "reportedCurrency": "USD", "cik": "0001521036", "fillingDate": "2021-02-25", "acceptedDate": "2021-02-25 17:23:45", "calendarYear": "2020", "period": "FY", "revenue": 339410000, "costOfRevenue": 200649000, "grossProfit": 138761000, "grossProfitRatio": 0.4088300286, "researchAndDevelopmentExpenses": 32788000, "generalAndAdministrativeExpenses": 69270000, "sellingAndMarketingExpenses": 40901000, "sellingGeneralAndAdministrativeExpenses": 110171000, "otherExpenses": 2198000, "operatingExpenses": 142959000, "costAndExpenses": 343608000, "interestIncome": 238000, "interestExpense": 9479000, "depreciationAndAmortization": 2198000, "ebitda": -2000000, "ebitdaratio": -0.0058925783, "operatingIncome": -4198000, "operatingIncomeRatio": -0.0123685218, "totalOtherIncomeExpensesNet": -7281000, "incomeBeforeTax": -11479000, "incomeBeforeTaxRatio": -0.0338204531, "incomeTaxExpense": 1994000, "netIncome": -13473000, "netIncomeRatio": -0.0396953537, "eps": -0.25, "epsdiluted": -0.25, "weightedAverageShsOut": 54134000, "weightedAverageShsOutDil": 54134000, "link": "https://www.sec.gov/Archives/edgar/data/1521036/000162828021003336/0001628280-21-003336-index.htm", "finalLink": "https://www.sec.gov/Archives/edgar/data/1521036/000162828021003336/lnth-20201231.htm", "calculatedOtherExpenses": 0, "calculatedOperatingExpenses": 142959000, "calculatedNetInterest": -9241000, "calculatedOtherIncome": 1960000, "calculatedIncomeNonControlling": 0, "calculatedEbitda": -2000000}, {"date": "2019-12-31", "symbol": "LNTH", "reportedCurrency": "USD", "cik": "0001521036", "fillingDate": "2020-02-25", "acceptedDate": "2020-02-25 16:15:08", "calendarYear": "2019", "period": "FY", "revenue": 347337000, "costOfRevenue": 172526000, "grossProfit": 174811000, "grossProfitRatio": 0.5032893127, "researchAndDevelopmentExpenses": 20018000, "generalAndAdministrativeExpenses": 61244000, "sellingAndMarketingExpenses": 41888000, "sellingGeneralAndAdministrativeExpenses": 103132000, "otherExpenses": -6221000, "operatingExpenses": 123150000, "costAndExpenses": 295676000, "interestIncome": 686000, "interestExpense": 13617000, "depreciationAndAmortization": 13379000, "ebitda": 45440000, "ebitdaratio": 0.1308239548, "operatingIncome": 32061000, "operatingIncomeRatio": 0.0923051676, "totalOtherIncomeExpensesNet": -3434000, "incomeBeforeTax": 28627000, "incomeBeforeTaxRatio": 0.0824185157, "incomeTaxExpense": -3040000, "netIncome": 31667000, "netIncomeRatio": 0.0911708226, "eps": 0.81, "epsdiluted": 0.79, "weightedAverageShsOut": 38988000, "weightedAverageShsOutDil": 40113000, "link": "https://www.sec.gov/Archives/edgar/data/1521036/000162828020002197/0001628280-20-002197-index.htm", "finalLink": "https://www.sec.gov/Archives/edgar/data/1521036/000162828020002197/lnth_12312019x10k.htm", "calculatedOtherExpenses": 19600000, "calculatedOperatingExpenses": 142750000, "calculatedNetInterest": -12931000, "calculatedOtherIncome": 9497000, "calculatedIncomeNonControlling": 0, "calculatedEbitda": 45440000}, {"date": "2018-12-31", "symbol": "LNTH", "reportedCurrency": "USD", "cik": "0001521036", "fillingDate": "2019-02-20", "acceptedDate": "2019-02-20 09:07:53", "calendarYear": "2018", "period": "FY", "revenue": 343374000, "costOfRevenue": 168489000, "grossProfit": 174885000, "grossProfitRatio": 0.50931346, "researchAndDevelopmentExpenses": 17071000, "generalAndAdministrativeExpenses": 50167000, "sellingAndMarketingExpenses": 43159000, "sellingGeneralAndAdministrativeExpenses": 93326000, "otherExpenses": 2465000, "operatingExpenses": 110397000, "costAndExpenses": 278886000, "interestIncome": 0, "interestExpense": 17405000, "depreciationAndAmortization": 13929000, "ebitda": 66953000, "ebitdaratio": 0.1949856425, "operatingIncome": 64488000, "operatingIncomeRatio": 0.1878068811, "totalOtherIncomeExpensesNet": 2465000, "incomeBeforeTax": 49548000, "incomeBeforeTaxRatio": 0.1442974716, "incomeTaxExpense": 9030000, "netIncome": 40518000, "netIncomeRatio": 0.1179996156, "eps": 1.06, "epsdiluted": 1.03, "weightedAverageShsOut": 38233000, "weightedAverageShsOutDil": 39501000, "link": "https://www.sec.gov/Archives/edgar/data/1521036/000162828019001574/0001628280-19-001574-index.htm", "finalLink": "https://www.sec.gov/Archives/edgar/data/1521036/000162828019001574/lnth_12312018x10k.htm", "calculatedOtherExpenses": 0, "calculatedOperatingExpenses": 110397000, "calculatedNetInterest": -17405000, "calculatedOtherIncome": 2465000, "calculatedIncomeNonControlling": 0, "calculatedEbitda": 78417000}, {"date": "2017-12-31", "symbol": "LNTH", "reportedCurrency": "USD", "cik": "0001521036", "fillingDate": "2018-02-26", "acceptedDate": "2018-02-26 17:12:11", "calendarYear": "2017", "period": "FY", "revenue": 331378000, "costOfRevenue": 169243000, "grossProfit": 162135000, "grossProfitRatio": 0.4892750877, "researchAndDevelopmentExpenses": 18125000, "generalAndAdministrativeExpenses": 49842000, "sellingAndMarketingExpenses": 42315000, "sellingGeneralAndAdministrativeExpenses": 92157000, "otherExpenses": 8638000, "operatingExpenses": 110282000, "costAndExpenses": 279525000, "interestIncome": 0, "interestExpense": 18410000, "depreciationAndAmortization": 19231000, "ebitda": 60491000, "ebitdaratio": 0.1825438019, "operatingIncome": 51853000, "operatingIncomeRatio": 0.1564768935, "totalOtherIncomeExpensesNet": 6196000, "incomeBeforeTax": 39639000, "incomeBeforeTaxRatio": 0.1196186832, "incomeTaxExpense": -83746000, "netIncome": 123385000, "netIncomeRatio": 0.3723391414, "eps": 3.31, "epsdiluted": 3.17, "weightedAverageShsOut": 37276000, "weightedAverageShsOutDil": 38892000, "link": "https://www.sec.gov/Archives/edgar/data/1521036/000162828018002261/0001628280-18-002261-index.htm", "finalLink": "https://www.sec.gov/Archives/edgar/data/1521036/000162828018002261/lnth_12312017x10k.htm", "calculatedOtherExpenses": 0, "calculatedOperatingExpenses": 110282000, "calculatedNetInterest": -18410000, "calculatedOtherIncome": 6196000, "calculatedIncomeNonControlling": 0, "calculatedEbitda": 71084000}, {"date": "2016-12-31", "symbol": "LNTH", "reportedCurrency": "USD", "cik": "0001521036", "fillingDate": "2017-02-23", "acceptedDate": "2017-02-23 16:05:14", "calendarYear": "2016", "period": "FY", "revenue": 301853000, "costOfRevenue": 164073000, "grossProfit": 137780000, "grossProfitRatio": 0.4564473436, "researchAndDevelopmentExpenses": 12203000, "generalAndAdministrativeExpenses": 38832000, "sellingAndMarketingExpenses": 36542000, "sellingGeneralAndAdministrativeExpenses": 75374000, "otherExpenses": 220000, "operatingExpenses": 87577000, "costAndExpenses": 251650000, "interestIncome": 0, "interestExpense": 26618000, "depreciationAndAmortization": 18263000, "ebitda": 50423000, "ebitdaratio": 0.1670448861, "operatingIncome": 56588000, "operatingIncomeRatio": 0.1874687348, "totalOtherIncomeExpensesNet": 4709000, "incomeBeforeTax": 28294000, "incomeBeforeTaxRatio": 0.0937343674, "incomeTaxExpense": 1532000, "netIncome": 26762000, "netIncomeRatio": 0.0886590493, "eps": 0.84, "epsdiluted": 0.82, "weightedAverageShsOut": 32044000, "weightedAverageShsOutDil": 32656000, "link": "https://www.sec.gov/Archives/edgar/data/1521036/000119312517053986/0001193125-17-053986-index.htm", "finalLink": "https://www.sec.gov/Archives/edgar/data/1521036/000119312517053986/d269039d10k.htm", "calculatedOtherExpenses": -6385000, "calculatedOperatingExpenses": 81192000, "calculatedNetInterest": -26618000, "calculatedOtherIncome": -1676000, "calculatedIncomeNonControlling": 0, "calculatedEbitda": 74851000}, {"date": "2015-12-31", "symbol": "LNTH", "reportedCurrency": "USD", "cik": "0001521036", "fillingDate": "2016-03-02", "acceptedDate": "2016-03-02 16:37:44", "calendarYear": "2015", "period": "FY", "revenue": 293461000, "costOfRevenue": 157939000, "grossProfit": 135522000, "grossProfitRatio": 0.4618058277, "researchAndDevelopmentExpenses": 14358000, "generalAndAdministrativeExpenses": 43894000, "sellingAndMarketingExpenses": 34740000, "sellingGeneralAndAdministrativeExpenses": 78634000, "otherExpenses": -89000, "operatingExpenses": 92992000, "costAndExpenses": 250931000, "interestIncome": 24000, "interestExpense": 38715000, "depreciationAndAmortization": 19651000, "ebitda": 42465000, "ebitdaratio": 0.1447040663, "operatingIncome": 42530000, "operatingIncomeRatio": 0.1449255608, "totalOtherIncomeExpensesNet": -15617000, "incomeBeforeTax": -11778000, "incomeBeforeTaxRatio": -0.040134805, "incomeTaxExpense": 2968000, "netIncome": -14746000, "netIncomeRatio": -0.050248585, "eps": -0.6, "epsdiluted": -0.6, "weightedAverageShsOut": 24439845, "weightedAverageShsOutDil": 24440000, "link": "https://www.sec.gov/Archives/edgar/data/1521036/000119312516490104/0001193125-16-490104-index.htm", "finalLink": "https://www.sec.gov/Archives/edgar/data/1521036/000119312516490104/d117052d10k.htm", "calculatedOtherExpenses": 0, "calculatedOperatingExpenses": 92992000, "calculatedNetInterest": -38691000, "calculatedOtherIncome": -15617000, "calculatedIncomeNonControlling": 0, "calculatedEbitda": 62181000}, {"date": "2014-12-31", "symbol": "LNTH", "reportedCurrency": "USD", "cik": "0001521036", "fillingDate": "2014-12-31", "acceptedDate": "2014-12-30 19:00:00", "calendarYear": "2014", "period": "FY", "revenue": 301600000, "costOfRevenue": 176081000, "grossProfit": 125519000, "grossProfitRatio": 0.4161770557, "researchAndDevelopmentExpenses": 13673000, "generalAndAdministrativeExpenses": 37313000, "sellingAndMarketingExpenses": 35116000, "sellingGeneralAndAdministrativeExpenses": 72429000, "otherExpenses": 3000, "operatingExpenses": 86102000, "costAndExpenses": 262183000, "interestIncome": 27000, "interestExpense": 42288000, "depreciationAndAmortization": 18251000, "ebitda": 57698000, "ebitdaratio": 0.191306366, "operatingIncome": 39417000, "operatingIncomeRatio": 0.1306929708, "totalOtherIncomeExpensesNet": 478000, "incomeBeforeTax": -2366000, "incomeBeforeTaxRatio": -0.0078448276, "incomeTaxExpense": 1195000, "netIncome": -3561000, "netIncomeRatio": -0.0118070292, "eps": -0.2, "epsdiluted": -0.2, "weightedAverageShsOut": 17805000, "weightedAverageShsOutDil": 18080615, "link": "", "finalLink": "", "calculatedOtherExpenses": 0, "calculatedOperatingExpenses": 86102000, "calculatedNetInterest": -42261000, "calculatedOtherIncome": 478000, "calculatedIncomeNonControlling": 0, "calculatedEbitda": 57668000}, {"date": "2013-12-31", "symbol": "LNTH", "reportedCurrency": "USD", "cik": "0001521036", "fillingDate": "2013-12-31", "acceptedDate": "2013-12-30 19:00:00", "calendarYear": "2013", "period": "FY", "revenue": 283672000, "costOfRevenue": 206311000, "grossProfit": 77361000, "grossProfitRatio": 0.2727128515, "researchAndDevelopmentExpenses": 30459000, "generalAndAdministrativeExpenses": 33036000, "sellingAndMarketingExpenses": 35227000, "sellingGeneralAndAdministrativeExpenses": 68263000, "otherExpenses": 9245000, "operatingExpenses": 98722000, "costAndExpenses": 305033000, "interestIncome": 104000, "interestExpense": 42915000, "depreciationAndAmortization": 25155000, "ebitda": 13143000, "ebitdaratio": 0.0463316788, "operatingIncome": -18891000, "operatingIncomeRatio": -0.0665945176, "totalOtherIncomeExpensesNet": 3631000, "incomeBeforeTax": -60541000, "incomeBeforeTaxRatio": -0.2134190191, "incomeTaxExpense": 1014000, "netIncome": -61555000, "netIncomeRatio": -0.21699357, "eps": -3.4, "epsdiluted": -3.34, "weightedAverageShsOut": 18080944, "weightedAverageShsOutDil": 18404393, "link": "", "finalLink": "", "calculatedOtherExpenses": -2470000, "calculatedOperatingExpenses": 96252000, "calculatedNetInterest": -42811000, "calculatedOtherIncome": 1161000, "calculatedIncomeNonControlling": 0, "calculatedEbitda": 6264000}, {"date": "2012-12-31", "symbol": "LNTH", "reportedCurrency": "USD", "cik": "0001521036", "fillingDate": "2012-12-31", "acceptedDate": "2012-12-30 19:00:00", "calendarYear": "2012", "period": "FY", "revenue": 288105000, "costOfRevenue": 212908000, "grossProfit": 75197000, "grossProfitRatio": 0.2610055362, "researchAndDevelopmentExpenses": 40604000, "generalAndAdministrativeExpenses": 32520000, "sellingAndMarketingExpenses": 37437000, "sellingGeneralAndAdministrativeExpenses": 69957000, "otherExpenses": 34803000, "operatingExpenses": 110561000, "costAndExpenses": 323469000, "interestIncome": 252000, "interestExpense": 42014000, "depreciationAndAmortization": 27402000, "ebitda": 27093000, "ebitdaratio": 0.0940386317, "operatingIncome": -750000, "operatingIncomeRatio": -0.0026032176, "totalOtherIncomeExpensesNet": 34570000, "incomeBeforeTax": -42556000, "incomeBeforeTaxRatio": -0.1477100363, "incomeTaxExpense": -555000, "netIncome": -42001000, "netIncomeRatio": -0.1457836553, "eps": -2.36, "epsdiluted": -2.32, "weightedAverageShsOut": 17794025, "weightedAverageShsOutDil": 18080615, "link": "", "finalLink": "", "calculatedOtherExpenses": -34614000, "calculatedOperatingExpenses": 75947000, "calculatedNetInterest": -41762000, "calculatedOtherIncome": -44000, "calculatedIncomeNonControlling": 0, "calculatedEbitda": 26652000}, {"date": "2011-12-31", "symbol": "LNTH", "reportedCurrency": "USD", "cik": "0001521036", "fillingDate": "2011-12-31", "acceptedDate": "2011-12-30 19:00:00", "calendarYear": "2011", "period": "FY", "revenue": 356292000, "costOfRevenue": 261076000, "grossProfit": 95216000, "grossProfitRatio": 0.2672414761, "researchAndDevelopmentExpenses": 40945000, "generalAndAdministrativeExpenses": 32862000, "sellingAndMarketingExpenses": 38689000, "sellingGeneralAndAdministrativeExpenses": 71551000, "otherExpenses": 205000, "operatingExpenses": 112496000, "costAndExpenses": 373572000, "interestIncome": 333000, "interestExpense": 37658000, "depreciationAndAmortization": 32762000, "ebitda": 16020000, "ebitdaratio": 0.0449631201, "operatingIncome": -17280000, "operatingIncomeRatio": -0.0484995453, "totalOtherIncomeExpensesNet": 1429000, "incomeBeforeTax": -53176000, "incomeBeforeTaxRatio": -0.1492483693, "incomeTaxExpense": 84082000, "netIncome": -137258000, "netIncomeRatio": -0.3852401962, "eps": -7.61, "epsdiluted": -7.61, "weightedAverageShsOut": 18032131, "weightedAverageShsOutDil": 18032131, "link": "", "finalLink": "", "calculatedOtherExpenses": 0, "calculatedOperatingExpenses": 112496000, "calculatedNetInterest": -37325000, "calculatedOtherIncome": 1429000, "calculatedIncomeNonControlling": 0, "calculatedEbitda": 15482000}]}