{"originalCurrency": "USD", "convertedCurrency": "USD", "report": [{"date": "2023-12-31", "symbol": "LNW", "reportedCurrency": "USD", "cik": "0000750004", "fillingDate": "2024-02-27", "acceptedDate": "2024-02-27 16:40:43", "calendarYear": "2023", "period": "FY", "revenue": 2902000000, "costOfRevenue": 1256000000, "grossProfit": 1646000000, "grossProfitRatio": 0.5671950379, "researchAndDevelopmentExpenses": 228000000, "generalAndAdministrativeExpenses": 0, "sellingAndMarketingExpenses": 0, "sellingGeneralAndAdministrativeExpenses": 808000000, "otherExpenses": -4000000, "operatingExpenses": 1036000000, "costAndExpenses": 2292000000, "interestIncome": 34000000, "interestExpense": 324000000, "depreciationAndAmortization": 384000000, "ebitda": 994000000, "ebitdaratio": 0.3425223983, "operatingIncome": 610000000, "operatingIncomeRatio": 0.2101998622, "totalOtherIncomeExpensesNet": -405000000, "incomeBeforeTax": 205000000, "incomeBeforeTaxRatio": 0.0706409373, "incomeTaxExpense": 25000000, "netIncome": 163000000, "netIncomeRatio": 0.0561681599, "eps": 1.79, "epsdiluted": 1.75, "weightedAverageShsOut": 91000000, "weightedAverageShsOutDil": 93000000, "link": "https://www.sec.gov/Archives/edgar/data/750004/000075000424000015/0000750004-24-000015-index.htm", "finalLink": "https://www.sec.gov/Archives/edgar/data/750004/000075000424000015/lnw-20231231.htm", "calculatedOtherExpenses": 0, "calculatedOperatingExpenses": 1036000000, "calculatedNetInterest": -290000000, "calculatedOtherIncome": -115000000, "calculatedIncomeNonControlling": 17000000, "calculatedEbitda": 994000000}, {"date": "2022-12-31", "symbol": "LNW", "reportedCurrency": "USD", "cik": "0000750004", "fillingDate": "2023-03-01", "acceptedDate": "2023-03-01 16:40:24", "calendarYear": "2022", "period": "FY", "revenue": 2512000000, "costOfRevenue": 738000000, "grossProfit": 1774000000, "grossProfitRatio": 0.7062101911, "researchAndDevelopmentExpenses": 218000000, "generalAndAdministrativeExpenses": 0, "sellingAndMarketingExpenses": 0, "sellingGeneralAndAdministrativeExpenses": 717000000, "otherExpenses": 420000000, "operatingExpenses": 1355000000, "costAndExpenses": 2093000000, "interestIncome": 327000000, "interestExpense": 327000000, "depreciationAndAmortization": 457000000, "ebitda": 730000000, "ebitdaratio": 0.2906050955, "operatingIncome": 273000000, "operatingIncomeRatio": 0.1086783439, "totalOtherIncomeExpensesNet": -436000000, "incomeBeforeTax": -163000000, "incomeBeforeTaxRatio": -0.064888535, "incomeTaxExpense": 13000000, "netIncome": -176000000, "netIncomeRatio": -0.0700636943, "eps": -1.86, "epsdiluted": -1.85, "weightedAverageShsOut": 94736842, "weightedAverageShsOutDil": 95000000, "link": "https://www.sec.gov/Archives/edgar/data/750004/000075000423000006/0000750004-23-000006-index.htm", "finalLink": "https://www.sec.gov/Archives/edgar/data/750004/000075000423000006/sgms-20221231.htm", "calculatedOtherExpenses": 566000000, "calculatedOperatingExpenses": 1501000000, "calculatedNetInterest": 0, "calculatedOtherIncome": -436000000, "calculatedIncomeNonControlling": 0, "calculatedEbitda": 730000000}, {"date": "2021-12-31", "symbol": "LNW", "reportedCurrency": "USD", "cik": "0000750004", "fillingDate": "2022-03-01", "acceptedDate": "2022-03-01 17:02:02", "calendarYear": "2021", "period": "FY", "revenue": 2153000000, "costOfRevenue": 609000000, "grossProfit": 1544000000, "grossProfitRatio": 0.717138876, "researchAndDevelopmentExpenses": 190000000, "generalAndAdministrativeExpenses": 0, "sellingAndMarketingExpenses": 0, "sellingGeneralAndAdministrativeExpenses": 679000000, "otherExpenses": 398000000, "operatingExpenses": 1267000000, "costAndExpenses": 1876000000, "interestIncome": 478000000, "interestExpense": 478000000, "depreciationAndAmortization": 398000000, "ebitda": 749000000, "ebitdaratio": 0.3478866698, "operatingIncome": 351000000, "operatingIncomeRatio": 0.1630283326, "totalOtherIncomeExpensesNet": -645000000, "incomeBeforeTax": -294000000, "incomeBeforeTaxRatio": -0.1365536461, "incomeTaxExpense": -318000000, "netIncome": 24000000, "netIncomeRatio": 0.0111472364, "eps": 0.25, "epsdiluted": 0.24, "weightedAverageShsOut": 96000000, "weightedAverageShsOutDil": 98000000, "link": "https://www.sec.gov/Archives/edgar/data/750004/000075000422000007/0000750004-22-000007-index.htm", "finalLink": "https://www.sec.gov/Archives/edgar/data/750004/000075000422000007/sgms-20211231.htm", "calculatedOtherExpenses": 324000000, "calculatedOperatingExpenses": 1193000000, "calculatedNetInterest": 0, "calculatedOtherIncome": -645000000, "calculatedIncomeNonControlling": 0, "calculatedEbitda": 749000000}, {"date": "2020-12-31", "symbol": "LNW", "reportedCurrency": "USD", "cik": "0000750004", "fillingDate": "2021-03-01", "acceptedDate": "2021-03-01 16:24:28", "calendarYear": "2020", "period": "FY", "revenue": 2724000000, "costOfRevenue": 1160000000, "grossProfit": 1564000000, "grossProfitRatio": 0.5741556535, "researchAndDevelopmentExpenses": 166000000, "generalAndAdministrativeExpenses": 0, "sellingAndMarketingExpenses": 0, "sellingGeneralAndAdministrativeExpenses": 701000000, "otherExpenses": 554000000, "operatingExpenses": 1421000000, "costAndExpenses": 2581000000, "interestIncome": 503000000, "interestExpense": 503000000, "depreciationAndAmortization": 554000000, "ebitda": 634000000, "ebitdaratio": 0.2327459618, "operatingIncome": 80000000, "operatingIncomeRatio": 0.0293685756, "totalOtherIncomeExpensesNet": -624000000, "incomeBeforeTax": -544000000, "incomeBeforeTaxRatio": -0.1997063142, "incomeTaxExpense": 4000000, "netIncome": -548000000, "netIncomeRatio": -0.201174743, "eps": -5.79, "epsdiluted": -5.77, "weightedAverageShsOut": 94591484, "weightedAverageShsOutDil": 95000000, "link": "https://www.sec.gov/Archives/edgar/data/750004/000075000421000008/0000750004-21-000008-index.htm", "finalLink": "https://www.sec.gov/Archives/edgar/data/750004/000075000421000008/sgms-20201231.htm", "calculatedOtherExpenses": 617000000, "calculatedOperatingExpenses": 1484000000, "calculatedNetInterest": 0, "calculatedOtherIncome": -624000000, "calculatedIncomeNonControlling": 0, "calculatedEbitda": 634000000}, {"date": "2019-12-31", "symbol": "LNW", "reportedCurrency": "USD", "cik": "0000750004", "fillingDate": "2020-02-18", "acceptedDate": "2020-02-18 16:22:41", "calendarYear": "2019", "period": "FY", "revenue": 3400000000, "costOfRevenue": 1284000000, "grossProfit": 2116000000, "grossProfitRatio": 0.6223529412, "researchAndDevelopmentExpenses": 188000000, "generalAndAdministrativeExpenses": 0, "sellingAndMarketingExpenses": 0, "sellingGeneralAndAdministrativeExpenses": 707000000, "otherExpenses": 647000000, "operatingExpenses": 1542000000, "costAndExpenses": 2826000000, "interestIncome": 589000000, "interestExpense": 589000000, "depreciationAndAmortization": 610000000, "ebitda": 1156000000, "ebitdaratio": 0.34, "operatingIncome": 546000000, "operatingIncomeRatio": 0.1605882353, "totalOtherIncomeExpensesNet": -654000000, "incomeBeforeTax": -108000000, "incomeBeforeTaxRatio": -0.0317647059, "incomeTaxExpense": 10000000, "netIncome": -118000000, "netIncomeRatio": -0.0347058824, "eps": -1.27, "epsdiluted": -1.27, "weightedAverageShsOut": 92934782, "weightedAverageShsOutDil": 93000000, "link": "https://www.sec.gov/Archives/edgar/data/750004/000075000420000007/0000750004-20-000007-index.htm", "finalLink": "https://www.sec.gov/Archives/edgar/data/750004/000075000420000007/sgms1231201910k.htm", "calculatedOtherExpenses": 675000000, "calculatedOperatingExpenses": 1570000000, "calculatedNetInterest": 0, "calculatedOtherIncome": -654000000, "calculatedIncomeNonControlling": 0, "calculatedEbitda": 1156000000}, {"date": "2018-12-31", "symbol": "LNW", "reportedCurrency": "USD", "cik": "0000750004", "fillingDate": "2019-02-28", "acceptedDate": "2019-02-27 20:53:03", "calendarYear": "2018", "period": "FY", "revenue": 3363200000, "costOfRevenue": 1255300000, "grossProfit": 2107900000, "grossProfitRatio": 0.6267542816, "researchAndDevelopmentExpenses": 202300000, "generalAndAdministrativeExpenses": 0, "sellingAndMarketingExpenses": 0, "sellingGeneralAndAdministrativeExpenses": 696900000, "otherExpenses": -32600000, "operatingExpenses": 1588900000, "costAndExpenses": 2844200000, "interestIncome": 0, "interestExpense": 597200000, "depreciationAndAmortization": 689700000, "ebitda": 1201000000, "ebitdaratio": 0.3571003806, "operatingIncome": 265600000, "operatingIncomeRatio": 0.0789724072, "totalOtherIncomeExpensesNet": -261100000, "incomeBeforeTax": -339300000, "incomeBeforeTaxRatio": -0.1008860609, "incomeTaxExpense": 13100000, "netIncome": -352400000, "netIncomeRatio": -0.1047811608, "eps": -3.87, "epsdiluted": -3.87, "weightedAverageShsOut": 90956072, "weightedAverageShsOutDil": 91000000, "link": "https://www.sec.gov/Archives/edgar/data/750004/000075000419000007/0000750004-19-000007-index.htm", "finalLink": "https://www.sec.gov/Archives/edgar/data/750004/000075000419000007/sgms1231201810k.htm", "calculatedOtherExpenses": 943100000, "calculatedOperatingExpenses": 1842300000, "calculatedNetInterest": -597200000, "calculatedOtherIncome": -7700000, "calculatedIncomeNonControlling": 0, "calculatedEbitda": 955300000}, {"date": "2017-12-31", "symbol": "LNW", "reportedCurrency": "USD", "cik": "0000750004", "fillingDate": "2018-03-01", "acceptedDate": "2018-03-01 06:53:20", "calendarYear": "2017", "period": "FY", "revenue": 3083600000, "costOfRevenue": 1164600000, "grossProfit": 1919000000, "grossProfitRatio": 0.6223245557, "researchAndDevelopmentExpenses": 184100000, "generalAndAdministrativeExpenses": 0, "sellingAndMarketingExpenses": 0, "sellingGeneralAndAdministrativeExpenses": 613100000, "otherExpenses": 200000, "operatingExpenses": 1480000000, "costAndExpenses": 2644600000, "interestIncome": 0, "interestExpense": 609700000, "depreciationAndAmortization": 682800000, "ebitda": 1148700000, "ebitdaratio": 0.3725191335, "operatingIncome": 393100000, "operatingIncomeRatio": 0.1274808665, "totalOtherIncomeExpensesNet": -57100000, "incomeBeforeTax": -227800000, "incomeBeforeTaxRatio": -0.0738746919, "incomeTaxExpense": 14500000, "netIncome": -242300000, "netIncomeRatio": -0.0785769879, "eps": -2.72, "epsdiluted": -2.72, "weightedAverageShsOut": 88970588, "weightedAverageShsOutDil": 89000000, "link": "https://www.sec.gov/Archives/edgar/data/750004/000075000418000011/0000750004-18-000011-index.htm", "finalLink": "https://www.sec.gov/Archives/edgar/data/750004/000075000418000011/sgms1231201710k.htm", "calculatedOtherExpenses": 728700000, "calculatedOperatingExpenses": 1525900000, "calculatedNetInterest": -609700000, "calculatedOtherIncome": -11200000, "calculatedIncomeNonControlling": 0, "calculatedEbitda": 1075900000}, {"date": "2016-12-31", "symbol": "LNW", "reportedCurrency": "USD", "cik": "0000750004", "fillingDate": "2017-03-03", "acceptedDate": "2017-03-03 06:49:42", "calendarYear": "2016", "period": "FY", "revenue": 2883400000, "costOfRevenue": 1106300000, "grossProfit": 1777100000, "grossProfitRatio": 0.6163210099, "researchAndDevelopmentExpenses": 204800000, "generalAndAdministrativeExpenses": 0, "sellingAndMarketingExpenses": 0, "sellingGeneralAndAdministrativeExpenses": 577000000, "otherExpenses": 13900000, "operatingExpenses": 1520500000, "costAndExpenses": 2626800000, "interestIncome": 0, "interestExpense": 661400000, "depreciationAndAmortization": 738700000, "ebitda": 1022200000, "ebitdaratio": 0.3545120344, "operatingIncome": 130600000, "operatingIncomeRatio": 0.0452937504, "totalOtherIncomeExpensesNet": -73900000, "incomeBeforeTax": -478700000, "incomeBeforeTaxRatio": -0.1660192828, "incomeTaxExpense": -125000000, "netIncome": -353700000, "netIncomeRatio": -0.122667684, "eps": -4.05, "epsdiluted": -4.05, "weightedAverageShsOut": 87300000, "weightedAverageShsOutDil": 87300000, "link": "https://www.sec.gov/Archives/edgar/data/750004/000075000417000018/0000750004-17-000018-index.htm", "finalLink": "https://www.sec.gov/Archives/edgar/data/750004/000075000417000018/sgms1231201610k.htm", "calculatedOtherExpenses": 864700000, "calculatedOperatingExpenses": 1646500000, "calculatedNetInterest": -661400000, "calculatedOtherIncome": 52100000, "calculatedIncomeNonControlling": 0, "calculatedEbitda": 869300000}, {"date": "2015-12-31", "symbol": "LNW", "reportedCurrency": "USD", "cik": "0000750004", "fillingDate": "2016-02-29", "acceptedDate": "2016-02-29 08:29:53", "calendarYear": "2015", "period": "FY", "revenue": 2758800000, "costOfRevenue": 1104100000, "grossProfit": 1654700000, "grossProfitRatio": 0.5997897637, "researchAndDevelopmentExpenses": 183900000, "generalAndAdministrativeExpenses": 0, "sellingAndMarketingExpenses": 0, "sellingGeneralAndAdministrativeExpenses": 567700000, "otherExpenses": -21600000, "operatingExpenses": 1654800000, "costAndExpenses": 2758900000, "interestIncome": 0, "interestExpense": 664900000, "depreciationAndAmortization": 903200000, "ebitda": 898400000, "ebitdaratio": 0.3256488328, "operatingIncome": -1024600000, "operatingIncomeRatio": -0.3713933594, "totalOtherIncomeExpensesNet": -1029200000, "incomeBeforeTax": -1694200000, "incomeBeforeTaxRatio": -0.614107583, "incomeTaxExpense": -299900000, "netIncome": -1394300000, "netIncomeRatio": -0.5054008989, "eps": -16.23, "epsdiluted": -16.23, "weightedAverageShsOut": 85900000, "weightedAverageShsOutDil": 85900000, "link": "https://www.sec.gov/Archives/edgar/data/750004/000075000416000023/0000750004-16-000023-index.htm", "finalLink": "https://www.sec.gov/Archives/edgar/data/750004/000075000416000023/sgms1231201510k.htm", "calculatedOtherExpenses": 1927700000, "calculatedOperatingExpenses": 2679300000, "calculatedNetInterest": -664900000, "calculatedOtherIncome": -4700000, "calculatedIncomeNonControlling": 0, "calculatedEbitda": -121400000}, {"date": "2014-12-31", "symbol": "LNW", "reportedCurrency": "USD", "cik": "0000750004", "fillingDate": "2015-03-17", "acceptedDate": "2015-03-16 18:46:43", "calendarYear": "2014", "period": "FY", "revenue": 1786400000, "costOfRevenue": 849400000, "grossProfit": 937000000, "grossProfitRatio": 0.5245185849, "researchAndDevelopmentExpenses": 117000000, "generalAndAdministrativeExpenses": 0, "sellingAndMarketingExpenses": 0, "sellingGeneralAndAdministrativeExpenses": 507700000, "otherExpenses": 4000000, "operatingExpenses": 1079000000, "costAndExpenses": 1928400000, "interestIncome": 0, "interestExpense": 307200000, "depreciationAndAmortization": 454300000, "ebitda": 323200000, "ebitdaratio": 0.1809225258, "operatingIncome": -172700000, "operatingIncomeRatio": -0.0966748768, "totalOtherIncomeExpensesNet": -45700000, "incomeBeforeTax": -494900000, "incomeBeforeTaxRatio": -0.2770376176, "incomeTaxExpense": -260600000, "netIncome": -234300000, "netIncomeRatio": -0.1311576355, "eps": -2.77, "epsdiluted": -2.77, "weightedAverageShsOut": 84584837, "weightedAverageShsOutDil": 84600000, "link": "https://www.sec.gov/Archives/edgar/data/750004/000075000415000005/0000750004-15-000005-index.htm", "finalLink": "https://www.sec.gov/Archives/edgar/data/750004/000075000415000005/sgms1231201410k.htm", "calculatedOtherExpenses": 485000000, "calculatedOperatingExpenses": 1109700000, "calculatedNetInterest": -307200000, "calculatedOtherIncome": -15000000, "calculatedIncomeNonControlling": 0, "calculatedEbitda": 281600000}, {"date": "2013-12-31", "symbol": "LNW", "reportedCurrency": "USD", "cik": "0000750004", "fillingDate": "2014-03-17", "acceptedDate": "2014-03-17 09:45:09", "calendarYear": "2013", "period": "FY", "revenue": 1090900000, "costOfRevenue": 591700000, "grossProfit": 499200000, "grossProfitRatio": 0.4576038134, "researchAndDevelopmentExpenses": 26000000, "generalAndAdministrativeExpenses": 0, "sellingAndMarketingExpenses": 0, "sellingGeneralAndAdministrativeExpenses": 266400000, "otherExpenses": -1100000, "operatingExpenses": 494800000, "costAndExpenses": 1086500000, "interestIncome": 0, "interestExpense": 119500000, "depreciationAndAmortization": 203000000, "ebitda": 207200000, "ebitdaratio": 0.1899349161, "operatingIncome": -18300000, "operatingIncomeRatio": -0.0167751398, "totalOtherIncomeExpensesNet": -28200000, "incomeBeforeTax": -143300000, "incomeBeforeTaxRatio": -0.131359428, "incomeTaxExpense": -117700000, "netIncome": -30200000, "netIncomeRatio": -0.027683564, "eps": -0.36, "epsdiluted": -0.36, "weightedAverageShsOut": 85000000, "weightedAverageShsOutDil": 85000000, "link": "https://www.sec.gov/Archives/edgar/data/750004/000144530514001061/0001445305-14-001061-index.htm", "finalLink": "https://www.sec.gov/Archives/edgar/data/750004/000144530514001061/sgms1231201310k.htm", "calculatedOtherExpenses": 225100000, "calculatedOperatingExpenses": 517500000, "calculatedNetInterest": -119500000, "calculatedOtherIncome": -5500000, "calculatedIncomeNonControlling": 4600000, "calculatedEbitda": 184700000}, {"date": "2012-12-31", "symbol": "LNW", "reportedCurrency": "USD", "cik": "0000750004", "fillingDate": "2013-03-12", "acceptedDate": "2013-03-12 17:27:18", "calendarYear": "2012", "period": "FY", "revenue": 940602000, "costOfRevenue": 528709000, "grossProfit": 411893000, "grossProfitRatio": 0.4379035979, "researchAndDevelopmentExpenses": 6600000, "generalAndAdministrativeExpenses": 0, "sellingAndMarketingExpenses": 0, "sellingGeneralAndAdministrativeExpenses": 188813000, "otherExpenses": 1185000, "operatingExpenses": 362183000, "costAndExpenses": 890892000, "interestIncome": 0, "interestExpense": 100008000, "depreciationAndAmortization": 173370000, "ebitda": 252338000, "ebitdaratio": 0.2682728721, "operatingIncome": 38208000, "operatingIncomeRatio": 0.0406207939, "totalOtherIncomeExpensesNet": 2292000, "incomeBeforeTax": -48006000, "incomeBeforeTaxRatio": -0.051037527, "incomeTaxExpense": 14621000, "netIncome": -62627000, "netIncomeRatio": -0.0665818274, "eps": -0.7, "epsdiluted": -0.7, "weightedAverageShsOut": 89591836, "weightedAverageShsOutDil": 90000000, "link": "https://www.sec.gov/Archives/edgar/data/750004/000144530513000576/0001445305-13-000576-index.htm", "finalLink": "https://www.sec.gov/Archives/edgar/data/750004/000144530513000576/sgms1231201210k.htm", "calculatedOtherExpenses": 178272000, "calculatedOperatingExpenses": 373685000, "calculatedNetInterest": -100008000, "calculatedOtherIncome": 13794000, "calculatedIncomeNonControlling": 0, "calculatedEbitda": 211578000}, {"date": "2011-12-31", "symbol": "LNW", "reportedCurrency": "USD", "cik": "0000750004", "fillingDate": "2012-02-29", "acceptedDate": "2012-02-29 17:23:53", "calendarYear": "2011", "period": "FY", "revenue": 878722000, "costOfRevenue": 491279000, "grossProfit": 387443000, "grossProfitRatio": 0.4409164673, "researchAndDevelopmentExpenses": 0, "generalAndAdministrativeExpenses": 0, "sellingAndMarketingExpenses": 0, "sellingGeneralAndAdministrativeExpenses": 185019000, "otherExpenses": 118603000, "operatingExpenses": 303622000, "costAndExpenses": 794901000, "interestIncome": 0, "interestExpense": 104703000, "depreciationAndAmortization": 118603000, "ebitda": 231815000, "ebitdaratio": 0.2638092594, "operatingIncome": 113212000, "operatingIncomeRatio": 0.1288371066, "totalOtherIncomeExpensesNet": 24295000, "incomeBeforeTax": 3413000, "incomeBeforeTaxRatio": 0.0038840498, "incomeTaxExpense": 15983000, "netIncome": -12570000, "netIncomeRatio": -0.0143048655, "eps": -0.14, "epsdiluted": -0.14, "weightedAverageShsOut": 92100000, "weightedAverageShsOutDil": 92100000, "link": "https://www.sec.gov/Archives/edgar/data/750004/000104746912001929/0001047469-12-001929-index.htm", "finalLink": "https://www.sec.gov/Archives/edgar/data/750004/000104746912001929/a2207630z10-k.htm", "calculatedOtherExpenses": 89212000, "calculatedOperatingExpenses": 274231000, "calculatedNetInterest": -104703000, "calculatedOtherIncome": -5096000, "calculatedIncomeNonControlling": 0, "calculatedEbitda": 231815000}, {"date": "2010-12-31", "symbol": "LNW", "reportedCurrency": "USD", "cik": "0000750004", "fillingDate": "2011-03-01", "acceptedDate": "2011-03-01 17:11:00", "calendarYear": "2010", "period": "FY", "revenue": 882499000, "costOfRevenue": 514866000, "grossProfit": 367633000, "grossProfitRatio": 0.4165817752, "researchAndDevelopmentExpenses": 0, "generalAndAdministrativeExpenses": 0, "sellingAndMarketingExpenses": 0, "sellingGeneralAndAdministrativeExpenses": 159102000, "otherExpenses": 141766000, "operatingExpenses": 300868000, "costAndExpenses": 815734000, "interestIncome": 0, "interestExpense": 101613000, "depreciationAndAmortization": 141766000, "ebitda": 257621000, "ebitdaratio": 0.2919221438, "operatingIncome": 115855000, "operatingIncomeRatio": 0.131280602, "totalOtherIncomeExpensesNet": 29535000, "incomeBeforeTax": -5313000, "incomeBeforeTaxRatio": -0.0060204034, "incomeTaxExpense": 143888000, "netIncome": -149201000, "netIncomeRatio": -0.1690664805, "eps": -1.61, "epsdiluted": -1.61, "weightedAverageShsOut": 92666000, "weightedAverageShsOutDil": 92666000, "link": "https://www.sec.gov/Archives/edgar/data/750004/000104746911001634/0001047469-11-001634-index.htm", "finalLink": "https://www.sec.gov/Archives/edgar/data/750004/000104746911001634/a2202339z10-k.htm", "calculatedOtherExpenses": 92676000, "calculatedOperatingExpenses": 251778000, "calculatedNetInterest": -101613000, "calculatedOtherIncome": -19555000, "calculatedIncomeNonControlling": 0, "calculatedEbitda": 257621000}, {"date": "2009-12-31", "symbol": "LNW", "reportedCurrency": "USD", "cik": "0000750004", "fillingDate": "2010-03-01", "acceptedDate": "2010-03-01 17:04:14", "calendarYear": "2009", "period": "FY", "revenue": 927749000, "costOfRevenue": 549468000, "grossProfit": 378281000, "grossProfitRatio": 0.4077406712, "researchAndDevelopmentExpenses": 0, "generalAndAdministrativeExpenses": 0, "sellingAndMarketingExpenses": 0, "sellingGeneralAndAdministrativeExpenses": 172168000, "otherExpenses": 151784000, "operatingExpenses": 323952000, "costAndExpenses": 873420000, "interestIncome": 0, "interestExpense": 87498000, "depreciationAndAmortization": 151784000, "ebitda": 265333000, "ebitdaratio": 0.2859965357, "operatingIncome": 113549000, "operatingIncomeRatio": 0.1223919401, "totalOtherIncomeExpensesNet": 6837000, "incomeBeforeTax": -26332000, "incomeBeforeTaxRatio": -0.0283826768, "incomeTaxExpense": 13547000, "netIncome": -39879000, "netIncomeRatio": -0.0429846866, "eps": -0.43, "epsdiluted": -0.43, "weightedAverageShsOut": 92701000, "weightedAverageShsOutDil": 92701000, "link": "https://www.sec.gov/Archives/edgar/data/750004/000104746910001661/0001047469-10-001661-index.htm", "finalLink": "https://www.sec.gov/Archives/edgar/data/750004/000104746910001661/a2196685z10-k.htm", "calculatedOtherExpenses": 92564000, "calculatedOperatingExpenses": 264732000, "calculatedNetInterest": -87498000, "calculatedOtherIncome": -52383000, "calculatedIncomeNonControlling": 0, "calculatedEbitda": 265333000}, {"date": "2008-12-31", "symbol": "LNW", "reportedCurrency": "USD", "cik": "0000750004", "fillingDate": "2009-03-02", "acceptedDate": "2009-03-02 16:42:09", "calendarYear": "2008", "period": "FY", "revenue": 1118829000, "costOfRevenue": 680641000, "grossProfit": 438188000, "grossProfitRatio": 0.3916487685, "researchAndDevelopmentExpenses": 0, "generalAndAdministrativeExpenses": 0, "sellingAndMarketingExpenses": 0, "sellingGeneralAndAdministrativeExpenses": 184213000, "otherExpenses": 218643000, "operatingExpenses": 416551000, "costAndExpenses": 1097192000, "interestIncome": 0, "interestExpense": 65026000, "depreciationAndAmortization": 218643000, "ebitda": 298850000, "ebitdaratio": 0.2671096298, "operatingIncome": 80207000, "operatingIncomeRatio": 0.0716883456, "totalOtherIncomeExpensesNet": 60301000, "incomeBeforeTax": 16912000, "incomeBeforeTaxRatio": 0.0151158041, "incomeTaxExpense": 8424000, "netIncome": 8488000, "netIncomeRatio": 0.0075865034, "eps": -0.05, "epsdiluted": -0.05, "weightedAverageShsOut": 92875000, "weightedAverageShsOutDil": 92875000, "link": "https://www.sec.gov/Archives/edgar/data/750004/000104746909002131/0001047469-09-002131-index.htm", "finalLink": "https://www.sec.gov/Archives/edgar/data/750004/000104746909002131/a2190924z10-k.htm", "calculatedOtherExpenses": 173768000, "calculatedOperatingExpenses": 357981000, "calculatedNetInterest": -65026000, "calculatedOtherIncome": 1731000, "calculatedIncomeNonControlling": 0, "calculatedEbitda": 298850000}, {"date": "2007-12-31", "symbol": "LNW", "reportedCurrency": "USD", "cik": "0000750004", "fillingDate": "2008-02-29", "acceptedDate": "2008-02-29 16:15:59", "calendarYear": "2007", "period": "FY", "revenue": 1046704000, "costOfRevenue": 611780000, "grossProfit": 434924000, "grossProfitRatio": 0.4155176631, "researchAndDevelopmentExpenses": 0, "generalAndAdministrativeExpenses": 0, "sellingAndMarketingExpenses": 0, "sellingGeneralAndAdministrativeExpenses": 168722000, "otherExpenses": 160366000, "operatingExpenses": 329088000, "costAndExpenses": 940868000, "interestIncome": 0, "interestExpense": 13198000, "depreciationAndAmortization": 160366000, "ebitda": 264152000, "ebitdaratio": 0.2523655207, "operatingIncome": 103786000, "operatingIncomeRatio": 0.099155062, "totalOtherIncomeExpensesNet": 43302000, "incomeBeforeTax": 90588000, "incomeBeforeTaxRatio": 0.0865459576, "incomeTaxExpense": 25221000, "netIncome": 65367000, "netIncomeRatio": 0.0624503202, "eps": 0.57, "epsdiluted": 0.55, "weightedAverageShsOut": 92566000, "weightedAverageShsOutDil": 95996000, "link": "https://www.sec.gov/Archives/edgar/data/750004/000104746908002073/0001047469-08-002073-index.htm", "finalLink": "https://www.sec.gov/Archives/edgar/data/750004/000104746908002073/a2182897z10-k.htm", "calculatedOtherExpenses": 162416000, "calculatedOperatingExpenses": 331138000, "calculatedNetInterest": -13198000, "calculatedOtherIncome": 0, "calculatedIncomeNonControlling": 0, "calculatedEbitda": 264152000}, {"date": "2006-12-31", "symbol": "LNW", "reportedCurrency": "USD", "cik": "0000750004", "fillingDate": "2007-03-01", "acceptedDate": "2007-03-01 16:26:07", "calendarYear": "2006", "period": "FY", "revenue": 897230000, "costOfRevenue": 509947000, "grossProfit": 387283000, "grossProfitRatio": 0.4316429455, "researchAndDevelopmentExpenses": 0, "generalAndAdministrativeExpenses": 0, "sellingAndMarketingExpenses": 0, "sellingGeneralAndAdministrativeExpenses": 155727000, "otherExpenses": 106006000, "operatingExpenses": 261733000, "costAndExpenses": 771680000, "interestIncome": 0, "interestExpense": 33959000, "depreciationAndAmortization": 106006000, "ebitda": 230789000, "ebitdaratio": 0.2572239002, "operatingIncome": 124783000, "operatingIncomeRatio": 0.1390758223, "totalOtherIncomeExpensesNet": 8667000, "incomeBeforeTax": 90824000, "incomeBeforeTaxRatio": 0.1012271101, "incomeTaxExpense": 24063000, "netIncome": 66761000, "netIncomeRatio": 0.0744078999, "eps": 0.73, "epsdiluted": 0.7, "weightedAverageShsOut": 91066000, "weightedAverageShsOutDil": 94979000, "link": "https://www.sec.gov/Archives/edgar/data/750004/000110465907015550/0001104659-07-015550-index.htm", "finalLink": "https://www.sec.gov/Archives/edgar/data/750004/000110465907015550/a07-5319_110k.htm", "calculatedOtherExpenses": 106773000, "calculatedOperatingExpenses": 262500000, "calculatedNetInterest": -33959000, "calculatedOtherIncome": 0, "calculatedIncomeNonControlling": 0, "calculatedEbitda": 230789000}, {"date": "2005-12-31", "symbol": "LNW", "reportedCurrency": "USD", "cik": "0000750004", "fillingDate": "2006-03-17", "acceptedDate": "2006-03-17 06:05:35", "calendarYear": "2005", "period": "FY", "revenue": 781683000, "costOfRevenue": 452051000, "grossProfit": 329632000, "grossProfitRatio": 0.4216952396, "researchAndDevelopmentExpenses": 0, "generalAndAdministrativeExpenses": 0, "sellingAndMarketingExpenses": 0, "sellingGeneralAndAdministrativeExpenses": 131844000, "otherExpenses": 66794000, "operatingExpenses": 198638000, "costAndExpenses": 650689000, "interestIncome": 0, "interestExpense": 26168000, "depreciationAndAmortization": 66794000, "ebitda": 196566000, "ebitdaratio": 0.251465108, "operatingIncome": 129772000, "operatingIncomeRatio": 0.1660161472, "totalOtherIncomeExpensesNet": -842000, "incomeBeforeTax": 103604000, "incomeBeforeTaxRatio": 0.1325396612, "incomeTaxExpense": 28285000, "netIncome": 75319000, "netIncomeRatio": 0.0963549163, "eps": 0.84, "epsdiluted": 0.81, "weightedAverageShsOut": 89327000, "weightedAverageShsOutDil": 92484000, "link": "https://www.sec.gov/Archives/edgar/data/750004/000110465906017502/0001104659-06-017502-index.htm", "finalLink": "https://www.sec.gov/Archives/edgar/data/750004/000110465906017502/a06-4298_310k.htm", "calculatedOtherExpenses": 68016000, "calculatedOperatingExpenses": 199860000, "calculatedNetInterest": -26168000, "calculatedOtherIncome": 0, "calculatedIncomeNonControlling": 0, "calculatedEbitda": 196566000}, {"date": "2004-12-31", "symbol": "LNW", "reportedCurrency": "USD", "cik": "0000750004", "fillingDate": "2005-03-16", "acceptedDate": "2005-03-16 17:12:26", "calendarYear": "2004", "period": "FY", "revenue": 725495000, "costOfRevenue": 411220000, "grossProfit": 314275000, "grossProfitRatio": 0.4331869965, "researchAndDevelopmentExpenses": 0, "generalAndAdministrativeExpenses": 0, "sellingAndMarketingExpenses": 0, "sellingGeneralAndAdministrativeExpenses": 105274000, "otherExpenses": 55478000, "operatingExpenses": 160752000, "costAndExpenses": 571972000, "interestIncome": 0, "interestExpense": 75051000, "depreciationAndAmortization": 61277000, "ebitda": 230920000, "ebitdaratio": 0.3182930275, "operatingIncome": 169643000, "operatingIncomeRatio": 0.2338306949, "totalOtherIncomeExpensesNet": -22180000, "incomeBeforeTax": 94592000, "incomeBeforeTaxRatio": 0.1303827042, "incomeTaxExpense": 28850000, "netIncome": 65742000, "netIncomeRatio": 0.0906167513, "eps": 0.84, "epsdiluted": 0.72, "weightedAverageShsOut": 73014000, "weightedAverageShsOutDil": 90710000, "link": "https://www.sec.gov/Archives/edgar/data/750004/000104746905006815/0001047469-05-006815-index.htm", "finalLink": "https://www.sec.gov/Archives/edgar/data/750004/000104746905006815/a2153691z10-k.htm", "calculatedOtherExpenses": 39358000, "calculatedOperatingExpenses": 144632000, "calculatedNetInterest": -75051000, "calculatedOtherIncome": 0, "calculatedIncomeNonControlling": 0, "calculatedEbitda": 230920000}, {"date": "2003-12-31", "symbol": "LNW", "reportedCurrency": "USD", "cik": "0000750004", "fillingDate": "2004-03-15", "acceptedDate": "2004-03-15 15:12:02", "calendarYear": "2003", "period": "FY", "revenue": 560911000, "costOfRevenue": 323812000, "grossProfit": 237099000, "grossProfitRatio": 0.4227034235, "researchAndDevelopmentExpenses": 0, "generalAndAdministrativeExpenses": 0, "sellingAndMarketingExpenses": 0, "sellingGeneralAndAdministrativeExpenses": 80074000, "otherExpenses": 42373000, "operatingExpenses": 122447000, "costAndExpenses": 446259000, "interestIncome": 0, "interestExpense": 34663000, "depreciationAndAmortization": 47685000, "ebitda": 163814000, "ebitdaratio": 0.2920498974, "operatingIncome": 116129000, "operatingIncomeRatio": 0.2070364104, "totalOtherIncomeExpensesNet": -1477000, "incomeBeforeTax": 81466000, "incomeBeforeTaxRatio": 0.1452387277, "incomeTaxExpense": 29319000, "netIncome": 52147000, "netIncomeRatio": 0.0929684032, "eps": 0.74, "epsdiluted": 0.59, "weightedAverageShsOut": 60010000, "weightedAverageShsOutDil": 88143000, "link": "https://www.sec.gov/Archives/edgar/data/750004/000104746904007959/0001047469-04-007959-index.htm", "finalLink": "https://www.sec.gov/Archives/edgar/data/750004/000104746904007959/a2130850z10-k.htm", "calculatedOtherExpenses": 40896000, "calculatedOperatingExpenses": 120970000, "calculatedNetInterest": -34663000, "calculatedOtherIncome": 0, "calculatedIncomeNonControlling": 0, "calculatedEbitda": 163814000}, {"date": "2002-12-31", "symbol": "LNW", "reportedCurrency": "USD", "cik": "0000750004", "fillingDate": "2003-03-24", "acceptedDate": "2003-03-24 16:59:10", "calendarYear": "2002", "period": "FY", "revenue": 455253000, "costOfRevenue": 268450000, "grossProfit": 186803000, "grossProfitRatio": 0.4103278836, "researchAndDevelopmentExpenses": 0, "generalAndAdministrativeExpenses": 0, "sellingAndMarketingExpenses": 0, "sellingGeneralAndAdministrativeExpenses": 63132000, "otherExpenses": 37905000, "operatingExpenses": 101037000, "costAndExpenses": 369487000, "interestIncome": 0, "interestExpense": 64545000, "depreciationAndAmortization": 42835000, "ebitda": 129237000, "ebitdaratio": 0.2838795131, "operatingIncome": 86402000, "operatingIncomeRatio": 0.1897889745, "totalOtherIncomeExpensesNet": -636000, "incomeBeforeTax": 35358000, "incomeBeforeTaxRatio": 0.077666704, "incomeTaxExpense": -30193000, "netIncome": 52050000, "netIncomeRatio": 0.1143320308, "eps": 0.64, "epsdiluted": 0.5, "weightedAverageShsOut": 50221000, "weightedAverageShsOutDil": 80151000, "link": "https://www.sec.gov/Archives/edgar/data/750004/000104746903009902/0001047469-03-009902-index.htm", "finalLink": "https://www.sec.gov/Archives/edgar/data/750004/000104746903009902/a2105767z10-k.htm", "calculatedOtherExpenses": 37269000, "calculatedOperatingExpenses": 100401000, "calculatedNetInterest": -64545000, "calculatedOtherIncome": 13501000, "calculatedIncomeNonControlling": 13501000, "calculatedEbitda": 129237000}, {"date": "2001-12-31", "symbol": "LNW", "reportedCurrency": "USD", "cik": "0000750004", "fillingDate": "2002-03-21", "acceptedDate": "2002-03-21 00:00:00", "calendarYear": "2001", "period": "FY", "revenue": 440241000, "costOfRevenue": 278443000, "grossProfit": 161798000, "grossProfitRatio": 0.3675214258, "researchAndDevelopmentExpenses": 0, "generalAndAdministrativeExpenses": 0, "sellingAndMarketingExpenses": 0, "sellingGeneralAndAdministrativeExpenses": 56695000, "otherExpenses": 55209000, "operatingExpenses": 111904000, "costAndExpenses": 390347000, "interestIncome": 0, "interestExpense": 50437000, "depreciationAndAmortization": 55209000, "ebitda": 105140000, "ebitdaratio": 0.2388237352, "operatingIncome": 49931000, "operatingIncomeRatio": 0.1134174236, "totalOtherIncomeExpensesNet": -37000, "incomeBeforeTax": -506000, "incomeBeforeTaxRatio": -0.0011493705, "incomeTaxExpense": 78000, "netIncome": -584000, "netIncomeRatio": -0.0013265461, "eps": -0.0145, "epsdiluted": -0.0145, "weightedAverageShsOut": 40340000, "weightedAverageShsOutDil": 40340000, "link": "https://www.sec.gov/Archives/edgar/data/750004/000091205702010966/0000912057-02-010966-index.htm", "finalLink": "https://www.sec.gov/Archives/edgar/data/750004/000091205702010966/a2073859z10-k.htm", "calculatedOtherExpenses": 55172000, "calculatedOperatingExpenses": 111867000, "calculatedNetInterest": -50437000, "calculatedOtherIncome": 0, "calculatedIncomeNonControlling": 0, "calculatedEbitda": 105140000}, {"date": "2000-10-31", "symbol": "LNW", "reportedCurrency": "USD", "cik": "0000750004", "fillingDate": "2001-01-29", "acceptedDate": "2001-01-29 00:00:00", "calendarYear": "2000", "period": "FY", "revenue": 233348000, "costOfRevenue": 155900000, "grossProfit": 77448000, "grossProfitRatio": 0.3318991378, "researchAndDevelopmentExpenses": 0, "generalAndAdministrativeExpenses": 0, "sellingAndMarketingExpenses": 0, "sellingGeneralAndAdministrativeExpenses": 35664000, "otherExpenses": 27826000, "operatingExpenses": 63490000, "costAndExpenses": 219390000, "interestIncome": 0, "interestExpense": 17752000, "depreciationAndAmortization": 27826000, "ebitda": 41328000, "ebitdaratio": 0.1771088674, "operatingIncome": 13502000, "operatingIncomeRatio": 0.0578620772, "totalOtherIncomeExpensesNet": 456000, "incomeBeforeTax": -16817000, "incomeBeforeTaxRatio": -0.0720683271, "incomeTaxExpense": 1603000, "netIncome": -5853000, "netIncomeRatio": -0.0250827091, "eps": -0.16, "epsdiluted": -0.16, "weightedAverageShsOut": 36928000, "weightedAverageShsOutDil": 36928000, "link": "https://www.sec.gov/Archives/edgar/data/750004/000091205701003265/0000912057-01-003265-index.htm", "finalLink": "https://www.sec.gov/Archives/edgar/data/750004/000091205701003265/a2036456z10-k.txt", "calculatedOtherExpenses": 28282000, "calculatedOperatingExpenses": 63946000, "calculatedNetInterest": -17752000, "calculatedOtherIncome": -12567000, "calculatedIncomeNonControlling": -12567000, "calculatedEbitda": 41328000}, {"date": "1999-10-31", "symbol": "LNW", "reportedCurrency": "USD", "cik": "0000750004", "fillingDate": "2000-01-28", "acceptedDate": "2000-01-28 00:00:00", "calendarYear": "1999", "period": "FY", "revenue": 211100000, "costOfRevenue": 143400000, "grossProfit": 67700000, "grossProfitRatio": 0.3207010895, "researchAndDevelopmentExpenses": 0, "generalAndAdministrativeExpenses": 0, "sellingAndMarketingExpenses": 0, "sellingGeneralAndAdministrativeExpenses": 27200000, "otherExpenses": 22200000, "operatingExpenses": 49400000, "costAndExpenses": 192800000, "interestIncome": 0, "interestExpense": 19600000, "depreciationAndAmortization": 22200000, "ebitda": 42400000, "ebitdaratio": 0.2008526765, "operatingIncome": 20200000, "operatingIncomeRatio": 0.0956892468, "totalOtherIncomeExpensesNet": -1900000, "incomeBeforeTax": 600000, "incomeBeforeTaxRatio": 0.0028422549, "incomeTaxExpense": 200000, "netIncome": 400000, "netIncomeRatio": 0.0018948366, "eps": 0.01, "epsdiluted": 0.01, "weightedAverageShsOut": 36118000, "weightedAverageShsOutDil": 38343000, "link": "https://www.sec.gov/Archives/edgar/data/750004/000100547700000363/0001005477-00-000363-index.html", "finalLink": "https://www.sec.gov/Archives/edgar/data/750004/000100547700000363/", "calculatedOtherExpenses": 20300000, "calculatedOperatingExpenses": 47500000, "calculatedNetInterest": -19600000, "calculatedOtherIncome": 0, "calculatedIncomeNonControlling": 0, "calculatedEbitda": 42400000}, {"date": "1998-10-31", "symbol": "LNW", "reportedCurrency": "USD", "cik": "0000750004", "fillingDate": "1999-01-27", "acceptedDate": "1999-01-27 00:00:00", "calendarYear": "1998", "period": "FY", "revenue": 159300000, "costOfRevenue": 104700000, "grossProfit": 54600000, "grossProfitRatio": 0.3427495292, "researchAndDevelopmentExpenses": 0, "generalAndAdministrativeExpenses": 0, "sellingAndMarketingExpenses": 0, "sellingGeneralAndAdministrativeExpenses": 26200000, "otherExpenses": 29500000, "operatingExpenses": 55700000, "costAndExpenses": 160400000, "interestIncome": 0, "interestExpense": 13300000, "depreciationAndAmortization": 29500000, "ebitda": 27200000, "ebitdaratio": 0.1707470182, "operatingIncome": -2300000, "operatingIncomeRatio": -0.014438167, "totalOtherIncomeExpensesNet": 1200000, "incomeBeforeTax": -15600000, "incomeBeforeTaxRatio": -0.0979284369, "incomeTaxExpense": 300000, "netIncome": -15900000, "netIncomeRatio": -0.0998116761, "eps": -0.45, "epsdiluted": -0.45, "weightedAverageShsOut": 35696000, "weightedAverageShsOutDil": 35696000, "link": "https://www.sec.gov/Archives/edgar/data/750004/000089155499000086/0000891554-99-000086-index.html", "finalLink": "https://www.sec.gov/Archives/edgar/data/750004/", "calculatedOtherExpenses": 30700000, "calculatedOperatingExpenses": 56900000, "calculatedNetInterest": -13300000, "calculatedOtherIncome": 0, "calculatedIncomeNonControlling": 0, "calculatedEbitda": 27200000}, {"date": "1997-10-31", "symbol": "LNW", "reportedCurrency": "USD", "cik": "0000750004", "fillingDate": "1998-01-28", "acceptedDate": "1998-01-28 00:00:00", "calendarYear": "1997", "period": "FY", "revenue": 157300000, "costOfRevenue": 94900000, "grossProfit": 62400000, "grossProfitRatio": 0.3966942149, "researchAndDevelopmentExpenses": 0, "generalAndAdministrativeExpenses": 0, "sellingAndMarketingExpenses": 0, "sellingGeneralAndAdministrativeExpenses": 29500000, "otherExpenses": 36700000, "operatingExpenses": 66200000, "costAndExpenses": 161100000, "interestIncome": 0, "interestExpense": 11300000, "depreciationAndAmortization": 36700000, "ebitda": 31200000, "ebitdaratio": 0.1983471074, "operatingIncome": -5500000, "operatingIncomeRatio": -0.034965035, "totalOtherIncomeExpensesNet": 1700000, "incomeBeforeTax": -16400000, "incomeBeforeTaxRatio": -0.104259377, "incomeTaxExpense": 900000, "netIncome": -17700000, "netIncomeRatio": -0.1125238398, "eps": -0.51, "epsdiluted": -0.51, "weightedAverageShsOut": 34469000, "weightedAverageShsOutDil": 34469000, "link": "https://www.sec.gov/Archives/edgar/data/750004/000095010998000499/0000950109-98-000499-index.html", "finalLink": "https://www.sec.gov/Archives/edgar/data/750004/", "calculatedOtherExpenses": 38400000, "calculatedOperatingExpenses": 67900000, "calculatedNetInterest": -11300000, "calculatedOtherIncome": 400000, "calculatedIncomeNonControlling": 400000, "calculatedEbitda": 31200000}, {"date": "1996-10-31", "symbol": "LNW", "reportedCurrency": "USD", "cik": "0000750004", "fillingDate": "1997-01-30", "acceptedDate": "1997-01-30 00:00:00", "calendarYear": "1996", "period": "FY", "revenue": 176200000, "costOfRevenue": 111600000, "grossProfit": 64600000, "grossProfitRatio": 0.3666288309, "researchAndDevelopmentExpenses": 0, "generalAndAdministrativeExpenses": 0, "sellingAndMarketingExpenses": 0, "sellingGeneralAndAdministrativeExpenses": 32900000, "otherExpenses": 40900000, "operatingExpenses": 73800000, "costAndExpenses": 185400000, "interestIncome": 0, "interestExpense": 30500000, "depreciationAndAmortization": 40900000, "ebitda": 39600000, "ebitdaratio": 0.2247446084, "operatingIncome": -1300000, "operatingIncomeRatio": -0.0073779796, "totalOtherIncomeExpensesNet": -7900000, "incomeBeforeTax": -31800000, "incomeBeforeTaxRatio": -0.180476731, "incomeTaxExpense": 2400000, "netIncome": -34200000, "netIncomeRatio": -0.1940976163, "eps": -1.09, "epsdiluted": -1.09, "weightedAverageShsOut": 31305000, "weightedAverageShsOutDil": 31305000, "link": "https://www.sec.gov/Archives/edgar/data/750004/000095010997000602/0000950109-97-000602-index.html", "finalLink": "https://www.sec.gov/Archives/edgar/data/750004/", "calculatedOtherExpenses": 33000000, "calculatedOperatingExpenses": 65900000, "calculatedNetInterest": -30500000, "calculatedOtherIncome": 0, "calculatedIncomeNonControlling": 0, "calculatedEbitda": 39600000}, {"date": "1995-10-31", "symbol": "LNW", "reportedCurrency": "USD", "cik": "0000750004", "fillingDate": "1996-01-29", "acceptedDate": "1996-01-29 00:00:00", "calendarYear": "1995", "period": "FY", "revenue": 153200000, "costOfRevenue": 94200000, "grossProfit": 59000000, "grossProfitRatio": 0.3851174935, "researchAndDevelopmentExpenses": 0, "generalAndAdministrativeExpenses": 0, "sellingAndMarketingExpenses": 0, "sellingGeneralAndAdministrativeExpenses": 43200000, "otherExpenses": 35500000, "operatingExpenses": 78700000, "costAndExpenses": 172900000, "interestIncome": 0, "interestExpense": 38700000, "depreciationAndAmortization": 35500000, "ebitda": 27000000, "ebitdaratio": 0.1762402089, "operatingIncome": -8500000, "operatingIncomeRatio": -0.0554830287, "totalOtherIncomeExpensesNet": -11200000, "incomeBeforeTax": -47200000, "incomeBeforeTaxRatio": -0.3080939948, "incomeTaxExpense": 2700000, "netIncome": -49900000, "netIncomeRatio": -0.3257180157, "eps": -1.72, "epsdiluted": -1.72, "weightedAverageShsOut": 28965000, "weightedAverageShsOutDil": 28965000, "link": "https://www.sec.gov/Archives/edgar/data/750004/000095010996000435/0000950109-96-000435-index.html", "finalLink": "https://www.sec.gov/Archives/edgar/data/750004/", "calculatedOtherExpenses": 24300000, "calculatedOperatingExpenses": 67500000, "calculatedNetInterest": -38700000, "calculatedOtherIncome": 0, "calculatedIncomeNonControlling": 0, "calculatedEbitda": 27000000}, {"date": "1994-10-31", "symbol": "LNW", "reportedCurrency": "USD", "cik": "0000750004", "fillingDate": "1994-10-31", "acceptedDate": "1994-10-31 00:00:00", "calendarYear": "1994", "period": "FY", "revenue": 149100000, "costOfRevenue": 103700000, "grossProfit": 45400000, "grossProfitRatio": 0.3044936284, "researchAndDevelopmentExpenses": 0, "generalAndAdministrativeExpenses": 0, "sellingAndMarketingExpenses": 0, "sellingGeneralAndAdministrativeExpenses": 30000000, "otherExpenses": 25400000, "operatingExpenses": 55400000, "costAndExpenses": 159100000, "interestIncome": 0, "interestExpense": 16400000, "depreciationAndAmortization": 25400000, "ebitda": 18200000, "ebitdaratio": 0.1220657277, "operatingIncome": -7200000, "operatingIncomeRatio": -0.0482897384, "totalOtherIncomeExpensesNet": -2800000, "incomeBeforeTax": -19400000, "incomeBeforeTaxRatio": -0.1301140174, "incomeTaxExpense": -1500000, "netIncome": -22100000, "netIncomeRatio": -0.1482226693, "eps": -0.79, "epsdiluted": -0.79, "weightedAverageShsOut": 27974684, "weightedAverageShsOutDil": 27974684, "link": null, "finalLink": null, "calculatedOtherExpenses": 22600000, "calculatedOperatingExpenses": 52600000, "calculatedNetInterest": -16400000, "calculatedOtherIncome": 4200000, "calculatedIncomeNonControlling": 4200000, "calculatedEbitda": 18200000}, {"date": "1993-10-31", "symbol": "LNW", "reportedCurrency": "USD", "cik": "0000750004", "fillingDate": "1993-10-31", "acceptedDate": "1993-10-31 00:00:00", "calendarYear": "1993", "period": "FY", "revenue": 79500000, "costOfRevenue": 45600000, "grossProfit": 33900000, "grossProfitRatio": 0.4264150943, "researchAndDevelopmentExpenses": 0, "generalAndAdministrativeExpenses": 0, "sellingAndMarketingExpenses": 0, "sellingGeneralAndAdministrativeExpenses": 9700000, "otherExpenses": 11000000, "operatingExpenses": 20700000, "costAndExpenses": 66300000, "interestIncome": 0, "interestExpense": 2900000, "depreciationAndAmortization": 11000000, "ebitda": 23900000, "ebitdaratio": 0.3006289308, "operatingIncome": 12900000, "operatingIncomeRatio": 0.1622641509, "totalOtherIncomeExpensesNet": 300000, "incomeBeforeTax": 10000000, "incomeBeforeTaxRatio": 0.1257861635, "incomeTaxExpense": 1000000, "netIncome": 9000000, "netIncomeRatio": 0.1132075472, "eps": 0.33, "epsdiluted": 0.33, "weightedAverageShsOut": 27272727, "weightedAverageShsOutDil": 27272727, "link": null, "finalLink": null, "calculatedOtherExpenses": 11300000, "calculatedOperatingExpenses": 21000000, "calculatedNetInterest": -2900000, "calculatedOtherIncome": 0, "calculatedIncomeNonControlling": 0, "calculatedEbitda": 23900000}, {"date": "1992-10-31", "symbol": "LNW", "reportedCurrency": "USD", "cik": "0000750004", "fillingDate": "1992-10-31", "acceptedDate": "1992-10-31 00:00:00", "calendarYear": "1992", "period": "FY", "revenue": 42800000, "costOfRevenue": 22800000, "grossProfit": 20000000, "grossProfitRatio": 0.4672897196, "researchAndDevelopmentExpenses": 0, "generalAndAdministrativeExpenses": 0, "sellingAndMarketingExpenses": 0, "sellingGeneralAndAdministrativeExpenses": 4900000, "otherExpenses": 7000000, "operatingExpenses": 11900000, "costAndExpenses": 34700000, "interestIncome": 0, "interestExpense": -1300000, "depreciationAndAmortization": 7000000, "ebitda": 11600000, "ebitdaratio": 0.2710280374, "operatingIncome": 4600000, "operatingIncomeRatio": 0.1074766355, "totalOtherIncomeExpensesNet": 3500000, "incomeBeforeTax": 5900000, "incomeBeforeTaxRatio": 0.1378504673, "incomeTaxExpense": 800000, "netIncome": 5100000, "netIncomeRatio": 0.1191588785, "eps": 0.34, "epsdiluted": 0.33, "weightedAverageShsOut": 14411765, "weightedAverageShsOutDil": 14848485, "link": null, "finalLink": null, "calculatedOtherExpenses": 10500000, "calculatedOperatingExpenses": 15400000, "calculatedNetInterest": 1300000, "calculatedOtherIncome": 0, "calculatedIncomeNonControlling": 0, "calculatedEbitda": 11600000}, {"date": "1991-10-31", "symbol": "LNW", "reportedCurrency": "USD", "cik": "0000750004", "fillingDate": "1991-10-31", "acceptedDate": "1991-10-31 00:00:00", "calendarYear": "1991", "period": "FY", "revenue": 43500000, "costOfRevenue": 23400000, "grossProfit": 20100000, "grossProfitRatio": 0.4620689655, "researchAndDevelopmentExpenses": 0, "generalAndAdministrativeExpenses": 0, "sellingAndMarketingExpenses": 0, "sellingGeneralAndAdministrativeExpenses": 6200000, "otherExpenses": 10300000, "operatingExpenses": 16500000, "costAndExpenses": 39900000, "interestIncome": 0, "interestExpense": 176300000, "depreciationAndAmortization": 10300000, "ebitda": 97600000, "ebitdaratio": 2.2436781609, "operatingIncome": 87300000, "operatingIncomeRatio": 2.0068965517, "totalOtherIncomeExpensesNet": -83700000, "incomeBeforeTax": -89000000, "incomeBeforeTaxRatio": -2.0459770115, "incomeTaxExpense": -12200000, "netIncome": -76800000, "netIncomeRatio": -1.7655172414, "eps": -4.51, "epsdiluted": -4.51, "weightedAverageShsOut": 17035398, "weightedAverageShsOutDil": 17035398, "link": null, "finalLink": null, "calculatedOtherExpenses": -73400000, "calculatedOperatingExpenses": -67200000, "calculatedNetInterest": -176300000, "calculatedOtherIncome": 0, "calculatedIncomeNonControlling": 0, "calculatedEbitda": 97600000}, {"date": "1990-10-31", "symbol": "LNW", "reportedCurrency": "USD", "cik": "0000750004", "fillingDate": "1990-10-31", "acceptedDate": "1990-10-31 00:00:00", "calendarYear": "1990", "period": "FY", "revenue": 69200000, "costOfRevenue": 41700000, "grossProfit": 27500000, "grossProfitRatio": 0.3973988439, "researchAndDevelopmentExpenses": 0, "generalAndAdministrativeExpenses": 0, "sellingAndMarketingExpenses": 0, "sellingGeneralAndAdministrativeExpenses": 8300000, "otherExpenses": 13300000, "operatingExpenses": 21600000, "costAndExpenses": 63300000, "interestIncome": 0, "interestExpense": 9200000, "depreciationAndAmortization": 13300000, "ebitda": 19000000, "ebitdaratio": 0.274566474, "operatingIncome": 5700000, "operatingIncomeRatio": 0.0823699422, "totalOtherIncomeExpensesNet": 200000, "incomeBeforeTax": -3500000, "incomeBeforeTaxRatio": -0.0505780347, "incomeTaxExpense": -800000, "netIncome": -2700000, "netIncomeRatio": -0.039017341, "eps": -0.19, "epsdiluted": -0.19, "weightedAverageShsOut": 14500000, "weightedAverageShsOutDil": 14500000, "link": null, "finalLink": null, "calculatedOtherExpenses": 13500000, "calculatedOperatingExpenses": 21800000, "calculatedNetInterest": -9200000, "calculatedOtherIncome": 0, "calculatedIncomeNonControlling": 0, "calculatedEbitda": 19000000}, {"date": "1989-10-31", "symbol": "LNW", "reportedCurrency": "USD", "cik": "0000750004", "fillingDate": "1989-10-31", "acceptedDate": "1989-10-31 00:00:00", "calendarYear": "1989", "period": "FY", "revenue": 30800000, "costOfRevenue": 20800000, "grossProfit": 10000000, "grossProfitRatio": 0.3246753247, "researchAndDevelopmentExpenses": 0, "generalAndAdministrativeExpenses": 0, "sellingAndMarketingExpenses": 0, "sellingGeneralAndAdministrativeExpenses": 2600000, "otherExpenses": 4100000, "operatingExpenses": 6700000, "costAndExpenses": 27500000, "interestIncome": 0, "interestExpense": -100000, "depreciationAndAmortization": 4100000, "ebitda": 6900000, "ebitdaratio": 0.224025974, "operatingIncome": 2800000, "operatingIncomeRatio": 0.0909090909, "totalOtherIncomeExpensesNet": 500000, "incomeBeforeTax": 2900000, "incomeBeforeTaxRatio": 0.0941558442, "incomeTaxExpense": 1100000, "netIncome": 1800000, "netIncomeRatio": 0.0584415584, "eps": 0.19, "epsdiluted": 0.19, "weightedAverageShsOut": 9473684, "weightedAverageShsOutDil": 9473684, "link": null, "finalLink": null, "calculatedOtherExpenses": 4600000, "calculatedOperatingExpenses": 7200000, "calculatedNetInterest": 100000, "calculatedOtherIncome": 0, "calculatedIncomeNonControlling": 0, "calculatedEbitda": 6900000}, {"date": "1988-10-31", "symbol": "LNW", "reportedCurrency": "USD", "cik": "0000750004", "fillingDate": "1988-10-31", "acceptedDate": "1988-10-31 00:00:00", "calendarYear": "1988", "period": "FY", "revenue": 22000000, "costOfRevenue": 13300000, "grossProfit": 8700000, "grossProfitRatio": 0.3954545455, "researchAndDevelopmentExpenses": 0, "generalAndAdministrativeExpenses": 0, "sellingAndMarketingExpenses": 0, "sellingGeneralAndAdministrativeExpenses": 2300000, "otherExpenses": 3100000, "operatingExpenses": 5400000, "costAndExpenses": 18700000, "interestIncome": 0, "interestExpense": 200000, "depreciationAndAmortization": 3100000, "ebitda": 5800000, "ebitdaratio": 0.2636363636, "operatingIncome": 2700000, "operatingIncomeRatio": 0.1227272727, "totalOtherIncomeExpensesNet": 600000, "incomeBeforeTax": 2500000, "incomeBeforeTaxRatio": 0.1136363636, "incomeTaxExpense": 900000, "netIncome": 1600000, "netIncomeRatio": 0.0727272727, "eps": 0.21, "epsdiluted": 0.21, "weightedAverageShsOut": 7619048, "weightedAverageShsOutDil": 7619048, "link": null, "finalLink": null, "calculatedOtherExpenses": 3700000, "calculatedOperatingExpenses": 6000000, "calculatedNetInterest": -200000, "calculatedOtherIncome": 0, "calculatedIncomeNonControlling": 0, "calculatedEbitda": 5800000}, {"date": "1987-10-31", "symbol": "LNW", "reportedCurrency": "USD", "cik": "0000750004", "fillingDate": "1987-10-31", "acceptedDate": "1987-10-31 00:00:00", "calendarYear": "1987", "period": "FY", "revenue": 18100000, "costOfRevenue": 10600000, "grossProfit": 7500000, "grossProfitRatio": 0.4143646409, "researchAndDevelopmentExpenses": 0, "generalAndAdministrativeExpenses": 0, "sellingAndMarketingExpenses": 0, "sellingGeneralAndAdministrativeExpenses": 2100000, "otherExpenses": 2500000, "operatingExpenses": 4600000, "costAndExpenses": 15200000, "interestIncome": 0, "interestExpense": 200000, "depreciationAndAmortization": 2500000, "ebitda": 4900000, "ebitdaratio": 0.270718232, "operatingIncome": 2400000, "operatingIncomeRatio": 0.1325966851, "totalOtherIncomeExpensesNet": 500000, "incomeBeforeTax": 2200000, "incomeBeforeTaxRatio": 0.1215469613, "incomeTaxExpense": 900000, "netIncome": 1300000, "netIncomeRatio": 0.0718232044, "eps": 0.19, "epsdiluted": 0.19, "weightedAverageShsOut": 6842105, "weightedAverageShsOutDil": 6842105, "link": null, "finalLink": null, "calculatedOtherExpenses": 3000000, "calculatedOperatingExpenses": 5100000, "calculatedNetInterest": -200000, "calculatedOtherIncome": 0, "calculatedIncomeNonControlling": 0, "calculatedEbitda": 4900000}, {"date": "1986-10-31", "symbol": "LNW", "reportedCurrency": "USD", "cik": "0000750004", "fillingDate": "1986-10-31", "acceptedDate": "1986-10-31 00:00:00", "calendarYear": "1986", "period": "FY", "revenue": 9600000, "costOfRevenue": 4100000, "grossProfit": 5500000, "grossProfitRatio": 0.5729166667, "researchAndDevelopmentExpenses": 0, "generalAndAdministrativeExpenses": 0, "sellingAndMarketingExpenses": 0, "sellingGeneralAndAdministrativeExpenses": 1400000, "otherExpenses": 1700000, "operatingExpenses": 3100000, "costAndExpenses": 7200000, "interestIncome": 0, "interestExpense": 200000, "depreciationAndAmortization": 1700000, "ebitda": 3600000, "ebitdaratio": 0.375, "operatingIncome": 1900000, "operatingIncomeRatio": 0.1979166667, "totalOtherIncomeExpensesNet": 500000, "incomeBeforeTax": 1700000, "incomeBeforeTaxRatio": 0.1770833333, "incomeTaxExpense": 600000, "netIncome": 1100000, "netIncomeRatio": 0.1145833333, "eps": 0.15, "epsdiluted": 0.15, "weightedAverageShsOut": 7333333, "weightedAverageShsOutDil": 7333333, "link": null, "finalLink": null, "calculatedOtherExpenses": 2200000, "calculatedOperatingExpenses": 3600000, "calculatedNetInterest": -200000, "calculatedOtherIncome": 0, "calculatedIncomeNonControlling": 0, "calculatedEbitda": 3600000}, {"date": "1985-10-31", "symbol": "LNW", "reportedCurrency": "USD", "cik": "0000750004", "fillingDate": "1985-10-31", "acceptedDate": "1985-10-31 00:00:00", "calendarYear": "1985", "period": "FY", "revenue": 8000000, "costOfRevenue": 4300000, "grossProfit": 3700000, "grossProfitRatio": 0.4625, "researchAndDevelopmentExpenses": 0, "generalAndAdministrativeExpenses": 0, "sellingAndMarketingExpenses": 0, "sellingGeneralAndAdministrativeExpenses": 900000, "otherExpenses": 1200000, "operatingExpenses": 2100000, "costAndExpenses": 6400000, "interestIncome": 0, "interestExpense": -800000, "depreciationAndAmortization": 1200000, "ebitda": 2200000, "ebitdaratio": 0.275, "operatingIncome": 1000000, "operatingIncomeRatio": 0.125, "totalOtherIncomeExpensesNet": 600000, "incomeBeforeTax": 1800000, "incomeBeforeTaxRatio": 0.225, "incomeTaxExpense": 700000, "netIncome": 1100000, "netIncomeRatio": 0.1375, "eps": 0.15, "epsdiluted": 0.15, "weightedAverageShsOut": 7333333, "weightedAverageShsOutDil": 7333333, "link": null, "finalLink": null, "calculatedOtherExpenses": 1800000, "calculatedOperatingExpenses": 2700000, "calculatedNetInterest": 800000, "calculatedOtherIncome": 0, "calculatedIncomeNonControlling": 0, "calculatedEbitda": 2200000}]}