{"originalCurrency": "USD", "convertedCurrency": "USD", "report": [{"date": "2024-03-31", "symbol": "LOGI", "reportedCurrency": "USD", "cik": "0001032975", "fillingDate": "2024-05-16", "acceptedDate": "2024-05-16 16:42:24", "calendarYear": "2024", "period": "FY", "revenue": 4221792635, "costOfRevenue": 2486226238, "grossProfit": 1735566397, "grossProfitRatio": 0.4110970261, "researchAndDevelopmentExpenses": 282119272, "generalAndAdministrativeExpenses": 155056000, "sellingAndMarketingExpenses": 730310000, "sellingGeneralAndAdministrativeExpenses": 869573189, "otherExpenses": 18076000, "operatingExpenses": 1151692461, "costAndExpenses": 3637918700, "interestIncome": 50636000, "interestExpense": 0, "depreciationAndAmortization": 83510321, "ebitda": 667384252, "ebitdaratio": 0.1580807751, "operatingIncome": 583873930, "operatingIncomeRatio": 0.138300002, "totalOtherIncomeExpensesNet": 26634283, "incomeBeforeTax": 610508214, "incomeBeforeTaxRatio": 0.1446087638, "incomeTaxExpense": 9284381, "netIncome": 601223833, "netIncomeRatio": 0.1424096077, "eps": 3.83, "epsdiluted": 3.8, "weightedAverageShsOut": 156776000, "weightedAverageShsOutDil": 158171000, "link": "https://www.sec.gov/Archives/edgar/data/1032975/000103297524000023/0001032975-24-000023-index.htm", "finalLink": "https://www.sec.gov/Archives/edgar/data/1032975/000103297524000023/logi-20240331.htm", "calculatedOtherExpenses": 6, "calculatedOperatingExpenses": 1151692467, "calculatedNetInterest": 50636000, "calculatedOtherIncome": -24001716, "calculatedIncomeNonControlling": 0, "calculatedEbitda": 667384251}, {"date": "2023-03-31", "symbol": "LOGI", "reportedCurrency": "USD", "cik": "0001032975", "fillingDate": "2023-05-17", "acceptedDate": "2023-05-17 16:13:20", "calendarYear": "2023", "period": "FY", "revenue": 4538818000, "costOfRevenue": 2819303000, "grossProfit": 1719515000, "grossProfitRatio": 0.3788464309, "researchAndDevelopmentExpenses": 280796000, "generalAndAdministrativeExpenses": 124652000, "sellingAndMarketingExpenses": 809182000, "sellingGeneralAndAdministrativeExpenses": 933834000, "otherExpenses": 11843000, "operatingExpenses": 1226473000, "costAndExpenses": 4045776000, "interestIncome": 18331000, "interestExpense": -5053000, "depreciationAndAmortization": 169862000, "ebitda": 628331000, "ebitdaratio": 0.1384349406, "operatingIncome": 458469000, "operatingIncomeRatio": 0.1010106596, "totalOtherIncomeExpensesNet": 5053000, "incomeBeforeTax": 463522000, "incomeBeforeTaxRatio": 0.102123945, "incomeTaxExpense": 98947000, "netIncome": 364575000, "netIncomeRatio": 0.0803237759, "eps": 2.34, "epsdiluted": 2.32, "weightedAverageShsOut": 162302000, "weightedAverageShsOutDil": 163704000, "link": "https://www.sec.gov/Archives/edgar/data/1032975/000103297523000021/0001032975-23-000021-index.htm", "finalLink": "https://www.sec.gov/Archives/edgar/data/1032975/000103297523000021/logi-20230331.htm", "calculatedOtherExpenses": 46416000, "calculatedOperatingExpenses": 1261046000, "calculatedNetInterest": 23384000, "calculatedOtherIncome": -18331000, "calculatedIncomeNonControlling": 0, "calculatedEbitda": 628331000}, {"date": "2022-03-31", "symbol": "LOGI", "reportedCurrency": "USD", "cik": "0001032975", "fillingDate": "2022-05-18", "acceptedDate": "2022-05-18 16:33:18", "calendarYear": "2022", "period": "FY", "revenue": 5481101000, "costOfRevenue": 3218095000, "grossProfit": 2263006000, "grossProfitRatio": 0.4128743477, "researchAndDevelopmentExpenses": 291844000, "generalAndAdministrativeExpenses": 148648000, "sellingAndMarketingExpenses": 1025899000, "sellingGeneralAndAdministrativeExpenses": 1174547000, "otherExpenses": 16947000, "operatingExpenses": 1483338000, "costAndExpenses": 4701433000, "interestIncome": 1246000, "interestExpense": 1246000, "depreciationAndAmortization": 129852000, "ebitda": 903864000, "ebitdaratio": 0.1649055546, "operatingIncome": 774012000, "operatingIncomeRatio": 0.1412146939, "totalOtherIncomeExpensesNet": 1806000, "incomeBeforeTax": 775818000, "incomeBeforeTaxRatio": 0.1415441898, "incomeTaxExpense": 131305000, "netIncome": 644513000, "netIncomeRatio": 0.1175882364, "eps": 3.83, "epsdiluted": 3.76, "weightedAverageShsOut": 167447000, "weightedAverageShsOutDil": 170414000, "link": "https://www.sec.gov/Archives/edgar/data/1032975/000103297522000012/0001032975-22-000012-index.htm", "finalLink": "https://www.sec.gov/Archives/edgar/data/1032975/000103297522000012/logi-20220331.htm", "calculatedOtherExpenses": 22603000, "calculatedOperatingExpenses": 1488994000, "calculatedNetInterest": 0, "calculatedOtherIncome": 1806000, "calculatedIncomeNonControlling": 0, "calculatedEbitda": 903864000}, {"date": "2021-03-31", "symbol": "LOGI", "reportedCurrency": "USD", "cik": "0001032975", "fillingDate": "2021-05-12", "acceptedDate": "2021-05-12 16:35:34", "calendarYear": "2021", "period": "FY", "revenue": 5252279000, "costOfRevenue": 2916544000, "grossProfit": 2335735000, "grossProfitRatio": 0.4447088588, "researchAndDevelopmentExpenses": 226023000, "generalAndAdministrativeExpenses": 166577000, "sellingAndMarketingExpenses": 770284000, "sellingGeneralAndAdministrativeExpenses": 936861000, "otherExpenses": 19064000, "operatingExpenses": 1181948000, "costAndExpenses": 4098492000, "interestIncome": 1784000, "interestExpense": 0, "depreciationAndAmortization": 93894000, "ebitda": 1242019000, "ebitdaratio": 0.2364723961, "operatingIncome": 1148125000, "operatingIncomeRatio": 0.2185955849, "totalOtherIncomeExpensesNet": -5000, "incomeBeforeTax": 1148120000, "incomeBeforeTaxRatio": 0.2185946329, "incomeTaxExpense": 200863000, "netIncome": 947257000, "netIncomeRatio": 0.180351615, "eps": 5.51, "epsdiluted": 5.41, "weightedAverageShsOut": 168523000, "weightedAverageShsOutDil": 171775000, "link": "https://www.sec.gov/Archives/edgar/data/1032975/000103297521000017/0001032975-21-000017-index.htm", "finalLink": "https://www.sec.gov/Archives/edgar/data/1032975/000103297521000017/logi-20210331.htm", "calculatedOtherExpenses": 24726000, "calculatedOperatingExpenses": 1187610000, "calculatedNetInterest": 1784000, "calculatedOtherIncome": -1789000, "calculatedIncomeNonControlling": 0, "calculatedEbitda": 1242019000}, {"date": "2020-03-31", "symbol": "LOGI", "reportedCurrency": "USD", "cik": "0001032975", "fillingDate": "2020-05-27", "acceptedDate": "2020-05-27 17:21:16", "calendarYear": "2020", "period": "FY", "revenue": 2975851000, "costOfRevenue": 1853470000, "grossProfit": 1122381000, "grossProfitRatio": 0.3771630367, "researchAndDevelopmentExpenses": 177593000, "generalAndAdministrativeExpenses": 94015000, "sellingAndMarketingExpenses": 533324000, "sellingGeneralAndAdministrativeExpenses": 627339000, "otherExpenses": 17563000, "operatingExpenses": 822495000, "costAndExpenses": 2675965000, "interestIncome": 9619000, "interestExpense": 0, "depreciationAndAmortization": 120533000, "ebitda": 397028000, "ebitdaratio": 0.133416626, "operatingIncome": 276495000, "operatingIncomeRatio": 0.092912918, "totalOtherIncomeExpensesNet": 47831000, "incomeBeforeTax": 324326000, "incomeBeforeTaxRatio": 0.1089859674, "incomeTaxExpense": -125397000, "netIncome": 449723000, "netIncomeRatio": 0.1511241658, "eps": 2.75, "epsdiluted": 2.71, "weightedAverageShsOut": 166837000, "weightedAverageShsOutDil": 169381000, "link": "https://www.sec.gov/Archives/edgar/data/1032975/000103297520000015/0001032975-20-000015-index.htm", "finalLink": "https://www.sec.gov/Archives/edgar/data/1032975/000103297520000015/logitech10-k2020.htm", "calculatedOtherExpenses": 40954000, "calculatedOperatingExpenses": 845886000, "calculatedNetInterest": 9619000, "calculatedOtherIncome": 38212000, "calculatedIncomeNonControlling": 0, "calculatedEbitda": 397028000}, {"date": "2019-03-31", "symbol": "LOGI", "reportedCurrency": "USD", "cik": "0001032975", "fillingDate": "2019-05-17", "acceptedDate": "2019-05-17 17:00:48", "calendarYear": "2019", "period": "FY", "revenue": 2788322000, "costOfRevenue": 1751311000, "grossProfit": 1037011000, "grossProfitRatio": 0.371912211, "researchAndDevelopmentExpenses": 161230000, "generalAndAdministrativeExpenses": 98732000, "sellingAndMarketingExpenses": 488263000, "sellingGeneralAndAdministrativeExpenses": 586995000, "otherExpenses": -436000, "operatingExpenses": 762515000, "costAndExpenses": 2513826000, "interestIncome": 8375000, "interestExpense": 8375000, "depreciationAndAmortization": 67651000, "ebitda": 353449000, "ebitdaratio": 0.1267604674, "operatingIncome": 263194000, "operatingIncomeRatio": 0.0943915373, "totalOtherIncomeExpensesNet": -11738000, "incomeBeforeTax": 271133000, "incomeBeforeTaxRatio": 0.0972387694, "incomeTaxExpense": 13560000, "netIncome": 257573000, "netIncomeRatio": 0.0923756295, "eps": 1.56, "epsdiluted": 1.52, "weightedAverageShsOut": 165609000, "weightedAverageShsOutDil": 168965000, "link": "https://www.sec.gov/Archives/edgar/data/1032975/000103297519000027/0001032975-19-000027-index.htm", "finalLink": "https://www.sec.gov/Archives/edgar/data/1032975/000103297519000027/logitech10-k2019.htm", "calculatedOtherExpenses": 25592000, "calculatedOperatingExpenses": 773817000, "calculatedNetInterest": 0, "calculatedOtherIncome": 7939000, "calculatedIncomeNonControlling": 0, "calculatedEbitda": 330845000}, {"date": "2018-03-31", "symbol": "LOGI", "reportedCurrency": "USD", "cik": "0001032975", "fillingDate": "2018-05-21", "acceptedDate": "2018-05-21 17:27:03", "calendarYear": "2018", "period": "FY", "revenue": 2566863000, "costOfRevenue": 1657622000, "grossProfit": 909241000, "grossProfitRatio": 0.3542226445, "researchAndDevelopmentExpenses": 143760000, "generalAndAdministrativeExpenses": 96353000, "sellingAndMarketingExpenses": 435489000, "sellingGeneralAndAdministrativeExpenses": 531842000, "otherExpenses": -2437000, "operatingExpenses": 684532000, "costAndExpenses": 2342154000, "interestIncome": 4969000, "interestExpense": 4969000, "depreciationAndAmortization": 56902000, "ebitda": 276587000, "ebitdaratio": 0.1077529264, "operatingIncome": 229733000, "operatingIncomeRatio": 0.0894995175, "totalOtherIncomeExpensesNet": 2587000, "incomeBeforeTax": 232265000, "incomeBeforeTaxRatio": 0.0904859356, "incomeTaxExpense": 23723000, "netIncome": 208542000, "netIncomeRatio": 0.0812439152, "eps": 1.27, "epsdiluted": 1.23, "weightedAverageShsOut": 164038000, "weightedAverageShsOutDil": 168971000, "link": "https://www.sec.gov/Archives/edgar/data/1032975/000103297518000016/0001032975-18-000016-index.htm", "finalLink": "https://www.sec.gov/Archives/edgar/data/1032975/000103297518000016/logitech10-k2018.htm", "calculatedOtherExpenses": 3906000, "calculatedOperatingExpenses": 679508000, "calculatedNetInterest": 0, "calculatedOtherIncome": 2532000, "calculatedIncomeNonControlling": 0, "calculatedEbitda": 286635000}, {"date": "2017-03-31", "symbol": "LOGI", "reportedCurrency": "USD", "cik": "0001032975", "fillingDate": "2017-05-26", "acceptedDate": "2017-05-26 16:07:15", "calendarYear": "2017", "period": "FY", "revenue": 2207040000, "costOfRevenue": 1401386000, "grossProfit": 805654000, "grossProfitRatio": 0.3650382413, "researchAndDevelopmentExpenses": 130525000, "generalAndAdministrativeExpenses": 100270000, "sellingAndMarketingExpenses": 379641000, "sellingGeneralAndAdministrativeExpenses": 479911000, "otherExpenses": 1677000, "operatingExpenses": 616250000, "costAndExpenses": 2017636000, "interestIncome": 0, "interestExpense": 1452000, "depreciationAndAmortization": 50488000, "ebitda": 231823000, "ebitdaratio": 0.1050379694, "operatingIncome": 197473000, "operatingIncomeRatio": 0.0894741373, "totalOtherIncomeExpensesNet": 9746000, "incomeBeforeTax": 200602000, "incomeBeforeTaxRatio": 0.0908918733, "incomeTaxExpense": 9113000, "netIncome": 191489000, "netIncomeRatio": 0.0867628135, "eps": 1.18, "epsdiluted": 1.16, "weightedAverageShsOut": 162058000, "weightedAverageShsOutDil": 165540000, "link": "https://www.sec.gov/Archives/edgar/data/1032975/000103297517000016/0001032975-17-000016-index.htm", "finalLink": "https://www.sec.gov/Archives/edgar/data/1032975/000103297517000016/logitech10-k2017.htm", "calculatedOtherExpenses": -2255000, "calculatedOperatingExpenses": 608181000, "calculatedNetInterest": -1452000, "calculatedOtherIncome": 4581000, "calculatedIncomeNonControlling": 0, "calculatedEbitda": 247961000}, {"date": "2016-03-31", "symbol": "LOGI", "reportedCurrency": "USD", "cik": "0001032975", "fillingDate": "2016-05-23", "acceptedDate": "2016-05-23 16:29:23", "calendarYear": "2016", "period": "FY", "revenue": 2018100000, "costOfRevenue": 1337053000, "grossProfit": 681047000, "grossProfitRatio": 0.3374694019, "researchAndDevelopmentExpenses": 113624000, "generalAndAdministrativeExpenses": 101548000, "sellingAndMarketingExpenses": 319015000, "sellingGeneralAndAdministrativeExpenses": 420563000, "otherExpenses": 1624000, "operatingExpenses": 534187000, "costAndExpenses": 1871240000, "interestIncome": 790000, "interestExpense": 790000, "depreciationAndAmortization": 52993000, "ebitda": 217655000, "ebitdaratio": 0.1078514444, "operatingIncome": 129058000, "operatingIncomeRatio": 0.0639502502, "totalOtherIncomeExpensesNet": -16178000, "incomeBeforeTax": 131472000, "incomeBeforeTaxRatio": 0.0651464249, "incomeTaxExpense": 3110000, "netIncome": 119317000, "netIncomeRatio": 0.0591234329, "eps": 0.73, "epsdiluted": 0.72, "weightedAverageShsOut": 163296000, "weightedAverageShsOutDil": 165792000, "link": "https://www.sec.gov/Archives/edgar/data/1032975/000103297516000083/0001032975-16-000083-index.htm", "finalLink": "https://www.sec.gov/Archives/edgar/data/1032975/000103297516000083/logitech10-k2016.htm", "calculatedOtherExpenses": 17802000, "calculatedOperatingExpenses": 551989000, "calculatedNetInterest": 0, "calculatedOtherIncome": 2414000, "calculatedIncomeNonControlling": 9045000, "calculatedEbitda": 182051000}, {"date": "2015-03-31", "symbol": "LOGI", "reportedCurrency": "USD", "cik": "0001032975", "fillingDate": "2015-06-05", "acceptedDate": "2015-06-05 17:01:39", "calendarYear": "2015", "period": "FY", "revenue": 2113947000, "costOfRevenue": 1339750000, "grossProfit": 774197000, "grossProfitRatio": 0.3662329283, "researchAndDevelopmentExpenses": 131012000, "generalAndAdministrativeExpenses": 128196000, "sellingAndMarketingExpenses": 378593000, "sellingGeneralAndAdministrativeExpenses": 506789000, "otherExpenses": -2752000, "operatingExpenses": 637801000, "costAndExpenses": 1977551000, "interestIncome": 1225000, "interestExpense": 1225000, "depreciationAndAmortization": 49665000, "ebitda": 181173000, "ebitdaratio": 0.0857036624, "operatingIncome": 141284000, "operatingIncomeRatio": 0.0668342205, "totalOtherIncomeExpensesNet": 2136000, "incomeBeforeTax": 139757000, "incomeBeforeTaxRatio": 0.0661118751, "incomeTaxExpense": 4490000, "netIncome": 135267000, "netIncomeRatio": 0.0639878862, "eps": 0.83, "epsdiluted": 0.81, "weightedAverageShsOut": 163536000, "weightedAverageShsOutDil": 166174000, "link": "https://www.sec.gov/Archives/edgar/data/1032975/000103297515000023/0001032975-15-000023-index.htm", "finalLink": "https://www.sec.gov/Archives/edgar/data/1032975/000103297515000023/logitech10-k2015.htm", "calculatedOtherExpenses": -4888000, "calculatedOperatingExpenses": 632913000, "calculatedNetInterest": 0, "calculatedOtherIncome": -1527000, "calculatedIncomeNonControlling": 0, "calculatedEbitda": 190949000}, {"date": "2014-03-31", "symbol": "LOGI", "reportedCurrency": "USD", "cik": "0001032975", "fillingDate": "2014-11-13", "acceptedDate": "2014-11-13 16:44:10", "calendarYear": "2014", "period": "FY", "revenue": 2123045000, "costOfRevenue": 1392954000, "grossProfit": 730091000, "grossProfitRatio": 0.3438886128, "researchAndDevelopmentExpenses": 138820000, "generalAndAdministrativeExpenses": 119988000, "sellingAndMarketingExpenses": 380050000, "sellingGeneralAndAdministrativeExpenses": 500038000, "otherExpenses": 1986000, "operatingExpenses": 638858000, "costAndExpenses": 2031812000, "interestIncome": 1831000, "interestExpense": 2228000, "depreciationAndAmortization": 61505000, "ebitda": 166744000, "ebitdaratio": 0.0785400215, "operatingIncome": 77227000, "operatingIncomeRatio": 0.0363755832, "totalOtherIncomeExpensesNet": -12020000, "incomeBeforeTax": 78816000, "incomeBeforeTaxRatio": 0.0371240365, "incomeTaxExpense": 3288000, "netIncome": 75528000, "netIncomeRatio": 0.0355753175, "eps": 0.47, "epsdiluted": 0.46, "weightedAverageShsOut": 160619000, "weightedAverageShsOutDil": 162526000, "link": "https://www.sec.gov/Archives/edgar/data/1032975/000104746914009167/0001047469-14-009167-index.htm", "finalLink": "https://www.sec.gov/Archives/edgar/data/1032975/000104746914009167/a2221898z10-k.htm", "calculatedOtherExpenses": 14006000, "calculatedOperatingExpenses": 652864000, "calculatedNetInterest": -397000, "calculatedOtherIncome": 1986000, "calculatedIncomeNonControlling": 0, "calculatedEbitda": 138732000}, {"date": "2013-03-31", "symbol": "LOGI", "reportedCurrency": "USD", "cik": "0001032975", "fillingDate": "2013-05-30", "acceptedDate": "2013-05-30 17:15:26", "calendarYear": "2013", "period": "FY", "revenue": 2099883000, "costOfRevenue": 1392581000, "grossProfit": 707302000, "grossProfitRatio": 0.3368292424, "researchAndDevelopmentExpenses": 153922000, "generalAndAdministrativeExpenses": 113824000, "sellingAndMarketingExpenses": 431598000, "sellingGeneralAndAdministrativeExpenses": 545422000, "otherExpenses": -2198000, "operatingExpenses": 699344000, "costAndExpenses": 2091925000, "interestIncome": 2215000, "interestExpense": 1308000, "depreciationAndAmortization": 67492000, "ebitda": 335842000, "ebitdaratio": 0.1599336725, "operatingIncome": -252434000, "operatingIncomeRatio": -0.1202133643, "totalOtherIncomeExpensesNet": -262590000, "incomeBeforeTax": -253725000, "incomeBeforeTaxRatio": -0.1208281604, "incomeTaxExpense": -25588000, "netIncome": -228137000, "netIncomeRatio": -0.1086427196, "eps": -1.44, "epsdiluted": -1.44, "weightedAverageShsOut": 157998611, "weightedAverageShsOutDil": 158468000, "link": "https://www.sec.gov/Archives/edgar/data/1032975/000104746913006614/0001047469-13-006614-index.htm", "finalLink": "https://www.sec.gov/Archives/edgar/data/1032975/000104746913006614/a2215431z10-k.htm", "calculatedOtherExpenses": 260392000, "calculatedOperatingExpenses": 959736000, "calculatedNetInterest": 907000, "calculatedOtherIncome": -2198000, "calculatedIncomeNonControlling": 0, "calculatedEbitda": -184942000}, {"date": "2012-03-31", "symbol": "LOGI", "reportedCurrency": "USD", "cik": "0001032975", "fillingDate": "2012-05-30", "acceptedDate": "2012-05-30 17:08:27", "calendarYear": "2012", "period": "FY", "revenue": 2316203000, "costOfRevenue": 1539614000, "grossProfit": 776589000, "grossProfitRatio": 0.3352853787, "researchAndDevelopmentExpenses": 162331000, "generalAndAdministrativeExpenses": 118423000, "sellingAndMarketingExpenses": 423854000, "sellingGeneralAndAdministrativeExpenses": 542277000, "otherExpenses": 0, "operatingExpenses": 704608000, "costAndExpenses": 2244222000, "interestIncome": 3121000, "interestExpense": 447000, "depreciationAndAmortization": 72502000, "ebitda": 127861000, "ebitdaratio": 0.0552028471, "operatingIncome": 71981000, "operatingIncomeRatio": 0.0310771552, "totalOtherIncomeExpensesNet": 16622000, "incomeBeforeTax": 91277000, "incomeBeforeTaxRatio": 0.0394080312, "incomeTaxExpense": 19819000, "netIncome": 71458000, "netIncomeRatio": 0.0308513546, "eps": 0.41, "epsdiluted": 0.41, "weightedAverageShsOut": 174648000, "weightedAverageShsOutDil": 175591000, "link": "https://www.sec.gov/Archives/edgar/data/1032975/000104746912006385/0001047469-12-006385-index.htm", "finalLink": "https://www.sec.gov/Archives/edgar/data/1032975/000104746912006385/a2209777z10-k.htm", "calculatedOtherExpenses": 0, "calculatedOperatingExpenses": 704608000, "calculatedNetInterest": 2674000, "calculatedOtherIncome": 16622000, "calculatedIncomeNonControlling": 0, "calculatedEbitda": 144483000}, {"date": "2011-03-31", "symbol": "LOGI", "reportedCurrency": "USD", "cik": "0001032975", "fillingDate": "2011-05-27", "acceptedDate": "2011-05-27 17:06:42", "calendarYear": "2011", "period": "FY", "revenue": 2362886000, "costOfRevenue": 1526380000, "grossProfit": 836506000, "grossProfitRatio": 0.354018772, "researchAndDevelopmentExpenses": 156390000, "generalAndAdministrativeExpenses": 116880000, "sellingAndMarketingExpenses": 420580000, "sellingGeneralAndAdministrativeExpenses": 537460000, "otherExpenses": 0, "operatingExpenses": 693850000, "costAndExpenses": 2220230000, "interestIncome": 2343000, "interestExpense": 27000, "depreciationAndAmortization": 74586000, "ebitda": 213766000, "ebitdaratio": 0.0904681817, "operatingIncome": 142656000, "operatingIncomeRatio": 0.0603736278, "totalOtherIncomeExpensesNet": 3476000, "incomeBeforeTax": 148448000, "incomeBeforeTaxRatio": 0.0628248676, "incomeTaxExpense": 19988000, "netIncome": 128460000, "netIncomeRatio": 0.0543657206, "eps": 0.73, "epsdiluted": 0.72, "weightedAverageShsOut": 176928000, "weightedAverageShsOutDil": 178790000, "link": "https://www.sec.gov/Archives/edgar/data/1032975/000119312511153485/0001193125-11-153485-index.htm", "finalLink": "https://www.sec.gov/Archives/edgar/data/1032975/000119312511153485/d10k.htm", "calculatedOtherExpenses": 0, "calculatedOperatingExpenses": 693850000, "calculatedNetInterest": 2316000, "calculatedOtherIncome": 3476000, "calculatedIncomeNonControlling": 0, "calculatedEbitda": 217242000}, {"date": "2010-03-31", "symbol": "LOGI", "reportedCurrency": "USD", "cik": "0001032975", "fillingDate": "2010-05-27", "acceptedDate": "2010-05-27 15:46:58", "calendarYear": "2010", "period": "FY", "revenue": 1966748000, "costOfRevenue": 1339852000, "grossProfit": 626896000, "grossProfitRatio": 0.3187474959, "researchAndDevelopmentExpenses": 135813000, "generalAndAdministrativeExpenses": 106147000, "sellingAndMarketingExpenses": 304788000, "sellingGeneralAndAdministrativeExpenses": 410935000, "otherExpenses": 1784000, "operatingExpenses": 546748000, "costAndExpenses": 1886600000, "interestIncome": 0, "interestExpense": 2120000, "depreciationAndAmortization": 70895000, "ebitda": 149688000, "ebitdaratio": 0.0761093948, "operatingIncome": 78364000, "operatingIncomeRatio": 0.0398444539, "totalOtherIncomeExpensesNet": 1355000, "incomeBeforeTax": 83623000, "incomeBeforeTaxRatio": 0.0425184111, "incomeTaxExpense": 18666000, "netIncome": 64957000, "netIncomeRatio": 0.0330276172, "eps": 0.37, "epsdiluted": 0.36, "weightedAverageShsOut": 177279000, "weightedAverageShsOutDil": 179340000, "link": "https://www.sec.gov/Archives/edgar/data/1032975/000120677410001342/0001206774-10-001342-index.htm", "finalLink": "https://www.sec.gov/Archives/edgar/data/1032975/000120677410001342/logitech_10k.htm", "calculatedOtherExpenses": 1784000, "calculatedOperatingExpenses": 548532000, "calculatedNetInterest": -2120000, "calculatedOtherIncome": 7379000, "calculatedIncomeNonControlling": 0, "calculatedEbitda": 149259000}, {"date": "2009-03-31", "symbol": "LOGI", "reportedCurrency": "USD", "cik": "0001032975", "fillingDate": "2009-06-01", "acceptedDate": "2009-06-01 13:50:36", "calendarYear": "2009", "period": "FY", "revenue": 2208832000, "costOfRevenue": 1517606000, "grossProfit": 691226000, "grossProfitRatio": 0.3129373352, "researchAndDevelopmentExpenses": 128755000, "generalAndAdministrativeExpenses": 113103000, "sellingAndMarketingExpenses": 319167000, "sellingGeneralAndAdministrativeExpenses": 432270000, "otherExpenses": 20547000, "operatingExpenses": 561025000, "costAndExpenses": 2078631000, "interestIncome": 0, "interestExpense": 8628000, "depreciationAndAmortization": 52187000, "ebitda": 194424000, "ebitdaratio": 0.0880211804, "operatingIncome": 109654000, "operatingIncomeRatio": 0.0496434315, "totalOtherIncomeExpensesNet": -12036000, "incomeBeforeTax": 126793000, "incomeBeforeTaxRatio": 0.0574027359, "incomeTaxExpense": 19761000, "netIncome": 107032000, "netIncomeRatio": 0.0484563788, "eps": 0.6, "epsdiluted": 0.59, "weightedAverageShsOut": 178811000, "weightedAverageShsOutDil": 182911000, "link": "https://www.sec.gov/Archives/edgar/data/1032975/000120677409001138/0001206774-09-001138-index.htm", "finalLink": "https://www.sec.gov/Archives/edgar/data/1032975/000120677409001138/logitech_10k.htm", "calculatedOtherExpenses": 20547000, "calculatedOperatingExpenses": 581572000, "calculatedNetInterest": -8628000, "calculatedOtherIncome": 25767000, "calculatedIncomeNonControlling": 0, "calculatedEbitda": 161841000}, {"date": "2008-03-31", "symbol": "LOGI", "reportedCurrency": "USD", "cik": "0001032975", "fillingDate": "2008-05-30", "acceptedDate": "2008-05-30 16:45:14", "calendarYear": "2008", "period": "FY", "revenue": 2370496000, "costOfRevenue": 1521378000, "grossProfit": 849118000, "grossProfitRatio": 0.3582026715, "researchAndDevelopmentExpenses": 124544000, "generalAndAdministrativeExpenses": 113443000, "sellingAndMarketingExpenses": 324451000, "sellingGeneralAndAdministrativeExpenses": 437894000, "otherExpenses": 0, "operatingExpenses": 562438000, "costAndExpenses": 2083816000, "interestIncome": 0, "interestExpense": 0, "depreciationAndAmortization": 49222000, "ebitda": 375276000, "ebitdaratio": 0.158311172, "operatingIncome": 286680000, "operatingIncomeRatio": 0.1209367154, "totalOtherIncomeExpensesNet": -39374000, "incomeBeforeTax": 262814000, "incomeBeforeTaxRatio": 0.1108687802, "incomeTaxExpense": 31788000, "netIncome": 231026000, "netIncomeRatio": 0.0974589284, "eps": 1.27, "epsdiluted": 1.23, "weightedAverageShsOut": 181362000, "weightedAverageShsOutDil": 187942000, "link": "https://www.sec.gov/Archives/edgar/data/1032975/000119312508125778/0001193125-08-125778-index.htm", "finalLink": "https://www.sec.gov/Archives/edgar/data/1032975/000119312508125778/d10k.htm", "calculatedOtherExpenses": 0, "calculatedOperatingExpenses": 562438000, "calculatedNetInterest": 0, "calculatedOtherIncome": -23866000, "calculatedIncomeNonControlling": 0, "calculatedEbitda": 335902000}, {"date": "2007-03-31", "symbol": "LOGI", "reportedCurrency": "USD", "cik": "0001032975", "fillingDate": "2007-05-25", "acceptedDate": "2007-05-25 06:11:11", "calendarYear": "2007", "period": "FY", "revenue": 2066569000, "costOfRevenue": 1357044000, "grossProfit": 709525000, "grossProfitRatio": 0.3433347737, "researchAndDevelopmentExpenses": 108256000, "generalAndAdministrativeExpenses": 98143000, "sellingAndMarketingExpenses": 272264000, "sellingGeneralAndAdministrativeExpenses": 370407000, "otherExpenses": 0, "operatingExpenses": 478663000, "costAndExpenses": 1835707000, "interestIncome": 0, "interestExpense": 0, "depreciationAndAmortization": 40115000, "ebitda": 255015000, "ebitdaratio": 0.1234001865, "operatingIncome": 230862000, "operatingIncomeRatio": 0.1117126987, "totalOtherIncomeExpensesNet": 15962000, "incomeBeforeTax": 255557000, "incomeBeforeTaxRatio": 0.123662457, "incomeTaxExpense": 25709000, "netIncome": 229848000, "netIncomeRatio": 0.1112220303, "eps": 1.26, "epsdiluted": 1.2, "weightedAverageShsOut": 182635000, "weightedAverageShsOutDil": 190991000, "link": "https://www.sec.gov/Archives/edgar/data/1032975/000119312507123017/0001193125-07-123017-index.htm", "finalLink": "https://www.sec.gov/Archives/edgar/data/1032975/000119312507123017/d20f.htm", "calculatedOtherExpenses": 0, "calculatedOperatingExpenses": 478663000, "calculatedNetInterest": 0, "calculatedOtherIncome": 24695000, "calculatedIncomeNonControlling": 0, "calculatedEbitda": 270977000}, {"date": "2006-03-31", "symbol": "LOGI", "reportedCurrency": "USD", "cik": "0001032975", "fillingDate": "2006-05-19", "acceptedDate": "2006-05-19 16:20:55", "calendarYear": "2006", "period": "FY", "revenue": 1796715000, "costOfRevenue": 1222605000, "grossProfit": 574110000, "grossProfitRatio": 0.319533148, "researchAndDevelopmentExpenses": 87953000, "generalAndAdministrativeExpenses": 64183000, "sellingAndMarketingExpenses": 223063000, "sellingGeneralAndAdministrativeExpenses": 287246000, "otherExpenses": 0, "operatingExpenses": 375199000, "costAndExpenses": 1597804000, "interestIncome": 0, "interestExpense": 3591000, "depreciationAndAmortization": 34521000, "ebitda": 226080000, "ebitdaratio": 0.1258296391, "operatingIncome": 198911000, "operatingIncomeRatio": 0.1107081535, "totalOtherIncomeExpensesNet": 7352000, "incomeBeforeTax": 209854000, "incomeBeforeTaxRatio": 0.1167987132, "incomeTaxExpense": 28749000, "netIncome": 181105000, "netIncomeRatio": 0.100797845, "eps": 1, "epsdiluted": 0.91, "weightedAverageShsOut": 181361000, "weightedAverageShsOutDil": 198769000, "link": "https://www.sec.gov/Archives/edgar/data/1032975/000119312506116374/0001193125-06-116374-index.htm", "finalLink": "https://www.sec.gov/Archives/edgar/data/1032975/000119312506116374/d20f.htm", "calculatedOtherExpenses": 0, "calculatedOperatingExpenses": 375199000, "calculatedNetInterest": -3591000, "calculatedOtherIncome": 14534000, "calculatedIncomeNonControlling": 0, "calculatedEbitda": 233432000}, {"date": "2005-03-31", "symbol": "LOGI", "reportedCurrency": "USD", "cik": "0001032975", "fillingDate": "2005-05-18", "acceptedDate": "2005-05-18 15:01:21", "calendarYear": "2005", "period": "FY", "revenue": 1482626000, "costOfRevenue": 979039000, "grossProfit": 503587000, "grossProfitRatio": 0.3396588216, "researchAndDevelopmentExpenses": 73900000, "generalAndAdministrativeExpenses": 56660000, "sellingAndMarketingExpenses": 201353000, "sellingGeneralAndAdministrativeExpenses": 258013000, "otherExpenses": 0, "operatingExpenses": 331913000, "costAndExpenses": 1310952000, "interestIncome": 0, "interestExpense": 141000, "depreciationAndAmortization": 32361000, "ebitda": 200244000, "ebitdaratio": 0.1350603591, "operatingIncome": 171674000, "operatingIncomeRatio": 0.1157904961, "totalOtherIncomeExpensesNet": 3791000, "incomeBeforeTax": 175606000, "incomeBeforeTaxRatio": 0.1184425472, "incomeTaxExpense": 26340000, "netIncome": 149266000, "netIncomeRatio": 0.1006767722, "eps": 0.84, "epsdiluted": 0.75, "weightedAverageShsOut": 177008000, "weightedAverageShsOutDil": 198250000, "link": "https://www.sec.gov/Archives/edgar/data/1032975/000119312505110648/0001193125-05-110648-index.htm", "finalLink": "https://www.sec.gov/Archives/edgar/data/1032975/000119312505110648/d20f.htm", "calculatedOtherExpenses": 0, "calculatedOperatingExpenses": 331913000, "calculatedNetInterest": -141000, "calculatedOtherIncome": 4073000, "calculatedIncomeNonControlling": 0, "calculatedEbitda": 204035000}, {"date": "2004-03-31", "symbol": "LOGI", "reportedCurrency": "USD", "cik": "0001032975", "fillingDate": "2004-05-19", "acceptedDate": "2004-05-19 06:18:39", "calendarYear": "2004", "period": "FY", "revenue": 1268470000, "costOfRevenue": 859548000, "grossProfit": 408922000, "grossProfitRatio": 0.3223741988, "researchAndDevelopmentExpenses": 61289000, "generalAndAdministrativeExpenses": 45286000, "sellingAndMarketingExpenses": 156793000, "sellingGeneralAndAdministrativeExpenses": 202079000, "otherExpenses": 0, "operatingExpenses": 263368000, "costAndExpenses": 1122916000, "interestIncome": 0, "interestExpense": -1858000, "depreciationAndAmortization": 31404000, "ebitda": 174985000, "ebitdaratio": 0.1379496559, "operatingIncome": 145554000, "operatingIncomeRatio": 0.1147476882, "totalOtherIncomeExpensesNet": 1973000, "incomeBeforeTax": 145669000, "incomeBeforeTaxRatio": 0.1148383486, "incomeTaxExpense": 13516000, "netIncome": 132153000, "netIncomeRatio": 0.1041829921, "eps": 0.73, "epsdiluted": 0.66, "weightedAverageShsOut": 181384000, "weightedAverageShsOutDil": 200640000, "link": "https://www.sec.gov/Archives/edgar/data/1032975/000119312504091245/0001193125-04-091245-index.htm", "finalLink": "https://www.sec.gov/Archives/edgar/data/1032975/000119312504091245/d20f.htm", "calculatedOtherExpenses": 0, "calculatedOperatingExpenses": 263368000, "calculatedNetInterest": 1858000, "calculatedOtherIncome": -1743000, "calculatedIncomeNonControlling": 0, "calculatedEbitda": 176958000}, {"date": "2003-03-31", "symbol": "LOGI", "reportedCurrency": "USD", "cik": "0001032975", "fillingDate": "2003-05-21", "acceptedDate": "2003-05-21 16:49:15", "calendarYear": "2003", "period": "FY", "revenue": 1100288000, "costOfRevenue": 735784000, "grossProfit": 364504000, "grossProfitRatio": 0.3312805375, "researchAndDevelopmentExpenses": 56195000, "generalAndAdministrativeExpenses": 43233000, "sellingAndMarketingExpenses": 141194000, "sellingGeneralAndAdministrativeExpenses": 184427000, "otherExpenses": 0, "operatingExpenses": 240622000, "costAndExpenses": 976406000, "interestIncome": 0, "interestExpense": -1196000, "depreciationAndAmortization": 30569000, "ebitda": 153585000, "ebitdaratio": 0.1395861811, "operatingIncome": 123882000, "operatingIncomeRatio": 0.1125905218, "totalOtherIncomeExpensesNet": 866000, "incomeBeforeTax": 123552000, "incomeBeforeTaxRatio": 0.1122906003, "incomeTaxExpense": 24709000, "netIncome": 98843000, "netIncomeRatio": 0.0898337526, "eps": 0.54, "epsdiluted": 0.48, "weightedAverageShsOut": 183955064, "weightedAverageShsOutDil": 205637856, "link": "https://www.sec.gov/Archives/edgar/data/1032975/000101287003002768/0001012870-03-002768-index.htm", "finalLink": "https://www.sec.gov/Archives/edgar/data/1032975/000101287003002768/d20f.htm", "calculatedOtherExpenses": 0, "calculatedOperatingExpenses": 240622000, "calculatedNetInterest": 1196000, "calculatedOtherIncome": -1526000, "calculatedIncomeNonControlling": 0, "calculatedEbitda": 154451000}, {"date": "2002-03-31", "symbol": "LOGI", "reportedCurrency": "USD", "cik": "0001032975", "fillingDate": "2002-06-11", "acceptedDate": "2002-06-11 15:42:48", "calendarYear": "2002", "period": "FY", "revenue": 943546000, "costOfRevenue": 627998000, "grossProfit": 315548000, "grossProfitRatio": 0.3344277862, "researchAndDevelopmentExpenses": 50531000, "generalAndAdministrativeExpenses": 37739000, "sellingAndMarketingExpenses": 130060000, "sellingGeneralAndAdministrativeExpenses": 167799000, "otherExpenses": 0, "operatingExpenses": 218330000, "costAndExpenses": 846328000, "interestIncome": 0, "interestExpense": -1956000, "depreciationAndAmortization": 31770000, "ebitda": 130555000, "ebitdaratio": 0.138366333, "operatingIncome": 97218000, "operatingIncomeRatio": 0.1030347222, "totalOtherIncomeExpensesNet": -1567000, "incomeBeforeTax": 93695000, "incomeBeforeTaxRatio": 0.099300935, "incomeTaxExpense": 18739000, "netIncome": 74956000, "netIncomeRatio": 0.079440748, "eps": 0.42, "epsdiluted": 0.37, "weightedAverageShsOut": 179715412, "weightedAverageShsOutDil": 203756240, "link": "https://www.sec.gov/Archives/edgar/data/1032975/000101287002002674/0001012870-02-002674-index.htm", "finalLink": "https://www.sec.gov/Archives/edgar/data/1032975/000101287002002674/d20f.htm", "calculatedOtherExpenses": 0, "calculatedOperatingExpenses": 218330000, "calculatedNetInterest": 1956000, "calculatedOtherIncome": -5479000, "calculatedIncomeNonControlling": 0, "calculatedEbitda": 128988000}, {"date": "2001-03-31", "symbol": "LOGI", "reportedCurrency": "USD", "cik": "0001032975", "fillingDate": "2001-05-31", "acceptedDate": "2001-05-31 00:00:00", "calendarYear": "2001", "period": "FY", "revenue": 761356000, "costOfRevenue": 483278000, "grossProfit": 278078000, "grossProfitRatio": 0.3652404394, "researchAndDevelopmentExpenses": 39961000, "generalAndAdministrativeExpenses": 0, "sellingAndMarketingExpenses": 0, "sellingGeneralAndAdministrativeExpenses": 164431000, "otherExpenses": -149718000, "operatingExpenses": 54674000, "costAndExpenses": 537952000, "interestIncome": 0, "interestExpense": 0, "depreciationAndAmortization": 22040000, "ebitda": 242816000, "ebitdaratio": 0.3189257062, "operatingIncome": 204392000, "operatingIncomeRatio": 0.2684578568, "totalOtherIncomeExpensesNet": 2628000, "incomeBeforeTax": 57154000, "incomeBeforeTaxRatio": 0.0750686932, "incomeTaxExpense": 12086000, "netIncome": 45068000, "netIncomeRatio": 0.0591943848, "eps": 2.67, "epsdiluted": 2.4, "weightedAverageShsOut": 16890496, "weightedAverageShsOutDil": 18776068, "link": "https://www.sec.gov/Archives/edgar/data/1032975/000101287001501055/0001012870-01-501055-index.htm", "finalLink": "https://www.sec.gov/Archives/edgar/data/1032975/000101287001501055/d20f.txt", "calculatedOtherExpenses": -130706000, "calculatedOperatingExpenses": 73686000, "calculatedNetInterest": 0, "calculatedOtherIncome": -147238000, "calculatedIncomeNonControlling": 0, "calculatedEbitda": 226432000}, {"date": "2000-03-31", "symbol": "LOGI", "reportedCurrency": "USD", "cik": "0001032975", "fillingDate": "2000-07-17", "acceptedDate": "2000-07-17 00:00:00", "calendarYear": "2000", "period": "FY", "revenue": 615664000, "costOfRevenue": 388954000, "grossProfit": 226710000, "grossProfitRatio": 0.3682365706, "researchAndDevelopmentExpenses": 31666000, "generalAndAdministrativeExpenses": 0, "sellingAndMarketingExpenses": 0, "sellingGeneralAndAdministrativeExpenses": 134059000, "otherExpenses": 20015000, "operatingExpenses": 185740000, "costAndExpenses": 574694000, "interestIncome": 0, "interestExpense": 0, "depreciationAndAmortization": 20015000, "ebitda": 64237000, "ebitdaratio": 0.1043377557, "operatingIncome": 40970000, "operatingIncomeRatio": 0.0665460381, "totalOtherIncomeExpensesNet": -3252000, "incomeBeforeTax": 37555000, "incomeBeforeTaxRatio": 0.0609991814, "incomeTaxExpense": 7511000, "netIncome": 30044000, "netIncomeRatio": 0.0487993451, "eps": 1.89, "epsdiluted": 1.72, "weightedAverageShsOut": 15907960, "weightedAverageShsOutDil": 17503976, "link": "https://www.sec.gov/Archives/edgar/data/1032975/000092962400000975/0000929624-00-000975-index.htm", "finalLink": "https://www.sec.gov/Archives/edgar/data/1032975/000092962400000975/0000929624-00-000975-0001.txt", "calculatedOtherExpenses": 20015000, "calculatedOperatingExpenses": 185740000, "calculatedNetInterest": 0, "calculatedOtherIncome": -3415000, "calculatedIncomeNonControlling": 0, "calculatedEbitda": 60985000}, {"date": "1999-03-31", "symbol": "LOGI", "reportedCurrency": "USD", "cik": "0001032975", "fillingDate": "1999-06-30", "acceptedDate": "1999-06-30 00:00:00", "calendarYear": "1999", "period": "FY", "revenue": 448100000, "costOfRevenue": 292200000, "grossProfit": 155900000, "grossProfitRatio": 0.3479134122, "researchAndDevelopmentExpenses": 31400000, "generalAndAdministrativeExpenses": 0, "sellingAndMarketingExpenses": 0, "sellingGeneralAndAdministrativeExpenses": 86400000, "otherExpenses": 15800000, "operatingExpenses": 133600000, "costAndExpenses": 425800000, "interestIncome": 0, "interestExpense": 0, "depreciationAndAmortization": 15800000, "ebitda": 50800000, "ebitdaratio": 0.1133675519, "operatingIncome": 22300000, "operatingIncomeRatio": 0.0497656773, "totalOtherIncomeExpensesNet": -12700000, "incomeBeforeTax": 8400000, "incomeBeforeTaxRatio": 0.0187458157, "incomeTaxExpense": 1300000, "netIncome": 7100000, "netIncomeRatio": 0.0158446775, "eps": 0.46, "epsdiluted": 0.45, "weightedAverageShsOut": 15468880, "weightedAverageShsOutDil": 15930696, "link": "https://www.sec.gov/Archives/edgar/data/1032975/000101287099002148/0001012870-99-002148-index.html", "finalLink": "https://www.sec.gov/Archives/edgar/data/1032975/000101287099002148/", "calculatedOtherExpenses": 15800000, "calculatedOperatingExpenses": 133600000, "calculatedNetInterest": 0, "calculatedOtherIncome": -13900000, "calculatedIncomeNonControlling": 0, "calculatedEbitda": 38100000}, {"date": "1998-03-31", "symbol": "LOGI", "reportedCurrency": "USD", "cik": "0001032975", "fillingDate": "1998-06-29", "acceptedDate": "1998-06-29 00:00:00", "calendarYear": "1998", "period": "FY", "revenue": 390200000, "costOfRevenue": 259900000, "grossProfit": 130300000, "grossProfitRatio": 0.3339313173, "researchAndDevelopmentExpenses": 27800000, "generalAndAdministrativeExpenses": 0, "sellingAndMarketingExpenses": 0, "sellingGeneralAndAdministrativeExpenses": 72900000, "otherExpenses": 13400000, "operatingExpenses": 114100000, "costAndExpenses": 374000000, "interestIncome": 0, "interestExpense": 0, "depreciationAndAmortization": 13400000, "ebitda": 28500000, "ebitdaratio": 0.0730394669, "operatingIncome": 16200000, "operatingIncomeRatio": 0.0415171707, "totalOtherIncomeExpensesNet": 1100000, "incomeBeforeTax": 16900000, "incomeBeforeTaxRatio": 0.0433111225, "incomeTaxExpense": 1400000, "netIncome": 15500000, "netIncomeRatio": 0.0397232189, "eps": 2.05, "epsdiluted": 1.96, "weightedAverageShsOut": 7552928, "weightedAverageShsOutDil": 7908228, "link": "https://www.sec.gov/Archives/edgar/data/1032975/000101287098001714/0001012870-98-001714-index.html", "finalLink": "https://www.sec.gov/Archives/edgar/data/1032975/", "calculatedOtherExpenses": 13400000, "calculatedOperatingExpenses": 114100000, "calculatedNetInterest": 0, "calculatedOtherIncome": 700000, "calculatedIncomeNonControlling": 0, "calculatedEbitda": 29600000}, {"date": "1997-03-31", "symbol": "LOGI", "reportedCurrency": "USD", "cik": "0001032975", "fillingDate": "1997-06-30", "acceptedDate": "1997-06-30 00:00:00", "calendarYear": "1997", "period": "FY", "revenue": 413700000, "costOfRevenue": 279400000, "grossProfit": 134300000, "grossProfitRatio": 0.3246313754, "researchAndDevelopmentExpenses": 26500000, "generalAndAdministrativeExpenses": 0, "sellingAndMarketingExpenses": 0, "sellingGeneralAndAdministrativeExpenses": 75100000, "otherExpenses": 11500000, "operatingExpenses": 113100000, "costAndExpenses": 392500000, "interestIncome": 0, "interestExpense": 0, "depreciationAndAmortization": 11500000, "ebitda": 30400000, "ebitdaratio": 0.0734832004, "operatingIncome": 21200000, "operatingIncomeRatio": 0.0512448634, "totalOtherIncomeExpensesNet": 2300000, "incomeBeforeTax": 22900000, "incomeBeforeTaxRatio": 0.0553541213, "incomeTaxExpense": 1800000, "netIncome": 21100000, "netIncomeRatio": 0.0510031424, "eps": 3.01, "epsdiluted": 0.15, "weightedAverageShsOut": 7008320, "weightedAverageShsOutDil": 138823529, "link": "https://www.sec.gov/Archives/edgar/data/1032975/000101287097001218/0001012870-97-001218-index.html", "finalLink": "https://www.sec.gov/Archives/edgar/data/1032975/", "calculatedOtherExpenses": 11500000, "calculatedOperatingExpenses": 113100000, "calculatedNetInterest": 0, "calculatedOtherIncome": 1700000, "calculatedIncomeNonControlling": 0, "calculatedEbitda": 32700000}, {"date": "1996-03-31", "symbol": "LOGI", "reportedCurrency": "USD", "cik": "0001032975", "fillingDate": "1996-03-31", "acceptedDate": "1996-03-30 19:00:00", "calendarYear": "1996", "period": "FY", "revenue": 355000000, "costOfRevenue": 249200000, "grossProfit": 105800000, "grossProfitRatio": 0.298028169, "researchAndDevelopmentExpenses": 20700000, "generalAndAdministrativeExpenses": 0, "sellingAndMarketingExpenses": 0, "sellingGeneralAndAdministrativeExpenses": 65300000, "otherExpenses": 10000000, "operatingExpenses": 96000000, "costAndExpenses": 345200000, "interestIncome": 0, "interestExpense": 0, "depreciationAndAmortization": 10000000, "ebitda": 18100000, "ebitdaratio": 0.0509859155, "operatingIncome": 9800000, "operatingIncomeRatio": 0.0276056338, "totalOtherIncomeExpensesNet": 1700000, "incomeBeforeTax": 9200000, "incomeBeforeTaxRatio": 0.025915493, "incomeTaxExpense": 1000000, "netIncome": 8200000, "netIncomeRatio": 0.0230985915, "eps": 0.06, "epsdiluted": 0.06, "weightedAverageShsOut": 136666667, "weightedAverageShsOutDil": 136666667, "link": "", "finalLink": "", "calculatedOtherExpenses": 10000000, "calculatedOperatingExpenses": 96000000, "calculatedNetInterest": 0, "calculatedOtherIncome": -600000, "calculatedIncomeNonControlling": 0, "calculatedEbitda": 19800000}]}