{"originalCurrency": "USD", "convertedCurrency": "USD", "report": [{"date": "2023-12-31", "symbol": "LOPE", "reportedCurrency": "USD", "cik": "0001434588", "fillingDate": "2024-02-13", "acceptedDate": "2024-02-13 16:09:29", "calendarYear": "2023", "period": "FY", "revenue": 960899000, "costOfRevenue": 465608000, "grossProfit": 495291000, "grossProfitRatio": 0.5154454318, "researchAndDevelopmentExpenses": 0, "generalAndAdministrativeExpenses": 43235000, "sellingAndMarketingExpenses": 202800000, "sellingGeneralAndAdministrativeExpenses": 246035000, "otherExpenses": 457189000, "operatingExpenses": 246035000, "costAndExpenses": 711643000, "interestIncome": 10452000, "interestExpense": 33000, "depreciationAndAmortization": 31973000, "ebitda": 281229000, "ebitdaratio": 0.2926727991, "operatingIncome": 249256000, "operatingIncomeRatio": 0.2593987505, "totalOtherIncomeExpensesNet": 10419000, "incomeBeforeTax": 259675000, "incomeBeforeTaxRatio": 0.2702417216, "incomeTaxExpense": 54690000, "netIncome": 204985000, "netIncomeRatio": 0.2133262705, "eps": 6.83, "epsdiluted": 6.8, "weightedAverageShsOut": 29991000, "weightedAverageShsOutDil": 30147000, "link": "https://www.sec.gov/Archives/edgar/data/1434588/000155837024001060/0001558370-24-001060-index.htm", "finalLink": "https://www.sec.gov/Archives/edgar/data/1434588/000155837024001060/lope-20231231x10k.htm", "calculatedOtherExpenses": 0, "calculatedOperatingExpenses": 246035000, "calculatedNetInterest": 10419000, "calculatedOtherIncome": 0, "calculatedIncomeNonControlling": 0, "calculatedEbitda": 281229000}, {"date": "2022-12-31", "symbol": "LOPE", "reportedCurrency": "USD", "cik": "0001434588", "fillingDate": "2023-02-16", "acceptedDate": "2023-02-16 16:11:03", "calendarYear": "2022", "period": "FY", "revenue": 911306000, "costOfRevenue": 423806000, "grossProfit": 487500000, "grossProfitRatio": 0.5349465492, "researchAndDevelopmentExpenses": 0, "generalAndAdministrativeExpenses": 45491000, "sellingAndMarketingExpenses": 196090000, "sellingGeneralAndAdministrativeExpenses": 241581000, "otherExpenses": 8419000, "operatingExpenses": 250000000, "costAndExpenses": 673806000, "interestIncome": 2621000, "interestExpense": 2000, "depreciationAndAmortization": 33798000, "ebitda": 271298000, "ebitdaratio": 0.2977024183, "operatingIncome": 237500000, "operatingIncomeRatio": 0.2606149855, "totalOtherIncomeExpensesNet": 2619000, "incomeBeforeTax": 240119000, "incomeBeforeTaxRatio": 0.263488883, "incomeTaxExpense": 55444000, "netIncome": 184675000, "netIncomeRatio": 0.2026487261, "eps": 5.75, "epsdiluted": 5.73, "weightedAverageShsOut": 32131000, "weightedAverageShsOutDil": 32237000, "link": "https://www.sec.gov/Archives/edgar/data/1434588/000155837023001452/0001558370-23-001452-index.htm", "finalLink": "https://www.sec.gov/Archives/edgar/data/1434588/000155837023001452/lope-20221231x10k.htm", "calculatedOtherExpenses": 8419000, "calculatedOperatingExpenses": 250000000, "calculatedNetInterest": 2619000, "calculatedOtherIncome": 0, "calculatedIncomeNonControlling": 0, "calculatedEbitda": 271298000}, {"date": "2021-12-31", "symbol": "LOPE", "reportedCurrency": "USD", "cik": "0001434588", "fillingDate": "2022-02-16", "acceptedDate": "2022-02-16 16:10:54", "calendarYear": "2021", "period": "FY", "revenue": 896564000, "costOfRevenue": 381257000, "grossProfit": 515307000, "grossProfitRatio": 0.5747576302, "researchAndDevelopmentExpenses": 0, "generalAndAdministrativeExpenses": 41826000, "sellingAndMarketingExpenses": 182872000, "sellingGeneralAndAdministrativeExpenses": 224698000, "otherExpenses": 8419000, "operatingExpenses": 233117000, "costAndExpenses": 614374000, "interestIncome": 52700000, "interestExpense": 3601000, "depreciationAndAmortization": 83113000, "ebitda": 365303000, "ebitdaratio": 0.4074477673, "operatingIncome": 282190000, "operatingIncomeRatio": 0.314746075, "totalOtherIncomeExpensesNet": 49099000, "incomeBeforeTax": 331289000, "incomeBeforeTaxRatio": 0.3695095944, "incomeTaxExpense": 70945000, "netIncome": 260344000, "netIncomeRatio": 0.2903797163, "eps": 5.94, "epsdiluted": 5.92, "weightedAverageShsOut": 43835000, "weightedAverageShsOutDil": 43958000, "link": "https://www.sec.gov/Archives/edgar/data/1434588/000155837022001269/0001558370-22-001269-index.htm", "finalLink": "https://www.sec.gov/Archives/edgar/data/1434588/000155837022001269/lope-20211231x10k.htm", "calculatedOtherExpenses": 8419000, "calculatedOperatingExpenses": 233117000, "calculatedNetInterest": 49099000, "calculatedOtherIncome": 0, "calculatedIncomeNonControlling": 0, "calculatedEbitda": 365303000}, {"date": "2020-12-31", "symbol": "LOPE", "reportedCurrency": "USD", "cik": "0001434588", "fillingDate": "2021-02-17", "acceptedDate": "2021-02-17 16:09:27", "calendarYear": "2020", "period": "FY", "revenue": 844096000, "costOfRevenue": 350546000, "grossProfit": 493550000, "grossProfitRatio": 0.5847083744, "researchAndDevelopmentExpenses": 0, "generalAndAdministrativeExpenses": 43360000, "sellingAndMarketingExpenses": 164334000, "sellingGeneralAndAdministrativeExpenses": 207694000, "otherExpenses": 8419000, "operatingExpenses": 216113000, "costAndExpenses": 566659000, "interestIncome": 59190000, "interestExpense": 4402000, "depreciationAndAmortization": 88842000, "ebitda": 366279000, "ebitdaratio": 0.4339305008, "operatingIncome": 277437000, "operatingIncomeRatio": 0.3286794393, "totalOtherIncomeExpensesNet": 55703000, "incomeBeforeTax": 333140000, "incomeBeforeTaxRatio": 0.3946707484, "incomeTaxExpense": 75944000, "netIncome": 257196000, "netIncomeRatio": 0.3046999393, "eps": 5.49, "epsdiluted": 5.45, "weightedAverageShsOut": 46880000, "weightedAverageShsOutDil": 47165000, "link": "https://www.sec.gov/Archives/edgar/data/1434588/000155837021001135/0001558370-21-001135-index.htm", "finalLink": "https://www.sec.gov/Archives/edgar/data/1434588/000155837021001135/lope-20201231x10k.htm", "calculatedOtherExpenses": 8419000, "calculatedOperatingExpenses": 216113000, "calculatedNetInterest": 54788000, "calculatedOtherIncome": 915000, "calculatedIncomeNonControlling": 0, "calculatedEbitda": 366279000}, {"date": "2019-12-31", "symbol": "LOPE", "reportedCurrency": "USD", "cik": "0001434588", "fillingDate": "2020-02-20", "acceptedDate": "2020-02-19 18:00:25", "calendarYear": "2019", "period": "FY", "revenue": 778643000, "costOfRevenue": 314110000, "grossProfit": 464533000, "grossProfitRatio": 0.5965930471, "researchAndDevelopmentExpenses": 0, "generalAndAdministrativeExpenses": 44317000, "sellingAndMarketingExpenses": 142896000, "sellingGeneralAndAdministrativeExpenses": 187213000, "otherExpenses": 8223000, "operatingExpenses": 195436000, "costAndExpenses": 509546000, "interestIncome": 59297000, "interestExpense": 11311000, "depreciationAndAmortization": 90182000, "ebitda": 355313000, "ebitdaratio": 0.4563233728, "operatingIncome": 265131000, "operatingIncomeRatio": 0.340503928, "totalOtherIncomeExpensesNet": 52371000, "incomeBeforeTax": 317502000, "incomeBeforeTaxRatio": 0.4077632497, "incomeTaxExpense": 58327000, "netIncome": 259175000, "netIncomeRatio": 0.3328547229, "eps": 5.42, "epsdiluted": 5.37, "weightedAverageShsOut": 47814000, "weightedAverageShsOutDil": 48266000, "link": "https://www.sec.gov/Archives/edgar/data/1434588/000155837020001013/0001558370-20-001013-index.htm", "finalLink": "https://www.sec.gov/Archives/edgar/data/1434588/000155837020001013/lope-20191231x10ka0a80b.htm", "calculatedOtherExpenses": 12189000, "calculatedOperatingExpenses": 199402000, "calculatedNetInterest": 47986000, "calculatedOtherIncome": 4385000, "calculatedIncomeNonControlling": 0, "calculatedEbitda": 355313000}, {"date": "2018-12-31", "symbol": "LOPE", "reportedCurrency": "USD", "cik": "0001434588", "fillingDate": "2019-02-20", "acceptedDate": "2019-02-20 16:09:10", "calendarYear": "2018", "period": "FY", "revenue": 845501000, "costOfRevenue": 421594000, "grossProfit": 423907000, "grossProfitRatio": 0.5013678281, "researchAndDevelopmentExpenses": 0, "generalAndAdministrativeExpenses": 29968000, "sellingAndMarketingExpenses": 117420000, "sellingGeneralAndAdministrativeExpenses": 147388000, "otherExpenses": 0, "operatingExpenses": 147388000, "costAndExpenses": 568982000, "interestIncome": 26947000, "interestExpense": 1536000, "depreciationAndAmortization": 35673000, "ebitda": 339139000, "ebitdaratio": 0.401110111, "operatingIncome": 258149000, "operatingIncomeRatio": 0.3053207507, "totalOtherIncomeExpensesNet": -14930000, "incomeBeforeTax": 287000000, "incomeBeforeTaxRatio": 0.3394437144, "incomeTaxExpense": 57989000, "netIncome": 229011000, "netIncomeRatio": 0.2708583432, "eps": 4.81, "epsdiluted": 4.73, "weightedAverageShsOut": 47608000, "weightedAverageShsOutDil": 48414000, "link": "https://www.sec.gov/Archives/edgar/data/1434588/000155837019000782/0001558370-19-000782-index.htm", "finalLink": "https://www.sec.gov/Archives/edgar/data/1434588/000155837019000782/lope-20181231x10k.htm", "calculatedOtherExpenses": 18370000, "calculatedOperatingExpenses": 165758000, "calculatedNetInterest": 25411000, "calculatedOtherIncome": 3440000, "calculatedIncomeNonControlling": 0, "calculatedEbitda": 293822000}, {"date": "2017-12-31", "symbol": "LOPE", "reportedCurrency": "USD", "cik": "0001434588", "fillingDate": "2018-02-21", "acceptedDate": "2018-02-21 16:10:09", "calendarYear": "2017", "period": "FY", "revenue": 974134000, "costOfRevenue": 410840000, "grossProfit": 563294000, "grossProfitRatio": 0.5782510414, "researchAndDevelopmentExpenses": 0, "generalAndAdministrativeExpenses": 172303000, "sellingAndMarketingExpenses": 108237000, "sellingGeneralAndAdministrativeExpenses": 280540000, "otherExpenses": 0, "operatingExpenses": 280540000, "costAndExpenses": 691380000, "interestIncome": 2943000, "interestExpense": 2169000, "depreciationAndAmortization": 54228000, "ebitda": 339925000, "ebitdaratio": 0.3489509657, "operatingIncome": 282754000, "operatingIncomeRatio": 0.2902619147, "totalOtherIncomeExpensesNet": 774000, "incomeBeforeTax": 283528000, "incomeBeforeTaxRatio": 0.2910564666, "incomeTaxExpense": 80209000, "netIncome": 203319000, "netIncomeRatio": 0.2087176918, "eps": 4.31, "epsdiluted": 4.22, "weightedAverageShsOut": 47140000, "weightedAverageShsOutDil": 48235000, "link": "https://www.sec.gov/Archives/edgar/data/1434588/000119312518051923/0001193125-18-051923-index.htm", "finalLink": "https://www.sec.gov/Archives/edgar/data/1434588/000119312518051923/d508256d10k.htm", "calculatedOtherExpenses": 0, "calculatedOperatingExpenses": 280540000, "calculatedNetInterest": 774000, "calculatedOtherIncome": 0, "calculatedIncomeNonControlling": 0, "calculatedEbitda": 336982000}, {"date": "2016-12-31", "symbol": "LOPE", "reportedCurrency": "USD", "cik": "0001434588", "fillingDate": "2017-02-16", "acceptedDate": "2017-02-16 16:13:04", "calendarYear": "2016", "period": "FY", "revenue": 873344000, "costOfRevenue": 373101000, "grossProfit": 500243000, "grossProfitRatio": 0.5727903323, "researchAndDevelopmentExpenses": 0, "generalAndAdministrativeExpenses": 162505000, "sellingAndMarketingExpenses": 97012000, "sellingGeneralAndAdministrativeExpenses": 259517000, "otherExpenses": 0, "operatingExpenses": 259517000, "costAndExpenses": 632618000, "interestIncome": 249000, "interestExpense": 1328000, "depreciationAndAmortization": 45683000, "ebitda": 286658000, "ebitdaratio": 0.3282303422, "operatingIncome": 237203000, "operatingIncomeRatio": 0.2716031713, "totalOtherIncomeExpensesNet": -3523000, "incomeBeforeTax": 236124000, "incomeBeforeTaxRatio": 0.2703676902, "incomeTaxExpense": 87610000, "netIncome": 148514000, "netIncomeRatio": 0.1700521215, "eps": 3.22, "epsdiluted": 3.15, "weightedAverageShsOut": 46083000, "weightedAverageShsOutDil": 47121000, "link": "https://www.sec.gov/Archives/edgar/data/1434588/000119312517046698/0001193125-17-046698-index.htm", "finalLink": "https://www.sec.gov/Archives/edgar/data/1434588/000119312517046698/d315633d10k.htm", "calculatedOtherExpenses": 3523000, "calculatedOperatingExpenses": 263040000, "calculatedNetInterest": -1079000, "calculatedOtherIncome": 0, "calculatedIncomeNonControlling": 0, "calculatedEbitda": 282886000}, {"date": "2015-12-31", "symbol": "LOPE", "reportedCurrency": "USD", "cik": "0001434588", "fillingDate": "2016-02-17", "acceptedDate": "2016-02-17 16:08:44", "calendarYear": "2015", "period": "FY", "revenue": 778200000, "costOfRevenue": 329651000, "grossProfit": 448549000, "grossProfitRatio": 0.5763929581, "researchAndDevelopmentExpenses": 0, "generalAndAdministrativeExpenses": 154672000, "sellingAndMarketingExpenses": 83516000, "sellingGeneralAndAdministrativeExpenses": 238188000, "otherExpenses": 0, "operatingExpenses": 238188000, "costAndExpenses": 567839000, "interestIncome": -106000, "interestExpense": 1354000, "depreciationAndAmortization": 35675000, "ebitda": 246036000, "ebitdaratio": 0.3161603701, "operatingIncome": 210361000, "operatingIncomeRatio": 0.2703173991, "totalOtherIncomeExpensesNet": -1354000, "incomeBeforeTax": 209007000, "incomeBeforeTaxRatio": 0.2685774865, "incomeTaxExpense": 77596000, "netIncome": 131411000, "netIncomeRatio": 0.1688653302, "eps": 2.86, "epsdiluted": 2.78, "weightedAverageShsOut": 45975000, "weightedAverageShsOutDil": 47281000, "link": "https://www.sec.gov/Archives/edgar/data/1434588/000119312516467102/0001193125-16-467102-index.htm", "finalLink": "https://www.sec.gov/Archives/edgar/data/1434588/000119312516467102/d34043d10k.htm", "calculatedOtherExpenses": 0, "calculatedOperatingExpenses": 238188000, "calculatedNetInterest": -1460000, "calculatedOtherIncome": 106000, "calculatedIncomeNonControlling": 0, "calculatedEbitda": 246036000}, {"date": "2014-12-31", "symbol": "LOPE", "reportedCurrency": "USD", "cik": "0001434588", "fillingDate": "2015-02-18", "acceptedDate": "2015-02-18 17:02:35", "calendarYear": "2014", "period": "FY", "revenue": 691055000, "costOfRevenue": 288791000, "grossProfit": 402264000, "grossProfitRatio": 0.5821012799, "researchAndDevelopmentExpenses": 0, "generalAndAdministrativeExpenses": 148202000, "sellingAndMarketingExpenses": 73247000, "sellingGeneralAndAdministrativeExpenses": 221449000, "otherExpenses": 0, "operatingExpenses": 221449000, "costAndExpenses": 510240000, "interestIncome": 684000, "interestExpense": 1801000, "depreciationAndAmortization": 29473000, "ebitda": 210972000, "ebitdaratio": 0.3052897382, "operatingIncome": 180815000, "operatingIncomeRatio": 0.2616506646, "totalOtherIncomeExpensesNet": -1117000, "incomeBeforeTax": 179698000, "incomeBeforeTaxRatio": 0.2600342954, "incomeTaxExpense": 68232000, "netIncome": 111466000, "netIncomeRatio": 0.1612983048, "eps": 2.45, "epsdiluted": 2.37, "weightedAverageShsOut": 45538000, "weightedAverageShsOutDil": 47006000, "link": "https://www.sec.gov/Archives/edgar/data/1434588/000119312515052885/0001193125-15-052885-index.htm", "finalLink": "https://www.sec.gov/Archives/edgar/data/1434588/000119312515052885/d858234d10k.htm", "calculatedOtherExpenses": 0, "calculatedOperatingExpenses": 221449000, "calculatedNetInterest": -1117000, "calculatedOtherIncome": 0, "calculatedIncomeNonControlling": 0, "calculatedEbitda": 210288000}, {"date": "2013-12-31", "symbol": "LOPE", "reportedCurrency": "USD", "cik": "0001434588", "fillingDate": "2014-02-20", "acceptedDate": "2014-02-20 16:10:23", "calendarYear": "2013", "period": "FY", "revenue": 598335000, "costOfRevenue": 254419000, "grossProfit": 343916000, "grossProfitRatio": 0.5747883711, "researchAndDevelopmentExpenses": 0, "generalAndAdministrativeExpenses": 134011000, "sellingAndMarketingExpenses": 66629000, "sellingGeneralAndAdministrativeExpenses": 200640000, "otherExpenses": 0, "operatingExpenses": 200640000, "costAndExpenses": 455059000, "interestIncome": 3863000, "interestExpense": 2244000, "depreciationAndAmortization": 25437000, "ebitda": 172576000, "ebitdaratio": 0.2884270517, "operatingIncome": 143276000, "operatingIncomeRatio": 0.2394578288, "totalOtherIncomeExpensesNet": 1619000, "incomeBeforeTax": 144895000, "incomeBeforeTaxRatio": 0.2421636709, "incomeTaxExpense": 56184000, "netIncome": 88711000, "netIncomeRatio": 0.1482630968, "eps": 1.98, "epsdiluted": 1.92, "weightedAverageShsOut": 44731000, "weightedAverageShsOutDil": 46131000, "link": "https://www.sec.gov/Archives/edgar/data/1434588/000119312514060686/0001193125-14-060686-index.htm", "finalLink": "https://www.sec.gov/Archives/edgar/data/1434588/000119312514060686/d652133d10k.htm", "calculatedOtherExpenses": 0, "calculatedOperatingExpenses": 200640000, "calculatedNetInterest": 1619000, "calculatedOtherIncome": 0, "calculatedIncomeNonControlling": 0, "calculatedEbitda": 168713000}, {"date": "2012-12-31", "symbol": "LOPE", "reportedCurrency": "USD", "cik": "0001434588", "fillingDate": "2013-02-19", "acceptedDate": "2013-02-19 16:11:53", "calendarYear": "2012", "period": "FY", "revenue": 511257000, "costOfRevenue": 220403000, "grossProfit": 290854000, "grossProfitRatio": 0.5688997901, "researchAndDevelopmentExpenses": 0, "generalAndAdministrativeExpenses": 35502000, "sellingAndMarketingExpenses": 141300000, "sellingGeneralAndAdministrativeExpenses": 176802000, "otherExpenses": 0, "operatingExpenses": 176802000, "costAndExpenses": 397205000, "interestIncome": 71000, "interestExpense": 699000, "depreciationAndAmortization": 21923000, "ebitda": 136046000, "ebitdaratio": 0.266101002, "operatingIncome": 114052000, "operatingIncomeRatio": 0.2230815422, "totalOtherIncomeExpensesNet": -628000, "incomeBeforeTax": 113424000, "incomeBeforeTaxRatio": 0.2218531971, "incomeTaxExpense": 43977000, "netIncome": 69447000, "netIncomeRatio": 0.135835793, "eps": 1.57, "epsdiluted": 1.53, "weightedAverageShsOut": 44332000, "weightedAverageShsOutDil": 45251000, "link": "https://www.sec.gov/Archives/edgar/data/1434588/000119312513065203/0001193125-13-065203-index.htm", "finalLink": "https://www.sec.gov/Archives/edgar/data/1434588/000119312513065203/d447069d10k.htm", "calculatedOtherExpenses": 0, "calculatedOperatingExpenses": 176802000, "calculatedNetInterest": -628000, "calculatedOtherIncome": 0, "calculatedIncomeNonControlling": 0, "calculatedEbitda": 135975000}, {"date": "2011-12-31", "symbol": "LOPE", "reportedCurrency": "USD", "cik": "0001434588", "fillingDate": "2012-02-21", "acceptedDate": "2012-02-21 17:01:08", "calendarYear": "2011", "period": "FY", "revenue": 426741000, "costOfRevenue": 194801000, "grossProfit": 231940000, "grossProfitRatio": 0.5435146846, "researchAndDevelopmentExpenses": 0, "generalAndAdministrativeExpenses": 149780000, "sellingAndMarketingExpenses": 112493000, "sellingGeneralAndAdministrativeExpenses": 149780000, "otherExpenses": 0, "operatingExpenses": 149780000, "costAndExpenses": 344581000, "interestIncome": 88000, "interestExpense": 720000, "depreciationAndAmortization": 17034000, "ebitda": 99282000, "ebitdaratio": 0.2326516552, "operatingIncome": 82160000, "operatingIncomeRatio": 0.1925289578, "totalOtherIncomeExpensesNet": -632000, "incomeBeforeTax": 81528000, "incomeBeforeTaxRatio": 0.1910479659, "incomeTaxExpense": 30982000, "netIncome": 50546000, "netIncomeRatio": 0.1184465519, "eps": 1.13, "epsdiluted": 1.12, "weightedAverageShsOut": 44631000, "weightedAverageShsOutDil": 45105000, "link": "https://www.sec.gov/Archives/edgar/data/1434588/000119312512070566/0001193125-12-070566-index.htm", "finalLink": "https://www.sec.gov/Archives/edgar/data/1434588/000119312512070566/d265172d10k.htm", "calculatedOtherExpenses": 0, "calculatedOperatingExpenses": 149780000, "calculatedNetInterest": -632000, "calculatedOtherIncome": 0, "calculatedIncomeNonControlling": 0, "calculatedEbitda": 99194000}, {"date": "2010-12-31", "symbol": "LOPE", "reportedCurrency": "USD", "cik": "0001434588", "fillingDate": "2011-02-22", "acceptedDate": "2011-02-22 16:12:33", "calendarYear": "2010", "period": "FY", "revenue": 385825000, "costOfRevenue": 140295000, "grossProfit": 245530000, "grossProfitRatio": 0.6363765956, "researchAndDevelopmentExpenses": 0, "generalAndAdministrativeExpenses": 59213000, "sellingAndMarketingExpenses": 112493000, "sellingGeneralAndAdministrativeExpenses": 171706000, "otherExpenses": 296000, "operatingExpenses": 172002000, "costAndExpenses": 312297000, "interestIncome": 168000, "interestExpense": 889000, "depreciationAndAmortization": 12108000, "ebitda": 85804000, "ebitdaratio": 0.2223909804, "operatingIncome": 73528000, "operatingIncomeRatio": 0.1905734465, "totalOtherIncomeExpensesNet": -721000, "incomeBeforeTax": 72807000, "incomeBeforeTaxRatio": 0.1887047236, "incomeTaxExpense": 28442000, "netIncome": 44365000, "netIncomeRatio": 0.1149873647, "eps": 0.77, "epsdiluted": 0.76, "weightedAverageShsOut": 45722000, "weightedAverageShsOutDil": 46396000, "link": "https://www.sec.gov/Archives/edgar/data/1434588/000095012311016511/0000950123-11-016511-index.htm", "finalLink": "https://www.sec.gov/Archives/edgar/data/1434588/000095012311016511/c12984e10vk.htm", "calculatedOtherExpenses": 296000, "calculatedOperatingExpenses": 172002000, "calculatedNetInterest": -721000, "calculatedOtherIncome": 0, "calculatedIncomeNonControlling": 0, "calculatedEbitda": 85636000}, {"date": "2009-12-31", "symbol": "LOPE", "reportedCurrency": "USD", "cik": "0001434588", "fillingDate": "2010-02-18", "acceptedDate": "2010-02-18 16:45:49", "calendarYear": "2009", "period": "FY", "revenue": 261902000, "costOfRevenue": 88810000, "grossProfit": 173092000, "grossProfitRatio": 0.6609036968, "researchAndDevelopmentExpenses": 0, "generalAndAdministrativeExpenses": 40819000, "sellingAndMarketingExpenses": 85405000, "sellingGeneralAndAdministrativeExpenses": 126224000, "otherExpenses": 296000, "operatingExpenses": 126520000, "costAndExpenses": 215330000, "interestIncome": 324000, "interestExpense": 1613000, "depreciationAndAmortization": 7960000, "ebitda": 54856000, "ebitdaratio": 0.2094523906, "operatingIncome": 46572000, "operatingIncomeRatio": 0.1778222389, "totalOtherIncomeExpensesNet": -1289000, "incomeBeforeTax": 45283000, "incomeBeforeTaxRatio": 0.1729005506, "incomeTaxExpense": 17979000, "netIncome": 27304000, "netIncomeRatio": 0.1042527358, "eps": 0.6, "epsdiluted": 0.6, "weightedAverageShsOut": 45184000, "weightedAverageShsOutDil": 45503000, "link": "https://www.sec.gov/Archives/edgar/data/1434588/000095012310014150/0000950123-10-014150-index.htm", "finalLink": "https://www.sec.gov/Archives/edgar/data/1434588/000095012310014150/c96501e10vk.htm", "calculatedOtherExpenses": 296000, "calculatedOperatingExpenses": 126520000, "calculatedNetInterest": -1289000, "calculatedOtherIncome": 0, "calculatedIncomeNonControlling": 0, "calculatedEbitda": 54532000}, {"date": "2008-12-31", "symbol": "LOPE", "reportedCurrency": "USD", "cik": "0001434588", "fillingDate": "2009-02-20", "acceptedDate": "2009-02-19 19:05:23", "calendarYear": "2008", "period": "FY", "revenue": 161309000, "costOfRevenue": 54450000, "grossProfit": 106859000, "grossProfitRatio": 0.6624490884, "researchAndDevelopmentExpenses": 0, "generalAndAdministrativeExpenses": 26825000, "sellingAndMarketingExpenses": 65551000, "sellingGeneralAndAdministrativeExpenses": 92376000, "otherExpenses": 0, "operatingExpenses": 92376000, "costAndExpenses": 146826000, "interestIncome": 640000, "interestExpense": 2897000, "depreciationAndAmortization": 5095000, "ebitda": 20218000, "ebitdaratio": 0.125337086, "operatingIncome": 12797000, "operatingIncomeRatio": 0.0793322133, "totalOtherIncomeExpensesNet": -1686000, "incomeBeforeTax": 10540000, "incomeBeforeTaxRatio": 0.0653404336, "incomeTaxExpense": 3855000, "netIncome": 6685000, "netIncomeRatio": 0.041442201, "eps": 0.26, "epsdiluted": 0.17, "weightedAverageShsOut": 22185000, "weightedAverageShsOutDil": 33430000, "link": "https://www.sec.gov/Archives/edgar/data/1434588/000136231009002465/0001362310-09-002465-index.htm", "finalLink": "https://www.sec.gov/Archives/edgar/data/1434588/000136231009002465/c81302e10vk.htm", "calculatedOtherExpenses": 1686000, "calculatedOperatingExpenses": 94062000, "calculatedNetInterest": -2257000, "calculatedOtherIncome": 0, "calculatedIncomeNonControlling": 0, "calculatedEbitda": 17892000}, {"date": "2007-12-31", "symbol": "LOPE", "reportedCurrency": "USD", "cik": "0001434588", "fillingDate": "2007-12-31", "acceptedDate": "2007-12-30 19:00:00", "calendarYear": "2007", "period": "FY", "revenue": 99326000, "costOfRevenue": 39050000, "grossProfit": 60276000, "grossProfitRatio": 0.6068501701, "researchAndDevelopmentExpenses": 0, "generalAndAdministrativeExpenses": 0, "sellingAndMarketingExpenses": 0, "sellingGeneralAndAdministrativeExpenses": 55931000, "otherExpenses": 0, "operatingExpenses": 55931000, "costAndExpenses": 94981000, "interestIncome": 0, "interestExpense": 0, "depreciationAndAmortization": 3300000, "ebitda": 7645000, "ebitdaratio": 0.0769687695, "operatingIncome": 4345000, "operatingIncomeRatio": 0.0437448402, "totalOtherIncomeExpensesNet": -1803000, "incomeBeforeTax": 2542000, "incomeBeforeTaxRatio": 0.0255924934, "incomeTaxExpense": 1016000, "netIncome": 1526000, "netIncomeRatio": 0.0153635503, "eps": 0.06, "epsdiluted": 0.03, "weightedAverageShsOut": 18923000, "weightedAverageShsOutDil": 35143000, "link": "", "finalLink": "", "calculatedOtherExpenses": 0, "calculatedOperatingExpenses": 55931000, "calculatedNetInterest": 0, "calculatedOtherIncome": -1803000, "calculatedIncomeNonControlling": 0, "calculatedEbitda": 7645000}, {"date": "2006-12-31", "symbol": "LOPE", "reportedCurrency": "USD", "cik": "0001434588", "fillingDate": "2006-12-31", "acceptedDate": "2006-12-30 19:00:00", "calendarYear": "2006", "period": "FY", "revenue": 72111000, "costOfRevenue": 31287000, "grossProfit": 40824000, "grossProfitRatio": 0.5661272205, "researchAndDevelopmentExpenses": 0, "generalAndAdministrativeExpenses": 0, "sellingAndMarketingExpenses": 0, "sellingGeneralAndAdministrativeExpenses": 37782000, "otherExpenses": 0, "operatingExpenses": 37782000, "costAndExpenses": 69069000, "interestIncome": 0, "interestExpense": 0, "depreciationAndAmortization": 2396000, "ebitda": 5438000, "ebitdaratio": 0.0754115184, "operatingIncome": 3042000, "operatingIncomeRatio": 0.0421849648, "totalOtherIncomeExpensesNet": -1915000, "incomeBeforeTax": 1127000, "incomeBeforeTaxRatio": 0.0156286836, "incomeTaxExpense": 529000, "netIncome": 598000, "netIncomeRatio": 0.0082927709, "eps": 0.0038, "epsdiluted": 0.0019, "weightedAverageShsOut": 18853000, "weightedAverageShsOutDil": 36858000, "link": "", "finalLink": "", "calculatedOtherExpenses": 0, "calculatedOperatingExpenses": 37782000, "calculatedNetInterest": 0, "calculatedOtherIncome": -1915000, "calculatedIncomeNonControlling": 0, "calculatedEbitda": 5438000}, {"date": "2005-12-31", "symbol": "LOPE", "reportedCurrency": "USD", "cik": "0001434588", "fillingDate": "2005-12-31", "acceptedDate": "2005-12-30 19:00:00", "calendarYear": "2005", "period": "FY", "revenue": 51793000, "costOfRevenue": 0, "grossProfit": 51793000, "grossProfitRatio": 1, "researchAndDevelopmentExpenses": 0, "generalAndAdministrativeExpenses": 0, "sellingAndMarketingExpenses": 0, "sellingGeneralAndAdministrativeExpenses": 0, "otherExpenses": 0, "operatingExpenses": 0, "costAndExpenses": 0, "interestIncome": 0, "interestExpense": 0, "depreciationAndAmortization": 0, "ebitda": 51793000, "ebitdaratio": 1, "operatingIncome": 51793000, "operatingIncomeRatio": 1, "totalOtherIncomeExpensesNet": 0, "incomeBeforeTax": 0, "incomeBeforeTaxRatio": 0, "incomeTaxExpense": 4286000, "netIncome": -4286000, "netIncomeRatio": -0.0827524955, "eps": -0.23, "epsdiluted": -0.23, "weightedAverageShsOut": 18470000, "weightedAverageShsOutDil": 18470000, "link": "", "finalLink": "", "calculatedOtherExpenses": 0, "calculatedOperatingExpenses": 0, "calculatedNetInterest": 0, "calculatedOtherIncome": -51793000, "calculatedIncomeNonControlling": 0, "calculatedEbitda": 51793000}]}