{"originalCurrency": "USD", "convertedCurrency": "USD", "report": [{"date": "2023-12-31", "symbol": "LPLA", "reportedCurrency": "USD", "cik": "0001397911", "fillingDate": "2024-02-21", "acceptedDate": "2024-02-21 16:10:48", "calendarYear": "2023", "period": "FY", "revenue": 10052848000, "costOfRevenue": 6375996000, "grossProfit": 3676852000, "grossProfitRatio": 0.3657522724, "researchAndDevelopmentExpenses": 0, "generalAndAdministrativeExpenses": 396920000, "sellingAndMarketingExpenses": 459233000, "sellingGeneralAndAdministrativeExpenses": 856153000, "otherExpenses": -1997170000, "operatingExpenses": 1997170000, "costAndExpenses": 8373165999, "interestIncome": 0, "interestExpense": 186804000, "depreciationAndAmortization": 354205000, "ebitda": 2033887000, "ebitdaratio": 0.202319482, "operatingIncome": 1679682000, "operatingIncomeRatio": 0.1670851882, "totalOtherIncomeExpensesNet": -234907000, "incomeBeforeTax": 1444775000, "incomeBeforeTaxRatio": 0.1437179792, "incomeTaxExpense": 378525000, "netIncome": 1066250000, "netIncomeRatio": 0.1060644705, "eps": 13.88, "epsdiluted": 13.69, "weightedAverageShsOut": 76807000, "weightedAverageShsOutDil": 77861000, "link": "https://www.sec.gov/Archives/edgar/data/1397911/000139791124000011/0001397911-24-000011-index.htm", "finalLink": "https://www.sec.gov/Archives/edgar/data/1397911/000139791124000011/lpla-20231231.htm", "calculatedOtherExpenses": 1141017000, "calculatedOperatingExpenses": 1997170000, "calculatedNetInterest": -186804000, "calculatedOtherIncome": -48103000, "calculatedIncomeNonControlling": 0, "calculatedEbitda": 2033887000}, {"date": "2022-12-31", "symbol": "LPLA", "reportedCurrency": "USD", "cik": "0001397911", "fillingDate": "2023-02-23", "acceptedDate": "2023-02-23 17:12:32", "calendarYear": "2022", "period": "FY", "revenue": 3063701000, "costOfRevenue": 1113053000, "grossProfit": 1950648000, "grossProfitRatio": 0.6366965967, "researchAndDevelopmentExpenses": 0, "generalAndAdministrativeExpenses": 820736000, "sellingAndMarketingExpenses": 339994000, "sellingGeneralAndAdministrativeExpenses": 1160730000, "otherExpenses": -1873491000, "operatingExpenses": -712761000, "costAndExpenses": 1113053000, "interestIncome": 77126000, "interestExpense": 126234000, "depreciationAndAmortization": 287377000, "ebitda": 1525264000, "ebitdaratio": 0.4978501492, "operatingIncome": 1237887000, "operatingIncomeRatio": 0.4040495466, "totalOtherIncomeExpensesNet": -126234000, "incomeBeforeTax": 1111653000, "incomeBeforeTaxRatio": 0.3628464396, "incomeTaxExpense": 265951000, "netIncome": 845702000, "netIncomeRatio": 0.2760393393, "eps": 10.6, "epsdiluted": 10.4, "weightedAverageShsOut": 79801000, "weightedAverageShsOutDil": 81285000, "link": "https://www.sec.gov/Archives/edgar/data/1397911/000139791123000024/0001397911-23-000024-index.htm", "finalLink": "https://www.sec.gov/Archives/edgar/data/1397911/000139791123000024/lpla-20221231.htm", "calculatedOtherExpenses": -447969000, "calculatedOperatingExpenses": 712761000, "calculatedNetInterest": -49108000, "calculatedOtherIncome": -77126000, "calculatedIncomeNonControlling": 0, "calculatedEbitda": 1525264000}, {"date": "2021-12-31", "symbol": "LPLA", "reportedCurrency": "USD", "cik": "0001397911", "fillingDate": "2022-02-22", "acceptedDate": "2022-02-22 17:22:49", "calendarYear": "2021", "period": "FY", "revenue": 2350303000, "costOfRevenue": 999765000, "grossProfit": 1350538000, "grossProfitRatio": 0.5746229316, "researchAndDevelopmentExpenses": 0, "generalAndAdministrativeExpenses": 741003000, "sellingAndMarketingExpenses": 302285000, "sellingGeneralAndAdministrativeExpenses": 1043288000, "otherExpenses": -2792262000, "operatingExpenses": -1748974000, "costAndExpenses": -1748974000, "interestIncome": 28577000, "interestExpense": 104414000, "depreciationAndAmortization": 230688000, "ebitda": 832017000, "ebitdaratio": 0.3540041433, "operatingIncome": 601329000, "operatingIncomeRatio": 0.2558516923, "totalOtherIncomeExpensesNet": -24400000, "incomeBeforeTax": 601329000, "incomeBeforeTaxRatio": 0.2558516923, "incomeTaxExpense": 141463000, "netIncome": 459866000, "netIncomeRatio": 0.1956624316, "eps": 5.75, "epsdiluted": 5.63, "weightedAverageShsOut": 80002000, "weightedAverageShsOutDil": 81742000, "link": "https://www.sec.gov/Archives/edgar/data/1397911/000139791122000014/0001397911-22-000014-index.htm", "finalLink": "https://www.sec.gov/Archives/edgar/data/1397911/000139791122000014/lpla-20211231.htm", "calculatedOtherExpenses": -294079000, "calculatedOperatingExpenses": 749209000, "calculatedNetInterest": -75837000, "calculatedOtherIncome": 75837000, "calculatedIncomeNonControlling": 0, "calculatedEbitda": 832017000}, {"date": "2020-12-31", "symbol": "LPLA", "reportedCurrency": "USD", "cik": "0001397911", "fillingDate": "2021-02-23", "acceptedDate": "2021-02-23 16:06:22", "calendarYear": "2020", "period": "FY", "revenue": 1997543000, "costOfRevenue": 900071000, "grossProfit": 1097472000, "grossProfitRatio": 0.5494109514, "researchAndDevelopmentExpenses": 0, "generalAndAdministrativeExpenses": 609257000, "sellingAndMarketingExpenses": 208250000, "sellingGeneralAndAdministrativeExpenses": 817507000, "otherExpenses": -2188977000, "operatingExpenses": -1371470000, "costAndExpenses": -1371470000, "interestIncome": 29412000, "interestExpense": 105765000, "depreciationAndAmortization": 177090000, "ebitda": 803163000, "ebitdaratio": 0.4020754497, "operatingIncome": 626073000, "operatingIncomeRatio": 0.3134215384, "totalOtherIncomeExpensesNet": 794306000, "incomeBeforeTax": 626073000, "incomeBeforeTaxRatio": 0.3134215384, "incomeTaxExpense": 153433000, "netIncome": 472640000, "netIncomeRatio": 0.2366106762, "eps": 5.96, "epsdiluted": 5.86, "weightedAverageShsOut": 79244000, "weightedAverageShsOutDil": 80702000, "link": "https://www.sec.gov/Archives/edgar/data/1397911/000139791121000029/0001397911-21-000029-index.htm", "finalLink": "https://www.sec.gov/Archives/edgar/data/1397911/000139791121000029/lpla-20201231.htm", "calculatedOtherExpenses": -346108000, "calculatedOperatingExpenses": 471399000, "calculatedNetInterest": -76353000, "calculatedOtherIncome": 76353000, "calculatedIncomeNonControlling": 0, "calculatedEbitda": 803163000}, {"date": "2019-12-31", "symbol": "LPLA", "reportedCurrency": "USD", "cik": "0001397911", "fillingDate": "2020-02-21", "acceptedDate": "2020-02-21 16:04:00", "calendarYear": "2019", "period": "FY", "revenue": 2042224000, "costOfRevenue": 831512000, "grossProfit": 1210712000, "grossProfitRatio": 0.5928399627, "researchAndDevelopmentExpenses": 0, "generalAndAdministrativeExpenses": 556128000, "sellingAndMarketingExpenses": 205537000, "sellingGeneralAndAdministrativeExpenses": 761665000, "otherExpenses": -2062054000, "operatingExpenses": -1300389000, "costAndExpenses": -1300389000, "interestIncome": 46508000, "interestExpense": 130001000, "depreciationAndAmortization": 161113000, "ebitda": 902948000, "ebitdaratio": 0.4421395498, "operatingIncome": 741835000, "operatingIncomeRatio": 0.3632485956, "totalOtherIncomeExpensesNet": 698355000, "incomeBeforeTax": 741835000, "incomeBeforeTaxRatio": 0.3632485956, "incomeTaxExpense": 181955000, "netIncome": 559880000, "netIncomeRatio": 0.2741521008, "eps": 6.78, "epsdiluted": 6.62, "weightedAverageShsOut": 82552000, "weightedAverageShsOutDil": 84624000, "link": "https://www.sec.gov/Archives/edgar/data/1397911/000139791120000023/0001397911-20-000023-index.htm", "finalLink": "https://www.sec.gov/Archives/edgar/data/1397911/000139791120000023/lpla2019123110-kx2019.htm", "calculatedOtherExpenses": -292788000, "calculatedOperatingExpenses": 468877000, "calculatedNetInterest": -83493000, "calculatedOtherIncome": 83493000, "calculatedIncomeNonControlling": 0, "calculatedEbitda": 902948000}, {"date": "2018-12-31", "symbol": "LPLA", "reportedCurrency": "USD", "cik": "0001397911", "fillingDate": "2019-02-26", "acceptedDate": "2019-02-26 17:18:25", "calendarYear": "2018", "period": "FY", "revenue": 1822647000, "costOfRevenue": 768151000, "grossProfit": 1054496000, "grossProfitRatio": 0.5785519632, "researchAndDevelopmentExpenses": 0, "generalAndAdministrativeExpenses": 506650000, "sellingAndMarketingExpenses": 208603000, "sellingGeneralAndAdministrativeExpenses": 715253000, "otherExpenses": -1866562000, "operatingExpenses": -1104987000, "costAndExpenses": -1104987000, "interestIncome": 40210000, "interestExpense": 125023000, "depreciationAndAmortization": 147908000, "ebitda": 865568000, "ebitdaratio": 0.4748961263, "operatingIncome": 717660000, "operatingIncomeRatio": 0.3937460188, "totalOtherIncomeExpensesNet": -125023000, "incomeBeforeTax": 592637000, "incomeBeforeTaxRatio": 0.3251518259, "incomeTaxExpense": 153178000, "netIncome": 439459000, "netIncomeRatio": 0.2411103192, "eps": 4.99, "epsdiluted": 4.85, "weightedAverageShsOut": 88119000, "weightedAverageShsOutDil": 90619000, "link": "https://www.sec.gov/Archives/edgar/data/1397911/000139791119000018/0001397911-19-000018-index.htm", "finalLink": "https://www.sec.gov/Archives/edgar/data/1397911/000139791119000018/lpla2018123110-k.htm", "calculatedOtherExpenses": -378417000, "calculatedOperatingExpenses": 336836000, "calculatedNetInterest": -84813000, "calculatedOtherIncome": -40210000, "calculatedIncomeNonControlling": 0, "calculatedEbitda": 865568000}, {"date": "2017-12-31", "symbol": "LPLA", "reportedCurrency": "USD", "cik": "0001397911", "fillingDate": "2018-02-21", "acceptedDate": "2018-02-20 20:02:40", "calendarYear": "2017", "period": "FY", "revenue": 1447810000, "costOfRevenue": 663950000, "grossProfit": 783860000, "grossProfitRatio": 0.5414108205, "researchAndDevelopmentExpenses": 0, "generalAndAdministrativeExpenses": 456918000, "sellingAndMarketingExpenses": 171661000, "sellingGeneralAndAdministrativeExpenses": 628579000, "otherExpenses": 3787479000, "operatingExpenses": 3787479000, "costAndExpenses": 4451429000, "interestIncome": 24473000, "interestExpense": 107025000, "depreciationAndAmortization": 122364000, "ebitda": 593959000, "ebitdaratio": 0.4102465102, "operatingIncome": -169948000, "operatingIncomeRatio": -0.1173828058, "totalOtherIncomeExpensesNet": 534518000, "incomeBeforeTax": 364570000, "incomeBeforeTaxRatio": 0.251807903, "incomeTaxExpense": 125707000, "netIncome": 238863000, "netIncomeRatio": 0.1649822836, "eps": 2.65, "epsdiluted": 2.59, "weightedAverageShsOut": 90002000, "weightedAverageShsOutDil": 92115000, "link": "https://www.sec.gov/Archives/edgar/data/1397911/000139791118000011/0001397911-18-000011-index.htm", "finalLink": "https://www.sec.gov/Archives/edgar/data/1397911/000139791118000011/lpla2017123110-k.htm", "calculatedOtherExpenses": 325229000, "calculatedOperatingExpenses": 953808000, "calculatedNetInterest": -82552000, "calculatedOtherIncome": 617070000, "calculatedIncomeNonControlling": 0, "calculatedEbitda": -47584000}, {"date": "2016-12-31", "symbol": "LPLA", "reportedCurrency": "USD", "cik": "0001397911", "fillingDate": "2017-02-24", "acceptedDate": "2017-02-24 16:39:13", "calendarYear": "2016", "period": "FY", "revenue": 1297772000, "costOfRevenue": 634676000, "grossProfit": 663096000, "grossProfitRatio": 0.510949535, "researchAndDevelopmentExpenses": 0, "generalAndAdministrativeExpenses": 436557000, "sellingAndMarketingExpenses": 148612000, "sellingGeneralAndAdministrativeExpenses": 585169000, "otherExpenses": 3655389000, "operatingExpenses": 3655389000, "costAndExpenses": 4290065000, "interestIncome": 21282000, "interestExpense": 96478000, "depreciationAndAmortization": 113963000, "ebitda": 507957000, "ebitdaratio": 0.3914069652, "operatingIncome": -240682000, "operatingIncomeRatio": -0.1854578462, "totalOtherIncomeExpensesNet": 538198000, "incomeBeforeTax": 297516000, "incomeBeforeTaxRatio": 0.2292513631, "incomeTaxExpense": 105585000, "netIncome": 191931000, "netIncomeRatio": 0.1478926961, "eps": 2.15, "epsdiluted": 2.13, "weightedAverageShsOut": 89072000, "weightedAverageShsOutDil": 90013000, "link": "https://www.sec.gov/Archives/edgar/data/1397911/000139791117000025/0001397911-17-000025-index.htm", "finalLink": "https://www.sec.gov/Archives/edgar/data/1397911/000139791117000025/lpla2016123110-k.htm", "calculatedOtherExpenses": 318609000, "calculatedOperatingExpenses": 903778000, "calculatedNetInterest": -75196000, "calculatedOtherIncome": 613394000, "calculatedIncomeNonControlling": 0, "calculatedEbitda": -126719000}, {"date": "2015-12-31", "symbol": "LPLA", "reportedCurrency": "USD", "cik": "0001397911", "fillingDate": "2016-02-25", "acceptedDate": "2016-02-25 17:22:40", "calendarYear": "2015", "period": "FY", "revenue": 4215918000, "costOfRevenue": 626922000, "grossProfit": 3588996000, "grossProfitRatio": 0.8512964436, "researchAndDevelopmentExpenses": 0, "generalAndAdministrativeExpenses": 892445000, "sellingAndMarketingExpenses": 139198000, "sellingGeneralAndAdministrativeExpenses": 892445000, "otherExpenses": 3933363000, "operatingExpenses": 3933363000, "costAndExpenses": 4560285000, "interestIncome": 19192000, "interestExpense": 59136000, "depreciationAndAmortization": 111622000, "ebitda": 453313000, "ebitdaratio": 0.1075241501, "operatingIncome": -285231000, "operatingIncomeRatio": -0.0676557276, "totalOtherIncomeExpensesNet": 567786000, "incomeBeforeTax": 282555000, "incomeBeforeTaxRatio": 0.0670209904, "incomeTaxExpense": 113771000, "netIncome": 168784000, "netIncomeRatio": 0.0400349343, "eps": 1.77, "epsdiluted": 1.74, "weightedAverageShsOut": 95273000, "weightedAverageShsOutDil": 96786000, "link": "https://www.sec.gov/Archives/edgar/data/1397911/000139791116000219/0001397911-16-000219-index.htm", "finalLink": "https://www.sec.gov/Archives/edgar/data/1397911/000139791116000219/lpla2015123110-k.htm", "calculatedOtherExpenses": 2981782000, "calculatedOperatingExpenses": 3874227000, "calculatedNetInterest": -39944000, "calculatedOtherIncome": 607730000, "calculatedIncomeNonControlling": 0, "calculatedEbitda": -173609000}, {"date": "2014-12-31", "symbol": "LPLA", "reportedCurrency": "USD", "cik": "0001397911", "fillingDate": "2015-02-20", "acceptedDate": "2015-02-20 17:01:23", "calendarYear": "2014", "period": "FY", "revenue": 4322124000, "costOfRevenue": 566443000, "grossProfit": 3755681000, "grossProfitRatio": 0.8689433714, "researchAndDevelopmentExpenses": 0, "generalAndAdministrativeExpenses": 844270000, "sellingAndMarketingExpenses": 124677000, "sellingGeneralAndAdministrativeExpenses": 844270000, "otherExpenses": 4023484000, "operatingExpenses": 4023484000, "costAndExpenses": 4589927000, "interestIncome": 18982000, "interestExpense": 51538000, "depreciationAndAmortization": 96845000, "ebitda": 443080000, "ebitdaratio": 0.1025144119, "operatingIncome": -216265000, "operatingIncomeRatio": -0.0500367412, "totalOtherIncomeExpensesNet": 510962000, "incomeBeforeTax": 294697000, "incomeBeforeTaxRatio": 0.0681833747, "incomeTaxExpense": 116654000, "netIncome": 178043000, "netIncomeRatio": 0.041193404, "eps": 1.78, "epsdiluted": 1.75, "weightedAverageShsOut": 99847000, "weightedAverageShsOutDil": 101651000, "link": "https://www.sec.gov/Archives/edgar/data/1397911/000139791115000007/0001397911-15-000007-index.htm", "finalLink": "https://www.sec.gov/Archives/edgar/data/1397911/000139791115000007/lpla2014123110-k.htm", "calculatedOtherExpenses": 3127676000, "calculatedOperatingExpenses": 3971946000, "calculatedNetInterest": -32556000, "calculatedOtherIncome": 543518000, "calculatedIncomeNonControlling": 0, "calculatedEbitda": -119420000}, {"date": "2013-12-31", "symbol": "LPLA", "reportedCurrency": "USD", "cik": "0001397911", "fillingDate": "2014-02-26", "acceptedDate": "2014-02-25 20:14:27", "calendarYear": "2013", "period": "FY", "revenue": 4089412000, "costOfRevenue": 543208000, "grossProfit": 3546204000, "grossProfitRatio": 0.8671672113, "researchAndDevelopmentExpenses": 0, "generalAndAdministrativeExpenses": 774335000, "sellingAndMarketingExpenses": 111539000, "sellingGeneralAndAdministrativeExpenses": 774335000, "otherExpenses": 3790147000, "operatingExpenses": 3790147000, "costAndExpenses": 4333355000, "interestIncome": 17887000, "interestExpense": 51446000, "depreciationAndAmortization": 83503000, "ebitda": 426252000, "ebitdaratio": 0.104233078, "operatingIncome": -192497000, "operatingIncomeRatio": -0.0470720485, "totalOtherIncomeExpensesNet": 483800000, "incomeBeforeTax": 291303000, "incomeBeforeTaxRatio": 0.0712334683, "incomeTaxExpense": 109446000, "netIncome": 181857000, "netIncomeRatio": 0.0444702075, "eps": 1.74, "epsdiluted": 1.72, "weightedAverageShsOut": 104698000, "weightedAverageShsOutDil": 106003000, "link": "https://www.sec.gov/Archives/edgar/data/1397911/000139791114000038/0001397911-14-000038-index.htm", "finalLink": "https://www.sec.gov/Archives/edgar/data/1397911/000139791114000038/lpla2013123110-k.htm", "calculatedOtherExpenses": 2964366000, "calculatedOperatingExpenses": 3738701000, "calculatedNetInterest": -33559000, "calculatedOtherIncome": 517359000, "calculatedIncomeNonControlling": 0, "calculatedEbitda": -108994000}, {"date": "2012-12-31", "symbol": "LPLA", "reportedCurrency": "USD", "cik": "0001397911", "fillingDate": "2013-02-26", "acceptedDate": "2013-02-25 19:23:06", "calendarYear": "2012", "period": "FY", "revenue": 3606262000, "costOfRevenue": 2581143000, "grossProfit": 1025119000, "grossProfitRatio": 0.2842608219, "researchAndDevelopmentExpenses": 0, "generalAndAdministrativeExpenses": 712917000, "sellingAndMarketingExpenses": 107074000, "sellingGeneralAndAdministrativeExpenses": 712917000, "otherExpenses": -1432619000, "operatingExpenses": -719702000, "costAndExpenses": 2581143000, "interestIncome": 18742000, "interestExpense": 54826000, "depreciationAndAmortization": 71796000, "ebitda": 377213000, "ebitdaratio": 0.104599444, "operatingIncome": 305417000, "operatingIncomeRatio": 0.0846907407, "totalOtherIncomeExpensesNet": -54826000, "incomeBeforeTax": 250591000, "incomeBeforeTaxRatio": 0.069487741, "incomeTaxExpense": 98673000, "netIncome": 151918000, "netIncomeRatio": 0.0421261683, "eps": 1.39, "epsdiluted": 1.37, "weightedAverageShsOut": 109443000, "weightedAverageShsOutDil": 111060000, "link": "https://www.sec.gov/Archives/edgar/data/1397911/000139791113000012/0001397911-13-000012-index.htm", "finalLink": "https://www.sec.gov/Archives/edgar/data/1397911/000139791113000012/lpla2012123110-k.htm", "calculatedOtherExpenses": 6785000, "calculatedOperatingExpenses": 719702000, "calculatedNetInterest": -36084000, "calculatedOtherIncome": -18742000, "calculatedIncomeNonControlling": 0, "calculatedEbitda": 377213000}, {"date": "2011-12-31", "symbol": "LPLA", "reportedCurrency": "USD", "cik": "0001397911", "fillingDate": "2012-02-27", "acceptedDate": "2012-02-27 17:24:55", "calendarYear": "2011", "period": "FY", "revenue": 3410611000, "costOfRevenue": 0, "grossProfit": 3410611000, "grossProfitRatio": 1, "researchAndDevelopmentExpenses": 0, "generalAndAdministrativeExpenses": 384938000, "sellingAndMarketingExpenses": 2493222000, "sellingGeneralAndAdministrativeExpenses": 2878160000, "otherExpenses": -5937322000, "operatingExpenses": -3059162000, "costAndExpenses": -3059162000, "interestIncome": 20065000, "interestExpense": 68764000, "depreciationAndAmortization": 72741000, "ebitda": 424190000, "ebitdaratio": 0.1243736093, "operatingIncome": 351449000, "operatingIncomeRatio": 0.1030457592, "totalOtherIncomeExpensesNet": -68764000, "incomeBeforeTax": 282685000, "incomeBeforeTaxRatio": 0.0828839759, "incomeTaxExpense": 112303000, "netIncome": 170382000, "netIncomeRatio": 0.0499564448, "eps": 1.55, "epsdiluted": 1.5, "weightedAverageShsOut": 108374000, "weightedAverageShsOutDil": 112119000, "link": "https://www.sec.gov/Archives/edgar/data/1397911/000139791112000009/0001397911-12-000009-index.htm", "finalLink": "https://www.sec.gov/Archives/edgar/data/1397911/000139791112000009/lpla2011123110-k.htm", "calculatedOtherExpenses": 181002000, "calculatedOperatingExpenses": 3059162000, "calculatedNetInterest": -48699000, "calculatedOtherIncome": -20065000, "calculatedIncomeNonControlling": 0, "calculatedEbitda": 424190000}, {"date": "2010-12-31", "symbol": "LPLA", "reportedCurrency": "USD", "cik": "0001397911", "fillingDate": "2011-03-09", "acceptedDate": "2011-03-09 16:35:51", "calendarYear": "2010", "period": "FY", "revenue": 3023079000, "costOfRevenue": 308656000, "grossProfit": 2714423000, "grossProfitRatio": 0.897900121, "researchAndDevelopmentExpenses": 0, "generalAndAdministrativeExpenses": 382800000, "sellingAndMarketingExpenses": 2432101000, "sellingGeneralAndAdministrativeExpenses": 2814901000, "otherExpenses": 2532320000, "operatingExpenses": 2765335000, "costAndExpenses": 3073991000, "interestIncome": 19807000, "interestExpense": 90407000, "depreciationAndAmortization": 86037000, "ebitda": 87595000, "ebitdaratio": 0.0289754254, "operatingIncome": 39495000, "operatingIncomeRatio": 0.0130644948, "totalOtherIncomeExpensesNet": -128344000, "incomeBeforeTax": -88849000, "incomeBeforeTaxRatio": -0.0293902343, "incomeTaxExpense": -31987000, "netIncome": -56862000, "netIncomeRatio": -0.0188093001, "eps": -0.64, "epsdiluted": -0.64, "weightedAverageShsOut": 89441000, "weightedAverageShsOutDil": 89441000, "link": "https://www.sec.gov/Archives/edgar/data/1397911/000095012311023662/0000950123-11-023662-index.htm", "finalLink": "https://www.sec.gov/Archives/edgar/data/1397911/000095012311023662/b84509e10vk.htm", "calculatedOtherExpenses": -139973000, "calculatedOperatingExpenses": 2674928000, "calculatedNetInterest": -70600000, "calculatedOtherIncome": -57744000, "calculatedIncomeNonControlling": 0, "calculatedEbitda": 125532000}, {"date": "2009-12-31", "symbol": "LPLA", "reportedCurrency": "USD", "cik": "0001397911", "fillingDate": "2010-03-09", "acceptedDate": "2010-03-09 16:09:45", "calendarYear": "2009", "period": "FY", "revenue": 2648583000, "costOfRevenue": 270436000, "grossProfit": 2378147000, "grossProfitRatio": 0.8978940815, "researchAndDevelopmentExpenses": 0, "generalAndAdministrativeExpenses": 338855000, "sellingAndMarketingExpenses": 1933929000, "sellingGeneralAndAdministrativeExpenses": 2272784000, "otherExpenses": 2086864000, "operatingExpenses": 2305280000, "costAndExpenses": 2575716000, "interestIncome": 20545000, "interestExpense": 100922000, "depreciationAndAmortization": 108296000, "ebitda": 281785000, "ebitdaratio": 0.1063908513, "operatingIncome": 173789000, "operatingIncomeRatio": 0.0656158406, "totalOtherIncomeExpensesNet": -101222000, "incomeBeforeTax": 72567000, "incomeBeforeTaxRatio": 0.027398424, "incomeTaxExpense": 25047000, "netIncome": 47520000, "netIncomeRatio": 0.0179416692, "eps": 0.55, "epsdiluted": 0.48, "weightedAverageShsOut": 86817000, "weightedAverageShsOutDil": 99303000, "link": "https://www.sec.gov/Archives/edgar/data/1397911/000104746910001938/0001047469-10-001938-index.htm", "finalLink": "https://www.sec.gov/Archives/edgar/data/1397911/000104746910001938/a2196966z10-k.htm", "calculatedOtherExpenses": -68426000, "calculatedOperatingExpenses": 2204358000, "calculatedNetInterest": -80377000, "calculatedOtherIncome": -20845000, "calculatedIncomeNonControlling": 0, "calculatedEbitda": 282085000}, {"date": "2008-12-31", "symbol": "LPLA", "reportedCurrency": "USD", "cik": "0001397911", "fillingDate": "2009-03-24", "acceptedDate": "2009-03-24 12:33:27", "calendarYear": "2008", "period": "FY", "revenue": 3000791000, "costOfRevenue": 137401000, "grossProfit": 2863390000, "grossProfitRatio": 0.9542117395, "researchAndDevelopmentExpenses": 0, "generalAndAdministrativeExpenses": 419667000, "sellingAndMarketingExpenses": 2231757000, "sellingGeneralAndAdministrativeExpenses": 2651424000, "otherExpenses": 0, "operatingExpenses": 120891000, "costAndExpenses": 258292000, "interestIncome": 34465000, "interestExpense": 116339000, "depreciationAndAmortization": 100462000, "ebitda": 309566000, "ebitdaratio": 0.1031614664, "operatingIncome": 33642000, "operatingIncomeRatio": 0.011211044, "totalOtherIncomeExpensesNet": 21224000, "incomeBeforeTax": 92765000, "incomeBeforeTaxRatio": 0.0309135158, "incomeTaxExpense": 47269000, "netIncome": 45496000, "netIncomeRatio": 0.0151613358, "eps": 0.52, "epsdiluted": 0.46, "weightedAverageShsOut": 86817000, "weightedAverageShsOutDil": 99303000, "link": "https://www.sec.gov/Archives/edgar/data/1397911/000104746909003050/0001047469-09-003050-index.htm", "finalLink": "https://www.sec.gov/Archives/edgar/data/1397911/000104746909003050/a2191675z10-k.htm", "calculatedOtherExpenses": 178324000, "calculatedOperatingExpenses": 2829748000, "calculatedNetInterest": -81874000, "calculatedOtherIncome": 140997000, "calculatedIncomeNonControlling": 0, "calculatedEbitda": 134104000}, {"date": "2007-12-31", "symbol": "LPLA", "reportedCurrency": "USD", "cik": "0001397911", "fillingDate": "2008-03-31", "acceptedDate": "2008-03-31 16:44:10", "calendarYear": "2007", "period": "FY", "revenue": 2593757000, "costOfRevenue": 137401000, "grossProfit": 2456356000, "grossProfitRatio": 0.9470262634, "researchAndDevelopmentExpenses": 0, "generalAndAdministrativeExpenses": 317896000, "sellingAndMarketingExpenses": 1972968000, "sellingGeneralAndAdministrativeExpenses": 2290864000, "otherExpenses": 0, "operatingExpenses": 120891000, "costAndExpenses": 258292000, "interestIncome": 36708000, "interestExpense": 123848000, "depreciationAndAmortization": 78748000, "ebitda": 310429000, "ebitdaratio": 0.1196831469, "operatingIncome": 33642000, "operatingIncomeRatio": 0.0129703746, "totalOtherIncomeExpensesNet": 21224000, "incomeBeforeTax": 107833000, "incomeBeforeTaxRatio": 0.0415740565, "incomeTaxExpense": 46764000, "netIncome": 61069000, "netIncomeRatio": 0.0235446112, "eps": 0.7, "epsdiluted": 0.61, "weightedAverageShsOut": 86817000, "weightedAverageShsOutDil": 99303000, "link": "https://www.sec.gov/Archives/edgar/data/1397911/000104746908003848/0001047469-08-003848-index.htm", "finalLink": "https://www.sec.gov/Archives/edgar/data/1397911/000104746908003848/a2183608z10-k.htm", "calculatedOtherExpenses": 131850000, "calculatedOperatingExpenses": 2422714000, "calculatedNetInterest": -87140000, "calculatedOtherIncome": 161331000, "calculatedIncomeNonControlling": 0, "calculatedEbitda": 112390000}, {"date": "2006-12-31", "symbol": "LPLA", "reportedCurrency": "USD", "cik": "0001397911", "fillingDate": "2006-12-31", "acceptedDate": "2006-12-30 19:00:00", "calendarYear": "2006", "period": "FY", "revenue": 1614532000, "costOfRevenue": 0, "grossProfit": 1614532000, "grossProfitRatio": 1, "researchAndDevelopmentExpenses": 0, "generalAndAdministrativeExpenses": 181136000, "sellingAndMarketingExpenses": 1249663000, "sellingGeneralAndAdministrativeExpenses": 1430799000, "otherExpenses": -2865061000, "operatingExpenses": -1434262000, "costAndExpenses": -1434262000, "interestIncome": 28402000, "interestExpense": 125404000, "depreciationAndAmortization": 65348000, "ebitda": 245618000, "ebitdaratio": 0.1521295335, "operatingIncome": 180270000, "operatingIncomeRatio": 0.1116546467, "totalOtherIncomeExpensesNet": -125404000, "incomeBeforeTax": 54866000, "incomeBeforeTaxRatio": 0.033982603, "incomeTaxExpense": 21224000, "netIncome": 33642000, "netIncomeRatio": 0.020836998, "eps": 0.39, "epsdiluted": 0.34, "weightedAverageShsOut": 86817000, "weightedAverageShsOutDil": 99303000, "link": "", "finalLink": "", "calculatedOtherExpenses": 3463000, "calculatedOperatingExpenses": 1434262000, "calculatedNetInterest": -97002000, "calculatedOtherIncome": -28402000, "calculatedIncomeNonControlling": 0, "calculatedEbitda": 245618000}, {"date": "2005-12-31", "symbol": "LPLA", "reportedCurrency": "USD", "cik": "0001397911", "fillingDate": "2005-12-31", "acceptedDate": "2005-12-30 19:00:00", "calendarYear": "2005", "period": "FY", "revenue": 1404932000, "costOfRevenue": 0, "grossProfit": 1404932000, "grossProfitRatio": 1, "researchAndDevelopmentExpenses": 0, "generalAndAdministrativeExpenses": 182540000, "sellingAndMarketingExpenses": 1013936000, "sellingGeneralAndAdministrativeExpenses": 1196476000, "otherExpenses": -2509494000, "operatingExpenses": -1313018000, "costAndExpenses": -1313018000, "interestIncome": 17719000, "interestExpense": 2364000, "depreciationAndAmortization": 17854000, "ebitda": 109768000, "ebitdaratio": 0.0781304718, "operatingIncome": 91914000, "operatingIncomeRatio": 0.0654223834, "totalOtherIncomeExpensesNet": 23836000, "incomeBeforeTax": 115750000, "incomeBeforeTaxRatio": 0.0823883291, "incomeTaxExpense": 46461000, "netIncome": 43089000, "netIncomeRatio": 0.0306698118, "eps": 0.5, "epsdiluted": 0.43, "weightedAverageShsOut": 86817000, "weightedAverageShsOutDil": 99303000, "link": "", "finalLink": "", "calculatedOtherExpenses": 116542000, "calculatedOperatingExpenses": 1313018000, "calculatedNetInterest": 15355000, "calculatedOtherIncome": 8481000, "calculatedIncomeNonControlling": 26200000, "calculatedEbitda": 109768000}]}