{"originalCurrency": "USD", "convertedCurrency": "USD", "report": [{"date": "2023-12-31", "symbol": "LPX", "reportedCurrency": "USD", "cik": "0000060519", "fillingDate": "2024-02-14", "acceptedDate": "2024-02-14 12:57:17", "calendarYear": "2023", "period": "FY", "revenue": 2581000000, "costOfRevenue": 1988000000, "grossProfit": 593000000, "grossProfitRatio": 0.2297559086, "researchAndDevelopmentExpenses": 8000000, "generalAndAdministrativeExpenses": 257000000, "sellingAndMarketingExpenses": 25000000, "sellingGeneralAndAdministrativeExpenses": 257000000, "otherExpenses": -4000000, "operatingExpenses": 258000000, "costAndExpenses": 2246000000, "interestIncome": 18000000, "interestExpense": 13000000, "depreciationAndAmortization": 119000000, "ebitda": 467000000, "ebitdaratio": 0.1809376211, "operatingIncome": 287000000, "operatingIncomeRatio": 0.1111972104, "totalOtherIncomeExpensesNet": -91000000, "incomeBeforeTax": 248000000, "incomeBeforeTaxRatio": 0.0960867881, "incomeTaxExpense": 74000000, "netIncome": 178000000, "netIncomeRatio": 0.0689655172, "eps": 2.47, "epsdiluted": 2.47, "weightedAverageShsOut": 72000000, "weightedAverageShsOutDil": 72000000, "link": "https://www.sec.gov/Archives/edgar/data/60519/000162828024004714/0001628280-24-004714-index.htm", "finalLink": "https://www.sec.gov/Archives/edgar/data/60519/000162828024004714/lpx-20231231.htm", "calculatedOtherExpenses": 41000000, "calculatedOperatingExpenses": 306000000, "calculatedNetInterest": 5000000, "calculatedOtherIncome": -44000000, "calculatedIncomeNonControlling": -4000000, "calculatedEbitda": 406000000}, {"date": "2022-12-31", "symbol": "LPX", "reportedCurrency": "USD", "cik": "0000060519", "fillingDate": "2023-02-21", "acceptedDate": "2023-02-21 14:39:02", "calendarYear": "2022", "period": "FY", "revenue": 3854000000, "costOfRevenue": 2355000000, "grossProfit": 1499000000, "grossProfitRatio": 0.388946549, "researchAndDevelopmentExpenses": 2000000, "generalAndAdministrativeExpenses": 270000000, "sellingAndMarketingExpenses": -6000000, "sellingGeneralAndAdministrativeExpenses": 264000000, "otherExpenses": -16000000, "operatingExpenses": 248000000, "costAndExpenses": 2603000000, "interestIncome": 14000000, "interestExpense": 11000000, "depreciationAndAmortization": 35000000, "ebitda": 1285000000, "ebitdaratio": 0.3334198236, "operatingIncome": 1250000000, "operatingIncomeRatio": 0.3243383498, "totalOtherIncomeExpensesNet": -95000000, "incomeBeforeTax": 1155000000, "incomeBeforeTaxRatio": 0.2996886352, "incomeTaxExpense": 274000000, "netIncome": 1086000000, "netIncomeRatio": 0.2817851583, "eps": 11.9, "epsdiluted": 11.9, "weightedAverageShsOut": 78000000, "weightedAverageShsOutDil": 78000000, "link": "https://www.sec.gov/Archives/edgar/data/60519/000162828023004259/0001628280-23-004259-index.htm", "finalLink": "https://www.sec.gov/Archives/edgar/data/60519/000162828023004259/lpx-20221231.htm", "calculatedOtherExpenses": -17000000, "calculatedOperatingExpenses": 249000000, "calculatedNetInterest": 3000000, "calculatedOtherIncome": -98000000, "calculatedIncomeNonControlling": -205000000, "calculatedEbitda": 1285000000}, {"date": "2021-12-31", "symbol": "LPX", "reportedCurrency": "USD", "cik": "0000060519", "fillingDate": "2022-02-22", "acceptedDate": "2022-02-22 13:12:28", "calendarYear": "2021", "period": "FY", "revenue": 4553000000, "costOfRevenue": 2482000000, "grossProfit": 2071000000, "grossProfitRatio": 0.4548649242, "researchAndDevelopmentExpenses": 2000000, "generalAndAdministrativeExpenses": 242000000, "sellingAndMarketingExpenses": -1000000, "sellingGeneralAndAdministrativeExpenses": 241000000, "otherExpenses": -1000000, "operatingExpenses": 240000000, "costAndExpenses": 2722000000, "interestIncome": 1000000, "interestExpense": 14000000, "depreciationAndAmortization": 109000000, "ebitda": 1933000000, "ebitdaratio": 0.4245552383, "operatingIncome": 1824000000, "operatingIncomeRatio": 0.4006149791, "totalOtherIncomeExpensesNet": -29000000, "incomeBeforeTax": 1795000000, "incomeBeforeTaxRatio": 0.3942455524, "incomeTaxExpense": 426000000, "netIncome": 1377000000, "netIncomeRatio": 0.302437953, "eps": 14.2, "epsdiluted": 14.05, "weightedAverageShsOut": 97000000, "weightedAverageShsOutDil": 98000000, "link": "https://www.sec.gov/Archives/edgar/data/60519/000162828022003299/0001628280-22-003299-index.htm", "finalLink": "https://www.sec.gov/Archives/edgar/data/60519/000162828022003299/lpx-20211231.htm", "calculatedOtherExpenses": 4000000, "calculatedOperatingExpenses": 247000000, "calculatedNetInterest": -13000000, "calculatedOtherIncome": -16000000, "calculatedIncomeNonControlling": -8000000, "calculatedEbitda": 1933000000}, {"date": "2020-12-31", "symbol": "LPX", "reportedCurrency": "USD", "cik": "0000060519", "fillingDate": "2021-02-18", "acceptedDate": "2021-02-18 16:47:36", "calendarYear": "2020", "period": "FY", "revenue": 2788000000, "costOfRevenue": 1920000000, "grossProfit": 868000000, "grossProfitRatio": 0.3113342898, "researchAndDevelopmentExpenses": 0, "generalAndAdministrativeExpenses": 212000000, "sellingAndMarketingExpenses": -1000000, "sellingGeneralAndAdministrativeExpenses": 211000000, "otherExpenses": 4000000, "operatingExpenses": 215000000, "costAndExpenses": 2135000000, "interestIncome": 2000000, "interestExpense": 19000000, "depreciationAndAmortization": 127000000, "ebitda": 763000000, "ebitdaratio": 0.2736728838, "operatingIncome": 636000000, "operatingIncomeRatio": 0.2281205165, "totalOtherIncomeExpensesNet": -15000000, "incomeBeforeTax": 621000000, "incomeBeforeTaxRatio": 0.2227403156, "incomeTaxExpense": 125000000, "netIncome": 499000000, "netIncomeRatio": 0.1789813486, "eps": 4.5, "epsdiluted": 4.46, "weightedAverageShsOut": 111000000, "weightedAverageShsOutDil": 112000000, "link": "https://www.sec.gov/Archives/edgar/data/60519/000162828021002469/0001628280-21-002469-index.htm", "finalLink": "https://www.sec.gov/Archives/edgar/data/60519/000162828021002469/lpx-20201231.htm", "calculatedOtherExpenses": 21000000, "calculatedOperatingExpenses": 232000000, "calculatedNetInterest": -17000000, "calculatedOtherIncome": 2000000, "calculatedIncomeNonControlling": -3000000, "calculatedEbitda": 763000000}, {"date": "2019-12-31", "symbol": "LPX", "reportedCurrency": "USD", "cik": "0000060519", "fillingDate": "2020-02-13", "acceptedDate": "2020-02-13 16:15:11", "calendarYear": "2019", "period": "FY", "revenue": 2310000000, "costOfRevenue": 2007000000, "grossProfit": 303000000, "grossProfitRatio": 0.1311688312, "researchAndDevelopmentExpenses": 0, "generalAndAdministrativeExpenses": 230000000, "sellingAndMarketingExpenses": 28000000, "sellingGeneralAndAdministrativeExpenses": 230000000, "otherExpenses": 1000000, "operatingExpenses": 231000000, "costAndExpenses": 2238000000, "interestIncome": -9000000, "interestExpense": 17000000, "depreciationAndAmortization": 123000000, "ebitda": 287000000, "ebitdaratio": 0.1242424242, "operatingIncome": 164000000, "operatingIncomeRatio": 0.070995671, "totalOtherIncomeExpensesNet": -187000000, "incomeBeforeTax": -23000000, "incomeBeforeTaxRatio": -0.00995671, "incomeTaxExpense": -13000000, "netIncome": -10000000, "netIncomeRatio": -0.0043290043, "eps": -0.0813, "epsdiluted": -0.0813, "weightedAverageShsOut": 123000000, "weightedAverageShsOutDil": 123000000, "link": "https://www.sec.gov/Archives/edgar/data/60519/000179349820000014/0001793498-20-000014-index.htm", "finalLink": "https://www.sec.gov/Archives/edgar/data/60519/000179349820000014/lpx1231201910k.htm", "calculatedOtherExpenses": -91000000, "calculatedOperatingExpenses": 139000000, "calculatedNetInterest": -26000000, "calculatedOtherIncome": -161000000, "calculatedIncomeNonControlling": 0, "calculatedEbitda": 287000000}, {"date": "2018-12-31", "symbol": "LPX", "reportedCurrency": "USD", "cik": "0000060519", "fillingDate": "2019-02-14", "acceptedDate": "2019-02-14 16:00:59", "calendarYear": "2018", "period": "FY", "revenue": 2828000000, "costOfRevenue": 2084000000, "grossProfit": 744000000, "grossProfitRatio": 0.2630834512, "researchAndDevelopmentExpenses": 0, "generalAndAdministrativeExpenses": 209300000, "sellingAndMarketingExpenses": 21000000, "sellingGeneralAndAdministrativeExpenses": 209300000, "otherExpenses": -3900000, "operatingExpenses": 207100000, "costAndExpenses": 2291100000, "interestIncome": 18100000, "interestExpense": 15800000, "depreciationAndAmortization": 120000000, "ebitda": 653000000, "ebitdaratio": 0.2309052334, "operatingIncome": 526100000, "operatingIncomeRatio": 0.1860325318, "totalOtherIncomeExpensesNet": 2900000, "incomeBeforeTax": 524000000, "incomeBeforeTaxRatio": 0.1852899576, "incomeTaxExpense": 122300000, "netIncome": 394600000, "netIncomeRatio": 0.139533239, "eps": 2.76, "epsdiluted": 2.73, "weightedAverageShsOut": 143000000, "weightedAverageShsOutDil": 144400000, "link": "https://www.sec.gov/Archives/edgar/data/60519/000150433719000008/0001504337-19-000008-index.htm", "finalLink": "https://www.sec.gov/Archives/edgar/data/60519/000150433719000008/lpx1231201810k.htm", "calculatedOtherExpenses": 8600000, "calculatedOperatingExpenses": 217900000, "calculatedNetInterest": 2300000, "calculatedOtherIncome": -4400000, "calculatedIncomeNonControlling": 7100000, "calculatedEbitda": 646100000}, {"date": "2017-12-31", "symbol": "LPX", "reportedCurrency": "USD", "cik": "0000060519", "fillingDate": "2018-02-13", "acceptedDate": "2018-02-13 17:27:07", "calendarYear": "2017", "period": "FY", "revenue": 2733900000, "costOfRevenue": 1882000000, "grossProfit": 851900000, "grossProfitRatio": 0.3116061304, "researchAndDevelopmentExpenses": 0, "generalAndAdministrativeExpenses": 190400000, "sellingAndMarketingExpenses": 0, "sellingGeneralAndAdministrativeExpenses": 190400000, "otherExpenses": 1000000, "operatingExpenses": 321700000, "costAndExpenses": 2203700000, "interestIncome": 0, "interestExpense": 18400000, "depreciationAndAmortization": 123300000, "ebitda": 653600000, "ebitdaratio": 0.2390723874, "operatingIncome": 523400000, "operatingIncomeRatio": 0.1914481144, "totalOtherIncomeExpensesNet": -700000, "incomeBeforeTax": 510200000, "incomeBeforeTaxRatio": 0.1866198471, "incomeTaxExpense": 119100000, "netIncome": 389800000, "netIncomeRatio": 0.1425801968, "eps": 2.7, "epsdiluted": 2.66, "weightedAverageShsOut": 144000000, "weightedAverageShsOutDil": 146000000, "link": "https://www.sec.gov/Archives/edgar/data/60519/000150433718000006/0001504337-18-000006-index.htm", "finalLink": "https://www.sec.gov/Archives/edgar/data/60519/000150433718000006/lpx1231201710k.htm", "calculatedOtherExpenses": 138100000, "calculatedOperatingExpenses": 328500000, "calculatedNetInterest": -18400000, "calculatedOtherIncome": 5200000, "calculatedIncomeNonControlling": 1300000, "calculatedEbitda": 646700000}, {"date": "2016-12-31", "symbol": "LPX", "reportedCurrency": "USD", "cik": "0000060519", "fillingDate": "2017-02-15", "acceptedDate": "2017-02-14 18:10:56", "calendarYear": "2016", "period": "FY", "revenue": 2233400000, "costOfRevenue": 1724000000, "grossProfit": 509400000, "grossProfitRatio": 0.2280827438, "researchAndDevelopmentExpenses": 0, "generalAndAdministrativeExpenses": 183600000, "sellingAndMarketingExpenses": 0, "sellingGeneralAndAdministrativeExpenses": 183600000, "otherExpenses": -15200000, "operatingExpenses": 313800000, "costAndExpenses": 2037800000, "interestIncome": 0, "interestExpense": 32100000, "depreciationAndAmortization": 112800000, "ebitda": 293200000, "ebitdaratio": 0.1312796633, "operatingIncome": 204000000, "operatingIncomeRatio": 0.091340557, "totalOtherIncomeExpensesNet": 1400000, "incomeBeforeTax": 164900000, "incomeBeforeTaxRatio": 0.0738336169, "incomeTaxExpense": 19800000, "netIncome": 149800000, "netIncomeRatio": 0.0670726247, "eps": 1.04, "epsdiluted": 1.03, "weightedAverageShsOut": 143400000, "weightedAverageShsOutDil": 145300000, "link": "https://www.sec.gov/Archives/edgar/data/60519/000150433717000007/0001504337-17-000007-index.htm", "finalLink": "https://www.sec.gov/Archives/edgar/data/60519/000150433717000007/lpx1231201610k.htm", "calculatedOtherExpenses": 121800000, "calculatedOperatingExpenses": 305400000, "calculatedNetInterest": -32100000, "calculatedOtherIncome": -7000000, "calculatedIncomeNonControlling": -4700000, "calculatedEbitda": 316800000}, {"date": "2015-12-31", "symbol": "LPX", "reportedCurrency": "USD", "cik": "0000060519", "fillingDate": "2016-02-24", "acceptedDate": "2016-02-24 11:29:54", "calendarYear": "2015", "period": "FY", "revenue": 1892500000, "costOfRevenue": 1682700000, "grossProfit": 209800000, "grossProfitRatio": 0.1108586526, "researchAndDevelopmentExpenses": 0, "generalAndAdministrativeExpenses": 152800000, "sellingAndMarketingExpenses": 0, "sellingGeneralAndAdministrativeExpenses": 152800000, "otherExpenses": -5300000, "operatingExpenses": 271000000, "costAndExpenses": 1953700000, "interestIncome": 0, "interestExpense": 31200000, "depreciationAndAmortization": 101900000, "ebitda": 35400000, "ebitdaratio": 0.0187054161, "operatingIncome": -63300000, "operatingIncomeRatio": -0.0334478203, "totalOtherIncomeExpensesNet": -3000000, "incomeBeforeTax": -95400000, "incomeBeforeTaxRatio": -0.0504095112, "incomeTaxExpense": -2700000, "netIncome": -88100000, "netIncomeRatio": -0.0465521797, "eps": -0.62, "epsdiluted": -0.62, "weightedAverageShsOut": 142400000, "weightedAverageShsOutDil": 142400000, "link": "https://www.sec.gov/Archives/edgar/data/60519/000150433716000048/0001504337-16-000048-index.htm", "finalLink": "https://www.sec.gov/Archives/edgar/data/60519/000150433716000048/lpx1231201510k.htm", "calculatedOtherExpenses": 120300000, "calculatedOperatingExpenses": 273100000, "calculatedNetInterest": -31200000, "calculatedOtherIncome": -900000, "calculatedIncomeNonControlling": -4600000, "calculatedEbitda": 38600000}, {"date": "2014-12-31", "symbol": "LPX", "reportedCurrency": "USD", "cik": "0000060519", "fillingDate": "2015-03-02", "acceptedDate": "2015-03-02 15:28:05", "calendarYear": "2014", "period": "FY", "revenue": 1934800000, "costOfRevenue": 1757800000, "grossProfit": 177000000, "grossProfitRatio": 0.0914823238, "researchAndDevelopmentExpenses": 0, "generalAndAdministrativeExpenses": 149500000, "sellingAndMarketingExpenses": 0, "sellingGeneralAndAdministrativeExpenses": 149500000, "otherExpenses": -3100000, "operatingExpenses": 257700000, "costAndExpenses": 2015500000, "interestIncome": 0, "interestExpense": 29800000, "depreciationAndAmortization": 100700000, "ebitda": 16900000, "ebitdaratio": 0.0087347529, "operatingIncome": -77600000, "operatingIncomeRatio": -0.0401075047, "totalOtherIncomeExpensesNet": 5500000, "incomeBeforeTax": -105000000, "incomeBeforeTaxRatio": -0.0542691751, "incomeTaxExpense": -27200000, "netIncome": -75400000, "netIncomeRatio": -0.0389704362, "eps": -0.53, "epsdiluted": -0.53, "weightedAverageShsOut": 141100000, "weightedAverageShsOutDil": 141100000, "link": "https://www.sec.gov/Archives/edgar/data/60519/000150433715000010/0001504337-15-000010-index.htm", "finalLink": "https://www.sec.gov/Archives/edgar/data/60519/000150433715000010/lpx1231201410k.htm", "calculatedOtherExpenses": 105100000, "calculatedOperatingExpenses": 254600000, "calculatedNetInterest": -29800000, "calculatedOtherIncome": 2400000, "calculatedIncomeNonControlling": -2400000, "calculatedEbitda": 23100000}, {"date": "2013-12-31", "symbol": "LPX", "reportedCurrency": "USD", "cik": "0000060519", "fillingDate": "2014-02-27", "acceptedDate": "2014-02-27 11:37:19", "calendarYear": "2013", "period": "FY", "revenue": 2085200000, "costOfRevenue": 1636900000, "grossProfit": 448300000, "grossProfitRatio": 0.2149913677, "researchAndDevelopmentExpenses": 0, "generalAndAdministrativeExpenses": 150200000, "sellingAndMarketingExpenses": 0, "sellingGeneralAndAdministrativeExpenses": 150200000, "otherExpenses": 29500000, "operatingExpenses": 245300000, "costAndExpenses": 1882200000, "interestIncome": 0, "interestExpense": 36000000, "depreciationAndAmortization": 91300000, "ebitda": 323800000, "ebitdaratio": 0.1552848648, "operatingIncome": 202800000, "operatingIncomeRatio": 0.0972568579, "totalOtherIncomeExpensesNet": 39600000, "incomeBeforeTax": 206600000, "incomeBeforeTaxRatio": 0.099079225, "incomeTaxExpense": 41100000, "netIncome": 177100000, "netIncomeRatio": 0.084931901, "eps": 1.27, "epsdiluted": 1.23, "weightedAverageShsOut": 139600000, "weightedAverageShsOutDil": 144300000, "link": "https://www.sec.gov/Archives/edgar/data/60519/000150433714000012/0001504337-14-000012-index.htm", "finalLink": "https://www.sec.gov/Archives/edgar/data/60519/000150433714000012/lpx1231201310k.htm", "calculatedOtherExpenses": 95300000, "calculatedOperatingExpenses": 245500000, "calculatedNetInterest": -36000000, "calculatedOtherIncome": 39800000, "calculatedIncomeNonControlling": -11600000, "calculatedEbitda": 294100000}, {"date": "2012-12-31", "symbol": "LPX", "reportedCurrency": "USD", "cik": "0000060519", "fillingDate": "2013-02-28", "acceptedDate": "2013-02-28 15:51:10", "calendarYear": "2012", "period": "FY", "revenue": 1715800000, "costOfRevenue": 1403100000, "grossProfit": 312700000, "grossProfitRatio": 0.1822473482, "researchAndDevelopmentExpenses": 0, "generalAndAdministrativeExpenses": 129400000, "sellingAndMarketingExpenses": 0, "sellingGeneralAndAdministrativeExpenses": 129400000, "otherExpenses": -34900000, "operatingExpenses": 200400000, "costAndExpenses": 1603500000, "interestIncome": 0, "interestExpense": 49300000, "depreciationAndAmortization": 73900000, "ebitda": 151300000, "ebitdaratio": 0.0881804406, "operatingIncome": 107400000, "operatingIncomeRatio": 0.062594708, "totalOtherIncomeExpensesNet": -25000000, "incomeBeforeTax": 38000000, "incomeBeforeTaxRatio": 0.0221471034, "incomeTaxExpense": 7600000, "netIncome": 28800000, "netIncomeRatio": 0.0167851731, "eps": 0.21, "epsdiluted": 0.2, "weightedAverageShsOut": 137100000, "weightedAverageShsOutDil": 142600000, "link": "https://www.sec.gov/Archives/edgar/data/60519/000150433713000009/0001504337-13-000009-index.htm", "finalLink": "https://www.sec.gov/Archives/edgar/data/60519/000150433713000009/lpx1231201210k.htm", "calculatedOtherExpenses": 75900000, "calculatedOperatingExpenses": 205300000, "calculatedNetInterest": -49300000, "calculatedOtherIncome": -20100000, "calculatedIncomeNonControlling": 1600000, "calculatedEbitda": 181300000}, {"date": "2011-12-31", "symbol": "LPX", "reportedCurrency": "USD", "cik": "0000060519", "fillingDate": "2012-02-29", "acceptedDate": "2012-02-29 13:15:41", "calendarYear": "2011", "period": "FY", "revenue": 1356900000, "costOfRevenue": 1244300000, "grossProfit": 112600000, "grossProfitRatio": 0.0829832707, "researchAndDevelopmentExpenses": 0, "generalAndAdministrativeExpenses": 111200000, "sellingAndMarketingExpenses": 0, "sellingGeneralAndAdministrativeExpenses": 111200000, "otherExpenses": 78900000, "operatingExpenses": 264000000, "costAndExpenses": 1508300000, "interestIncome": 0, "interestExpense": 56900000, "depreciationAndAmortization": 78900000, "ebitda": -72500000, "ebitdaratio": -0.0534306139, "operatingIncome": -140200000, "operatingIncomeRatio": -0.1033237527, "totalOtherIncomeExpensesNet": 38900000, "incomeBeforeTax": -169400000, "incomeBeforeTaxRatio": -0.124843393, "incomeTaxExpense": -33200000, "netIncome": -170700000, "netIncomeRatio": -0.1258014592, "eps": -1.28, "epsdiluted": -1.28, "weightedAverageShsOut": 133200000, "weightedAverageShsOutDil": 133200000, "link": "https://www.sec.gov/Archives/edgar/data/60519/000150433712000010/0001504337-12-000010-index.htm", "finalLink": "https://www.sec.gov/Archives/edgar/data/60519/000150433712000010/lpx1231201110k.htm", "calculatedOtherExpenses": 141600000, "calculatedOperatingExpenses": 252800000, "calculatedNetInterest": -56900000, "calculatedOtherIncome": 27700000, "calculatedIncomeNonControlling": 34500000, "calculatedEbitda": -61300000}, {"date": "2010-12-31", "symbol": "LPX", "reportedCurrency": "USD", "cik": "0000060519", "fillingDate": "2011-02-28", "acceptedDate": "2011-02-28 14:18:02", "calendarYear": "2010", "period": "FY", "revenue": 1383600000, "costOfRevenue": 1187900000, "grossProfit": 195700000, "grossProfitRatio": 0.1414426135, "researchAndDevelopmentExpenses": 0, "generalAndAdministrativeExpenses": 118800000, "sellingAndMarketingExpenses": 0, "sellingGeneralAndAdministrativeExpenses": 118800000, "otherExpenses": 82000000, "operatingExpenses": 200800000, "costAndExpenses": 1388700000, "interestIncome": 0, "interestExpense": 63900000, "depreciationAndAmortization": 82000000, "ebitda": 76900000, "ebitdaratio": 0.0555796473, "operatingIncome": -7600000, "operatingIncomeRatio": -0.005492917, "totalOtherIncomeExpensesNet": 21100000, "incomeBeforeTax": -47900000, "incomeBeforeTaxRatio": -0.0346198323, "incomeTaxExpense": -22100000, "netIncome": -39000000, "netIncomeRatio": -0.0281873374, "eps": -0.3, "epsdiluted": -0.3, "weightedAverageShsOut": 129100000, "weightedAverageShsOutDil": 129100000, "link": "https://www.sec.gov/Archives/edgar/data/60519/000119312511049415/0001193125-11-049415-index.htm", "finalLink": "https://www.sec.gov/Archives/edgar/data/60519/000119312511049415/d10k.htm", "calculatedOtherExpenses": 84500000, "calculatedOperatingExpenses": 203300000, "calculatedNetInterest": -63900000, "calculatedOtherIncome": 23600000, "calculatedIncomeNonControlling": 13200000, "calculatedEbitda": 74400000}, {"date": "2009-12-31", "symbol": "LPX", "reportedCurrency": "USD", "cik": "0000060519", "fillingDate": "2010-03-01", "acceptedDate": "2010-03-01 15:19:14", "calendarYear": "2009", "period": "FY", "revenue": 1054700000, "costOfRevenue": 994500000, "grossProfit": 60200000, "grossProfitRatio": 0.057077842, "researchAndDevelopmentExpenses": 0, "generalAndAdministrativeExpenses": 114400000, "sellingAndMarketingExpenses": 0, "sellingGeneralAndAdministrativeExpenses": 114400000, "otherExpenses": 80000000, "operatingExpenses": 194400000, "costAndExpenses": 1188900000, "interestIncome": 26100000, "interestExpense": 71600000, "depreciationAndAmortization": 80000000, "ebitda": -28100000, "ebitdaratio": -0.0266426472, "operatingIncome": -133300000, "operatingIncomeRatio": -0.1263866502, "totalOtherIncomeExpensesNet": 10300000, "incomeBeforeTax": -169400000, "incomeBeforeTaxRatio": -0.1606143927, "incomeTaxExpense": -63400000, "netIncome": -121400000, "netIncomeRatio": -0.115103821, "eps": -1.12, "epsdiluted": -1.12, "weightedAverageShsOut": 108400000, "weightedAverageShsOutDil": 108400000, "link": "https://www.sec.gov/Archives/edgar/data/60519/000119312510044563/0001193125-10-044563-index.htm", "finalLink": "https://www.sec.gov/Archives/edgar/data/60519/000119312510044563/d10k.htm", "calculatedOtherExpenses": 79100000, "calculatedOperatingExpenses": 193500000, "calculatedNetInterest": -45500000, "calculatedOtherIncome": 9400000, "calculatedIncomeNonControlling": 15400000, "calculatedEbitda": -53300000}, {"date": "2008-12-31", "symbol": "LPX", "reportedCurrency": "USD", "cik": "0000060519", "fillingDate": "2008-12-31", "acceptedDate": "2008-12-30 19:00:00", "calendarYear": "2008", "period": "FY", "revenue": 1376200000, "costOfRevenue": 1404800000, "grossProfit": -28600000, "grossProfitRatio": -0.0207818631, "researchAndDevelopmentExpenses": 0, "generalAndAdministrativeExpenses": 0, "sellingAndMarketingExpenses": 0, "sellingGeneralAndAdministrativeExpenses": 232100000, "otherExpenses": 382900000, "operatingExpenses": 615000000, "costAndExpenses": 2019800000, "interestIncome": 0, "interestExpense": 0, "depreciationAndAmortization": 100400000, "ebitda": -200100000, "ebitdaratio": -0.1454003779, "operatingIncome": -643600000, "operatingIncomeRatio": -0.4676645836, "totalOtherIncomeExpensesNet": -357100000, "incomeBeforeTax": -753300000, "incomeBeforeTaxRatio": -0.5473768348, "incomeTaxExpense": -202000000, "netIncome": -578800000, "netIncomeRatio": -0.4205784043, "eps": -5.62, "epsdiluted": -5.62, "weightedAverageShsOut": 102900000, "weightedAverageShsOutDil": 102900000, "link": "", "finalLink": "", "calculatedOtherExpenses": 382900000, "calculatedOperatingExpenses": 615000000, "calculatedNetInterest": 0, "calculatedOtherIncome": -109700000, "calculatedIncomeNonControlling": 27500000, "calculatedEbitda": -543200000}, {"date": "2007-12-31", "symbol": "LPX", "reportedCurrency": "USD", "cik": "0000060519", "fillingDate": "2009-02-27", "acceptedDate": "2009-02-27 17:28:41", "calendarYear": "2007", "period": "FY", "revenue": 1704900000, "costOfRevenue": 1667600000, "grossProfit": 37300000, "grossProfitRatio": 0.021878116, "researchAndDevelopmentExpenses": 0, "generalAndAdministrativeExpenses": 139000000, "sellingAndMarketingExpenses": 0, "sellingGeneralAndAdministrativeExpenses": 139000000, "otherExpenses": 164700000, "operatingExpenses": 303700000, "costAndExpenses": 1971300000, "interestIncome": 0, "interestExpense": -35300000, "depreciationAndAmortization": 109800000, "ebitda": -112800000, "ebitdaratio": -0.0661622383, "operatingIncome": -266400000, "operatingIncomeRatio": -0.1562554989, "totalOtherIncomeExpensesNet": -43800000, "incomeBeforeTax": -270600000, "incomeBeforeTaxRatio": -0.1587189865, "incomeTaxExpense": -133400000, "netIncome": -179900000, "netIncomeRatio": -0.1055193853, "eps": -1.73, "epsdiluted": -1.73, "weightedAverageShsOut": 103700000, "weightedAverageShsOutDil": 103700000, "link": "https://www.sec.gov/Archives/edgar/data/60519/000119312509041236/0001193125-09-041236-index.htm", "finalLink": "https://www.sec.gov/Archives/edgar/data/60519/000119312509041236/d10k.htm", "calculatedOtherExpenses": 164700000, "calculatedOperatingExpenses": 303700000, "calculatedNetInterest": 35300000, "calculatedOtherIncome": -39500000, "calculatedIncomeNonControlling": 42700000, "calculatedEbitda": -156600000}, {"date": "2006-12-31", "symbol": "LPX", "reportedCurrency": "USD", "cik": "0000060519", "fillingDate": "2007-03-01", "acceptedDate": "2007-02-28 20:36:38", "calendarYear": "2006", "period": "FY", "revenue": 2235100000, "costOfRevenue": 1826800000, "grossProfit": 408300000, "grossProfitRatio": 0.1826763903, "researchAndDevelopmentExpenses": 0, "generalAndAdministrativeExpenses": 166800000, "sellingAndMarketingExpenses": 0, "sellingGeneralAndAdministrativeExpenses": 166800000, "otherExpenses": 131300000, "operatingExpenses": 298100000, "costAndExpenses": 2124900000, "interestIncome": 0, "interestExpense": -49400000, "depreciationAndAmortization": 128000000, "ebitda": 148300000, "ebitdaratio": 0.0663504989, "operatingIncome": 110200000, "operatingIncomeRatio": 0.0493042817, "totalOtherIncomeExpensesNet": 85600000, "incomeBeforeTax": 154000000, "incomeBeforeTaxRatio": 0.0689007203, "incomeTaxExpense": 24200000, "netIncome": 123700000, "netIncomeRatio": 0.0553442799, "eps": 1.18, "epsdiluted": 1.17, "weightedAverageShsOut": 105100000, "weightedAverageShsOutDil": 105500000, "link": "https://www.sec.gov/Archives/edgar/data/60519/000110465907015101/0001104659-07-015101-index.htm", "finalLink": "https://www.sec.gov/Archives/edgar/data/60519/000110465907015101/a07-5334_110k.htm", "calculatedOtherExpenses": 131300000, "calculatedOperatingExpenses": 298100000, "calculatedNetInterest": 49400000, "calculatedOtherIncome": -5600000, "calculatedIncomeNonControlling": 6100000, "calculatedEbitda": 238200000}, {"date": "2005-12-31", "symbol": "LPX", "reportedCurrency": "USD", "cik": "0000060519", "fillingDate": "2006-03-08", "acceptedDate": "2006-03-08 11:28:00", "calendarYear": "2005", "period": "FY", "revenue": 2598900000, "costOfRevenue": 1783300000, "grossProfit": 815600000, "grossProfitRatio": 0.3138250798, "researchAndDevelopmentExpenses": 0, "generalAndAdministrativeExpenses": 151300000, "sellingAndMarketingExpenses": 0, "sellingGeneralAndAdministrativeExpenses": 151300000, "otherExpenses": 142700000, "operatingExpenses": 294000000, "costAndExpenses": 2077300000, "interestIncome": 0, "interestExpense": -54600000, "depreciationAndAmortization": 135100000, "ebitda": 668600000, "ebitdaratio": 0.2572626881, "operatingIncome": 521600000, "operatingIncomeRatio": 0.2007002963, "totalOtherIncomeExpensesNet": -11200000, "incomeBeforeTax": 536400000, "incomeBeforeTaxRatio": 0.2063950133, "incomeTaxExpense": 61300000, "netIncome": 455500000, "netIncomeRatio": 0.1752664589, "eps": 4.18, "epsdiluted": 4.15, "weightedAverageShsOut": 109000000, "weightedAverageShsOutDil": 109700000, "link": "https://www.sec.gov/Archives/edgar/data/60519/000110465906014863/0001104659-06-014863-index.htm", "finalLink": "https://www.sec.gov/Archives/edgar/data/60519/000110465906014863/a06-2371_110k.htm", "calculatedOtherExpenses": 142700000, "calculatedOperatingExpenses": 294000000, "calculatedNetInterest": 54600000, "calculatedOtherIncome": -39800000, "calculatedIncomeNonControlling": 19600000, "calculatedEbitda": 656700000}, {"date": "2004-12-31", "symbol": "LPX", "reportedCurrency": "USD", "cik": "0000060519", "fillingDate": "2005-03-11", "acceptedDate": "2005-03-10 17:58:54", "calendarYear": "2004", "period": "FY", "revenue": 2849400000, "costOfRevenue": 1741700000, "grossProfit": 1107700000, "grossProfitRatio": 0.3887485085, "researchAndDevelopmentExpenses": 0, "generalAndAdministrativeExpenses": 166200000, "sellingAndMarketingExpenses": 0, "sellingGeneralAndAdministrativeExpenses": 166200000, "otherExpenses": 190600000, "operatingExpenses": 356800000, "costAndExpenses": 2098500000, "interestIncome": 45600000, "interestExpense": -65300000, "depreciationAndAmortization": 145100000, "ebitda": 974800000, "ebitdaratio": 0.3421071103, "operatingIncome": 750900000, "operatingIncomeRatio": 0.263529164, "totalOtherIncomeExpensesNet": -75000000, "incomeBeforeTax": 703200000, "incomeBeforeTaxRatio": 0.2467887976, "incomeTaxExpense": 279700000, "netIncome": 420700000, "netIncomeRatio": 0.1476451183, "eps": 3.88, "epsdiluted": 3.84, "weightedAverageShsOut": 108300000, "weightedAverageShsOutDil": 109600000, "link": "https://www.sec.gov/Archives/edgar/data/60519/000110465905010457/0001104659-05-010457-index.htm", "finalLink": "https://www.sec.gov/Archives/edgar/data/60519/000110465905010457/a05-4546_310k.htm", "calculatedOtherExpenses": 190600000, "calculatedOperatingExpenses": 356800000, "calculatedNetInterest": 110900000, "calculatedOtherIncome": -158600000, "calculatedIncomeNonControlling": 2800000, "calculatedEbitda": 896000000}, {"date": "2003-12-31", "symbol": "LPX", "reportedCurrency": "USD", "cik": "0000060519", "fillingDate": "2004-03-11", "acceptedDate": "2004-03-11 16:43:14", "calendarYear": "2003", "period": "FY", "revenue": 2300200000, "costOfRevenue": 1530700000, "grossProfit": 769500000, "grossProfitRatio": 0.3345361273, "researchAndDevelopmentExpenses": 0, "generalAndAdministrativeExpenses": 182400000, "sellingAndMarketingExpenses": 0, "sellingGeneralAndAdministrativeExpenses": 182400000, "otherExpenses": 16800000, "operatingExpenses": 199200000, "costAndExpenses": 1729900000, "interestIncome": 33900000, "interestExpense": -88500000, "depreciationAndAmortization": 141300000, "ebitda": 593900000, "ebitdaratio": 0.2581949396, "operatingIncome": 570300000, "operatingIncomeRatio": 0.2479349622, "totalOtherIncomeExpensesNet": 119600000, "incomeBeforeTax": 517100000, "incomeBeforeTaxRatio": 0.2248065386, "incomeTaxExpense": 233100000, "netIncome": 272500000, "netIncomeRatio": 0.1184679593, "eps": 2.58, "epsdiluted": 2.56, "weightedAverageShsOut": 105500000, "weightedAverageShsOutDil": 106500000, "link": "https://www.sec.gov/Archives/edgar/data/60519/000104746904007508/0001047469-04-007508-index.htm", "finalLink": "https://www.sec.gov/Archives/edgar/data/60519/000104746904007508/a2130437z10-k.htm", "calculatedOtherExpenses": 16800000, "calculatedOperatingExpenses": 199200000, "calculatedNetInterest": 122400000, "calculatedOtherIncome": -175600000, "calculatedIncomeNonControlling": 11500000, "calculatedEbitda": 711600000}, {"date": "2002-12-31", "symbol": "LPX", "reportedCurrency": "USD", "cik": "0000060519", "fillingDate": "2003-03-17", "acceptedDate": "2003-03-17 15:17:51", "calendarYear": "2002", "period": "FY", "revenue": 1942700000, "costOfRevenue": 1619700000, "grossProfit": 323000000, "grossProfitRatio": 0.1662634478, "researchAndDevelopmentExpenses": 0, "generalAndAdministrativeExpenses": 181400000, "sellingAndMarketingExpenses": 0, "sellingGeneralAndAdministrativeExpenses": 181400000, "otherExpenses": 96300000, "operatingExpenses": 277700000, "costAndExpenses": 1897400000, "interestIncome": 32799999, "interestExpense": -95800000, "depreciationAndAmortization": 157600000, "ebitda": 170500000, "ebitdaratio": 0.0877644515, "operatingIncome": 45300000, "operatingIncomeRatio": 0.0233180625, "totalOtherIncomeExpensesNet": 35200000, "incomeBeforeTax": -20900000, "incomeBeforeTaxRatio": -0.0107582231, "incomeTaxExpense": 4300000, "netIncome": -62000000, "netIncomeRatio": -0.031914346, "eps": -0.59, "epsdiluted": -0.59, "weightedAverageShsOut": 104600000, "weightedAverageShsOutDil": 104600000, "link": "https://www.sec.gov/Archives/edgar/data/60519/000104746903008920/0001047469-03-008920-index.htm", "finalLink": "https://www.sec.gov/Archives/edgar/data/60519/000104746903008920/a2105258z10-k.htm", "calculatedOtherExpenses": 96300000, "calculatedOperatingExpenses": 277700000, "calculatedNetInterest": 128599999, "calculatedOtherIncome": -194799999, "calculatedIncomeNonControlling": 36800000, "calculatedEbitda": 202900000}, {"date": "2001-12-31", "symbol": "LPX", "reportedCurrency": "USD", "cik": "0000060519", "fillingDate": "2002-03-15", "acceptedDate": "2002-03-15 00:00:00", "calendarYear": "2001", "period": "FY", "revenue": 2359700000, "costOfRevenue": 2122100000, "grossProfit": 237600000, "grossProfitRatio": 0.1006907658, "researchAndDevelopmentExpenses": 0, "generalAndAdministrativeExpenses": 164400000, "sellingAndMarketingExpenses": 0, "sellingGeneralAndAdministrativeExpenses": 164400000, "otherExpenses": 304900000, "operatingExpenses": 469300000, "costAndExpenses": 2591400000, "interestIncome": 35800000, "interestExpense": -95600000, "depreciationAndAmortization": 195200000, "ebitda": 95800000, "ebitdaratio": 0.0405983812, "operatingIncome": -231700000, "operatingIncomeRatio": -0.0981904479, "totalOtherIncomeExpensesNet": -132300000, "incomeBeforeTax": -289100000, "incomeBeforeTaxRatio": -0.122515574, "incomeTaxExpense": -112400000, "netIncome": -171600000, "netIncomeRatio": -0.0727211086, "eps": -1.64, "epsdiluted": -1.64, "weightedAverageShsOut": 104400000, "weightedAverageShsOutDil": 104400000, "link": "https://www.sec.gov/Archives/edgar/data/60519/000091205702010142/0000912057-02-010142-index.htm", "finalLink": "https://www.sec.gov/Archives/edgar/data/60519/000091205702010142/a2073052z10-k.htm", "calculatedOtherExpenses": 304900000, "calculatedOperatingExpenses": 469300000, "calculatedNetInterest": 131400000, "calculatedOtherIncome": -188800000, "calculatedIncomeNonControlling": -5100000, "calculatedEbitda": -36500000}, {"date": "2000-12-31", "symbol": "LPX", "reportedCurrency": "USD", "cik": "0000060519", "fillingDate": "2001-03-16", "acceptedDate": "2001-03-16 00:00:00", "calendarYear": "2000", "period": "FY", "revenue": 2932800000, "costOfRevenue": 2362600000, "grossProfit": 570200000, "grossProfitRatio": 0.194421713, "researchAndDevelopmentExpenses": 0, "generalAndAdministrativeExpenses": 234700000, "sellingAndMarketingExpenses": 0, "sellingGeneralAndAdministrativeExpenses": 234700000, "otherExpenses": 235500000, "operatingExpenses": 470200000, "costAndExpenses": 2832800000, "interestIncome": 37900000, "interestExpense": -81000000, "depreciationAndAmortization": 235500000, "ebitda": 417700000, "ebitdaratio": 0.1424236225, "operatingIncome": 100000000, "operatingIncomeRatio": 0.0340971086, "totalOtherIncomeExpensesNet": -82200000, "incomeBeforeTax": -25300000, "incomeBeforeTaxRatio": -0.0086265685, "incomeTaxExpense": -11500000, "netIncome": -13800000, "netIncomeRatio": -0.004705401, "eps": -0.13, "epsdiluted": -0.13, "weightedAverageShsOut": 104100000, "weightedAverageShsOutDil": 104100000, "link": "https://www.sec.gov/Archives/edgar/data/60519/000091205701007679/0000912057-01-007679-index.htm", "finalLink": "https://www.sec.gov/Archives/edgar/data/60519/000091205701007679/a2041518z10-k405.htm", "calculatedOtherExpenses": 235500000, "calculatedOperatingExpenses": 470200000, "calculatedNetInterest": 118900000, "calculatedOtherIncome": -244200000, "calculatedIncomeNonControlling": 0, "calculatedEbitda": 335500000}, {"date": "1999-12-31", "symbol": "LPX", "reportedCurrency": "USD", "cik": "0000060519", "fillingDate": "2000-03-15", "acceptedDate": "2000-03-15 00:00:00", "calendarYear": "1999", "period": "FY", "revenue": 2878600000, "costOfRevenue": 2080100000, "grossProfit": 798500000, "grossProfitRatio": 0.2773917877, "researchAndDevelopmentExpenses": 0, "generalAndAdministrativeExpenses": 219400000, "sellingAndMarketingExpenses": 0, "sellingGeneralAndAdministrativeExpenses": 219400000, "otherExpenses": 202000000, "operatingExpenses": 421400000, "costAndExpenses": 2501500000, "interestIncome": 0, "interestExpense": 0, "depreciationAndAmortization": 202000000, "ebitda": 587300000, "ebitdaratio": 0.2040227889, "operatingIncome": 377100000, "operatingIncomeRatio": 0.1310011811, "totalOtherIncomeExpensesNet": -8200000, "incomeBeforeTax": 356300000, "incomeBeforeTaxRatio": 0.1237754464, "incomeTaxExpense": 139500000, "netIncome": 216800000, "netIncomeRatio": 0.0753143889, "eps": 2.04, "epsdiluted": 2.04, "weightedAverageShsOut": 106200000, "weightedAverageShsOutDil": 106200000, "link": "https://www.sec.gov/Archives/edgar/data/60519/000091205700011733/0000912057-00-011733-index.html", "finalLink": "https://www.sec.gov/Archives/edgar/data/60519/000091205700011733/", "calculatedOtherExpenses": 202000000, "calculatedOperatingExpenses": 421400000, "calculatedNetInterest": 0, "calculatedOtherIncome": -20800000, "calculatedIncomeNonControlling": 0, "calculatedEbitda": 579100000}, {"date": "1998-12-31", "symbol": "LPX", "reportedCurrency": "USD", "cik": "0000060519", "fillingDate": "1999-03-18", "acceptedDate": "1999-03-18 00:00:00", "calendarYear": "1998", "period": "FY", "revenue": 2297100000, "costOfRevenue": 1853800000, "grossProfit": 443300000, "grossProfitRatio": 0.1929824561, "researchAndDevelopmentExpenses": 0, "generalAndAdministrativeExpenses": 183300000, "sellingAndMarketingExpenses": 0, "sellingGeneralAndAdministrativeExpenses": 183300000, "otherExpenses": 185400000, "operatingExpenses": 368700000, "costAndExpenses": 2222500000, "interestIncome": 0, "interestExpense": 0, "depreciationAndAmortization": 185400000, "ebitda": 283100000, "ebitdaratio": 0.123242349, "operatingIncome": 74600000, "operatingIncomeRatio": 0.0324757303, "totalOtherIncomeExpensesNet": -23100000, "incomeBeforeTax": 17800000, "incomeBeforeTaxRatio": 0.0077489008, "incomeTaxExpense": 15800000, "netIncome": 2000000, "netIncomeRatio": 0.000870663, "eps": 0.02, "epsdiluted": 0.0184, "weightedAverageShsOut": 108400000, "weightedAverageShsOutDil": 108600000, "link": "https://www.sec.gov/Archives/edgar/data/60519/000089291799000031/0000892917-99-000031-index.html", "finalLink": "https://www.sec.gov/Archives/edgar/data/60519/", "calculatedOtherExpenses": 185400000, "calculatedOperatingExpenses": 368700000, "calculatedNetInterest": 0, "calculatedOtherIncome": -56800000, "calculatedIncomeNonControlling": 0, "calculatedEbitda": 260000000}, {"date": "1997-12-31", "symbol": "LPX", "reportedCurrency": "USD", "cik": "0000060519", "fillingDate": "1998-03-31", "acceptedDate": "1998-03-31 00:00:00", "calendarYear": "1997", "period": "FY", "revenue": 2402500000, "costOfRevenue": 2138700000, "grossProfit": 263800000, "grossProfitRatio": 0.1098022893, "researchAndDevelopmentExpenses": 0, "generalAndAdministrativeExpenses": 168400000, "sellingAndMarketingExpenses": 0, "sellingGeneralAndAdministrativeExpenses": 168400000, "otherExpenses": 183900000, "operatingExpenses": 352300000, "costAndExpenses": 2491000000, "interestIncome": 0, "interestExpense": 0, "depreciationAndAmortization": 183900000, "ebitda": 126000000, "ebitdaratio": 0.0524453694, "operatingIncome": -88500000, "operatingIncomeRatio": -0.0368366285, "totalOtherIncomeExpensesNet": -30600000, "incomeBeforeTax": -145400000, "incomeBeforeTaxRatio": -0.0605202914, "incomeTaxExpense": -43600000, "netIncome": -101800000, "netIncomeRatio": -0.0423725286, "eps": -0.94, "epsdiluted": -0.94, "weightedAverageShsOut": 108297872, "weightedAverageShsOutDil": 108297872, "link": "https://www.sec.gov/Archives/edgar/data/60519/000089291798000021/0000892917-98-000021-index.html", "finalLink": "https://www.sec.gov/Archives/edgar/data/60519/", "calculatedOtherExpenses": 183900000, "calculatedOperatingExpenses": 352300000, "calculatedNetInterest": 0, "calculatedOtherIncome": -56900000, "calculatedIncomeNonControlling": 0, "calculatedEbitda": 95400000}, {"date": "1996-12-31", "symbol": "LPX", "reportedCurrency": "USD", "cik": "0000060519", "fillingDate": "1997-03-31", "acceptedDate": "1997-03-31 00:00:00", "calendarYear": "1996", "period": "FY", "revenue": 2486000000, "costOfRevenue": 2123500000, "grossProfit": 362500000, "grossProfitRatio": 0.1458165728, "researchAndDevelopmentExpenses": 0, "generalAndAdministrativeExpenses": 139700000, "sellingAndMarketingExpenses": 0, "sellingGeneralAndAdministrativeExpenses": 139700000, "otherExpenses": 191800000, "operatingExpenses": 331500000, "costAndExpenses": 2455000000, "interestIncome": 0, "interestExpense": 0, "depreciationAndAmortization": 191800000, "ebitda": 566400000, "ebitdaratio": 0.2278358809, "operatingIncome": 31000000, "operatingIncomeRatio": 0.0124698311, "totalOtherIncomeExpensesNet": -343600000, "incomeBeforeTax": -326300000, "incomeBeforeTaxRatio": -0.1312550282, "incomeTaxExpense": -125600000, "netIncome": -200700000, "netIncomeRatio": -0.0807320998, "eps": -1.87, "epsdiluted": -1.87, "weightedAverageShsOut": 107326203, "weightedAverageShsOutDil": 107326203, "link": "https://www.sec.gov/Archives/edgar/data/60519/000089291797000069/0000892917-97-000069-index.html", "finalLink": "https://www.sec.gov/Archives/edgar/data/60519/", "calculatedOtherExpenses": 191800000, "calculatedOperatingExpenses": 331500000, "calculatedNetInterest": 0, "calculatedOtherIncome": -357300000, "calculatedIncomeNonControlling": 0, "calculatedEbitda": 222800000}, {"date": "1995-12-31", "symbol": "LPX", "reportedCurrency": "USD", "cik": "0000060519", "fillingDate": "1996-03-29", "acceptedDate": "1996-03-29 00:00:00", "calendarYear": "1995", "period": "FY", "revenue": 2843200000, "costOfRevenue": 2250300000, "grossProfit": 592900000, "grossProfitRatio": 0.2085326393, "researchAndDevelopmentExpenses": 0, "generalAndAdministrativeExpenses": 121400000, "sellingAndMarketingExpenses": 0, "sellingGeneralAndAdministrativeExpenses": 121400000, "otherExpenses": 202600000, "operatingExpenses": 324000000, "costAndExpenses": 2574300000, "interestIncome": 0, "interestExpense": 0, "depreciationAndAmortization": 202600000, "ebitda": 829900000, "ebitdaratio": 0.2918894204, "operatingIncome": 268900000, "operatingIncomeRatio": 0.0945765335, "totalOtherIncomeExpensesNet": -358400000, "incomeBeforeTax": -97500000, "incomeBeforeTaxRatio": -0.0342923467, "incomeTaxExpense": -45800000, "netIncome": -51700000, "netIncomeRatio": -0.0181837366, "eps": -0.48, "epsdiluted": -0.48, "weightedAverageShsOut": 107040000, "weightedAverageShsOutDil": 107534247, "link": "https://www.sec.gov/Archives/edgar/data/60519/000089291796000052/0000892917-96-000052-index.html", "finalLink": "https://www.sec.gov/Archives/edgar/data/60519/", "calculatedOtherExpenses": 202600000, "calculatedOperatingExpenses": 324000000, "calculatedNetInterest": 0, "calculatedOtherIncome": -366400000, "calculatedIncomeNonControlling": 0, "calculatedEbitda": 471500000}, {"date": "1994-12-31", "symbol": "LPX", "reportedCurrency": "USD", "cik": "0000060519", "fillingDate": "1995-03-31", "acceptedDate": "1995-03-31 00:00:00", "calendarYear": "1994", "period": "FY", "revenue": 3039500000, "costOfRevenue": 2158400000, "grossProfit": 881100000, "grossProfitRatio": 0.2898832045, "researchAndDevelopmentExpenses": 0, "generalAndAdministrativeExpenses": 125200000, "sellingAndMarketingExpenses": 0, "sellingGeneralAndAdministrativeExpenses": 125200000, "otherExpenses": 197300000, "operatingExpenses": 322500000, "costAndExpenses": 2480900000, "interestIncome": 0, "interestExpense": 0, "depreciationAndAmortization": 197300000, "ebitda": 745900000, "ebitdaratio": 0.2454022043, "operatingIncome": 558600000, "operatingIncomeRatio": 0.183780227, "totalOtherIncomeExpensesNet": 10000000, "incomeBeforeTax": 556700000, "incomeBeforeTaxRatio": 0.1831551242, "incomeTaxExpense": 209800000, "netIncome": 346900000, "netIncomeRatio": 0.1141306136, "eps": 3.15, "epsdiluted": 3.15, "weightedAverageShsOut": 110140000, "weightedAverageShsOutDil": 110168067, "link": "https://www.sec.gov/Archives/edgar/data/60519/000089291795000074/0000892917-95-000074-index.html", "finalLink": "https://www.sec.gov/Archives/edgar/data/60519/", "calculatedOtherExpenses": 197300000, "calculatedOperatingExpenses": 322500000, "calculatedNetInterest": 0, "calculatedOtherIncome": -1900000, "calculatedIncomeNonControlling": 0, "calculatedEbitda": 755900000}, {"date": "1993-12-31", "symbol": "LPX", "reportedCurrency": "USD", "cik": "0000060519", "fillingDate": "1994-03-30", "acceptedDate": "1994-03-30 00:00:00", "calendarYear": "1993", "period": "FY", "revenue": 2511300000, "costOfRevenue": 1729700000, "grossProfit": 781600000, "grossProfitRatio": 0.3112332258, "researchAndDevelopmentExpenses": 0, "generalAndAdministrativeExpenses": 0, "sellingAndMarketingExpenses": 0, "sellingGeneralAndAdministrativeExpenses": 165800000, "otherExpenses": 183200000, "operatingExpenses": 349000000, "costAndExpenses": 2078700000, "interestIncome": 0, "interestExpense": 0, "depreciationAndAmortization": 183200000, "ebitda": 608000000, "ebitdaratio": 0.2421056823, "operatingIncome": 432600000, "operatingIncomeRatio": 0.1722613786, "totalOtherIncomeExpensesNet": 7800000, "incomeBeforeTax": 427600000, "incomeBeforeTaxRatio": 0.1702703779, "incomeTaxExpense": 173200000, "netIncome": 244000000, "netIncomeRatio": 0.097160833, "eps": 2.23, "epsdiluted": 2.23, "weightedAverageShsOut": 109417040, "weightedAverageShsOutDil": 109417040, "link": "https://www.sec.gov/Archives/edgar/data/60519/000089291794000038/0000892917-94-000038-index.html", "finalLink": "https://www.sec.gov/Archives/edgar/data/60519/", "calculatedOtherExpenses": 183200000, "calculatedOperatingExpenses": 349000000, "calculatedNetInterest": 0, "calculatedOtherIncome": -5000000, "calculatedIncomeNonControlling": 10400000, "calculatedEbitda": 615800000}, {"date": "1992-12-31", "symbol": "LPX", "reportedCurrency": "USD", "cik": "0000060519", "fillingDate": "1992-12-31", "acceptedDate": "1992-12-30 19:00:00", "calendarYear": "1992", "period": "FY", "revenue": 2184700000, "costOfRevenue": 1620500000, "grossProfit": 564200000, "grossProfitRatio": 0.2582505607, "researchAndDevelopmentExpenses": 0, "generalAndAdministrativeExpenses": 0, "sellingAndMarketingExpenses": 0, "sellingGeneralAndAdministrativeExpenses": 103700000, "otherExpenses": 163000000, "operatingExpenses": 266700000, "costAndExpenses": 1887200000, "interestIncome": 0, "interestExpense": 0, "depreciationAndAmortization": 163000000, "ebitda": 453200000, "ebitdaratio": 0.2074426695, "operatingIncome": 297500000, "operatingIncomeRatio": 0.1361743031, "totalOtherIncomeExpensesNet": 7300000, "incomeBeforeTax": 283100000, "incomeBeforeTaxRatio": 0.1295830091, "incomeTaxExpense": 106200000, "netIncome": 176900000, "netIncomeRatio": 0.0809722159, "eps": 1.63, "epsdiluted": 1.63, "weightedAverageShsOut": 108527607, "weightedAverageShsOutDil": 108527607, "link": "", "finalLink": "", "calculatedOtherExpenses": 163000000, "calculatedOperatingExpenses": 266700000, "calculatedNetInterest": 0, "calculatedOtherIncome": -14400000, "calculatedIncomeNonControlling": 0, "calculatedEbitda": 460500000}, {"date": "1991-12-31", "symbol": "LPX", "reportedCurrency": "USD", "cik": "0000060519", "fillingDate": "1991-12-31", "acceptedDate": "1991-12-30 19:00:00", "calendarYear": "1991", "period": "FY", "revenue": 1702100000, "costOfRevenue": 1366300000, "grossProfit": 335800000, "grossProfitRatio": 0.1972857059, "researchAndDevelopmentExpenses": 0, "generalAndAdministrativeExpenses": 0, "sellingAndMarketingExpenses": 0, "sellingGeneralAndAdministrativeExpenses": 79700000, "otherExpenses": 149800000, "operatingExpenses": 229500000, "costAndExpenses": 1595800000, "interestIncome": 0, "interestExpense": 0, "depreciationAndAmortization": 149800000, "ebitda": 244000000, "ebitdaratio": 0.1433523295, "operatingIncome": 106300000, "operatingIncomeRatio": 0.0624522648, "totalOtherIncomeExpensesNet": 12100000, "incomeBeforeTax": 87400000, "incomeBeforeTaxRatio": 0.0513483344, "incomeTaxExpense": 31500000, "netIncome": 55900000, "netIncomeRatio": 0.0328417837, "eps": 0.52, "epsdiluted": 0.52, "weightedAverageShsOut": 107500000, "weightedAverageShsOutDil": 107500000, "link": "", "finalLink": "", "calculatedOtherExpenses": 149800000, "calculatedOperatingExpenses": 229500000, "calculatedNetInterest": 0, "calculatedOtherIncome": -18900000, "calculatedIncomeNonControlling": 0, "calculatedEbitda": 256100000}, {"date": "1990-12-31", "symbol": "LPX", "reportedCurrency": "USD", "cik": "0000060519", "fillingDate": "1990-12-31", "acceptedDate": "1990-12-30 19:00:00", "calendarYear": "1990", "period": "FY", "revenue": 1793300000, "costOfRevenue": 1421800000, "grossProfit": 371500000, "grossProfitRatio": 0.2071599844, "researchAndDevelopmentExpenses": 0, "generalAndAdministrativeExpenses": 0, "sellingAndMarketingExpenses": 0, "sellingGeneralAndAdministrativeExpenses": 74600000, "otherExpenses": 152300000, "operatingExpenses": 226900000, "costAndExpenses": 1648700000, "interestIncome": 0, "interestExpense": 0, "depreciationAndAmortization": 152300000, "ebitda": 273000000, "ebitdaratio": 0.1522333129, "operatingIncome": 144600000, "operatingIncomeRatio": 0.080633469, "totalOtherIncomeExpensesNet": 23900000, "incomeBeforeTax": 137000000, "incomeBeforeTaxRatio": 0.076395472, "incomeTaxExpense": 45900000, "netIncome": 91100000, "netIncomeRatio": 0.0508002007, "eps": 0.82, "epsdiluted": 0.82, "weightedAverageShsOut": 111097561, "weightedAverageShsOutDil": 111097561, "link": "", "finalLink": "", "calculatedOtherExpenses": 152300000, "calculatedOperatingExpenses": 226900000, "calculatedNetInterest": 0, "calculatedOtherIncome": -7600000, "calculatedIncomeNonControlling": 0, "calculatedEbitda": 296900000}, {"date": "1989-12-31", "symbol": "LPX", "reportedCurrency": "USD", "cik": "0000060519", "fillingDate": "1989-12-31", "acceptedDate": "1989-12-30 19:00:00", "calendarYear": "1989", "period": "FY", "revenue": 2009500000, "costOfRevenue": 1480200000, "grossProfit": 529300000, "grossProfitRatio": 0.2633988554, "researchAndDevelopmentExpenses": 0, "generalAndAdministrativeExpenses": 0, "sellingAndMarketingExpenses": 0, "sellingGeneralAndAdministrativeExpenses": 83400000, "otherExpenses": 141800000, "operatingExpenses": 225200000, "costAndExpenses": 1705400000, "interestIncome": 0, "interestExpense": 0, "depreciationAndAmortization": 141800000, "ebitda": 420400000, "ebitdaratio": 0.2092062702, "operatingIncome": 304100000, "operatingIncomeRatio": 0.1513311769, "totalOtherIncomeExpensesNet": 25500000, "incomeBeforeTax": 291900000, "incomeBeforeTaxRatio": 0.1452600149, "incomeTaxExpense": 99300000, "netIncome": 192600000, "netIncomeRatio": 0.0958447375, "eps": 1.68, "epsdiluted": 1.68, "weightedAverageShsOut": 114642857, "weightedAverageShsOutDil": 114642857, "link": "", "finalLink": "", "calculatedOtherExpenses": 141800000, "calculatedOperatingExpenses": 225200000, "calculatedNetInterest": 0, "calculatedOtherIncome": -12200000, "calculatedIncomeNonControlling": 0, "calculatedEbitda": 445900000}, {"date": "1988-12-31", "symbol": "LPX", "reportedCurrency": "USD", "cik": "0000060519", "fillingDate": "1988-12-31", "acceptedDate": "1988-12-30 19:00:00", "calendarYear": "1988", "period": "FY", "revenue": 1799400000, "costOfRevenue": 1355800000, "grossProfit": 443600000, "grossProfitRatio": 0.24652662, "researchAndDevelopmentExpenses": 0, "generalAndAdministrativeExpenses": 0, "sellingAndMarketingExpenses": 0, "sellingGeneralAndAdministrativeExpenses": 77600000, "otherExpenses": 145100000, "operatingExpenses": 222700000, "costAndExpenses": 1578500000, "interestIncome": 0, "interestExpense": 0, "depreciationAndAmortization": 145100000, "ebitda": 341200000, "ebitdaratio": 0.1896187618, "operatingIncome": 220900000, "operatingIncomeRatio": 0.1227631433, "totalOtherIncomeExpensesNet": 24800000, "incomeBeforeTax": 214100000, "incomeBeforeTaxRatio": 0.1189841058, "incomeTaxExpense": 78900000, "netIncome": 153600000, "netIncomeRatio": 0.0853617873, "eps": 1.34, "epsdiluted": 1.34, "weightedAverageShsOut": 114626866, "weightedAverageShsOutDil": 114626866, "link": "", "finalLink": "", "calculatedOtherExpenses": 145100000, "calculatedOperatingExpenses": 222700000, "calculatedNetInterest": 0, "calculatedOtherIncome": -6800000, "calculatedIncomeNonControlling": -18400000, "calculatedEbitda": 366000000}, {"date": "1987-12-31", "symbol": "LPX", "reportedCurrency": "USD", "cik": "0000060519", "fillingDate": "1987-12-31", "acceptedDate": "1987-12-30 19:00:00", "calendarYear": "1987", "period": "FY", "revenue": 1921600000, "costOfRevenue": 1450700000, "grossProfit": 470900000, "grossProfitRatio": 0.2450562032, "researchAndDevelopmentExpenses": 0, "generalAndAdministrativeExpenses": 0, "sellingAndMarketingExpenses": 0, "sellingGeneralAndAdministrativeExpenses": 77900000, "otherExpenses": 147500000, "operatingExpenses": 225400000, "costAndExpenses": 1676100000, "interestIncome": 0, "interestExpense": 0, "depreciationAndAmortization": 147500000, "ebitda": 391700000, "ebitdaratio": 0.2038405495, "operatingIncome": 245500000, "operatingIncomeRatio": 0.1277581182, "totalOtherIncomeExpensesNet": 1300000, "incomeBeforeTax": 208300000, "incomeBeforeTaxRatio": 0.1083992506, "incomeTaxExpense": 83300000, "netIncome": 125000000, "netIncomeRatio": 0.0650499584, "eps": 1.09, "epsdiluted": 1.09, "weightedAverageShsOut": 114678899, "weightedAverageShsOutDil": 114678899, "link": "", "finalLink": "", "calculatedOtherExpenses": 147500000, "calculatedOperatingExpenses": 225400000, "calculatedNetInterest": 0, "calculatedOtherIncome": -37200000, "calculatedIncomeNonControlling": 0, "calculatedEbitda": 393000000}, {"date": "1986-12-31", "symbol": "LPX", "reportedCurrency": "USD", "cik": "0000060519", "fillingDate": "1986-12-31", "acceptedDate": "1986-12-30 19:00:00", "calendarYear": "1986", "period": "FY", "revenue": 1506200000, "costOfRevenue": 1197100000, "grossProfit": 309100000, "grossProfitRatio": 0.2052184305, "researchAndDevelopmentExpenses": 0, "generalAndAdministrativeExpenses": 0, "sellingAndMarketingExpenses": 0, "sellingGeneralAndAdministrativeExpenses": 69800000, "otherExpenses": 120000000, "operatingExpenses": 189800000, "costAndExpenses": 1386900000, "interestIncome": 0, "interestExpense": 0, "depreciationAndAmortization": 120000000, "ebitda": 234000000, "ebitdaratio": 0.1553578542, "operatingIncome": 119300000, "operatingIncomeRatio": 0.0792059487, "totalOtherIncomeExpensesNet": 5300000, "incomeBeforeTax": 108200000, "incomeBeforeTaxRatio": 0.0718364095, "incomeTaxExpense": 43300000, "netIncome": 64900000, "netIncomeRatio": 0.0430885673, "eps": 0.58, "epsdiluted": 0.58, "weightedAverageShsOut": 111896552, "weightedAverageShsOutDil": 111896552, "link": "", "finalLink": "", "calculatedOtherExpenses": 120000000, "calculatedOperatingExpenses": 189800000, "calculatedNetInterest": 0, "calculatedOtherIncome": -11100000, "calculatedIncomeNonControlling": 0, "calculatedEbitda": 239300000}, {"date": "1985-12-31", "symbol": "LPX", "reportedCurrency": "USD", "cik": "0000060519", "fillingDate": "1985-12-31", "acceptedDate": "1985-12-30 19:00:00", "calendarYear": "1985", "period": "FY", "revenue": 1260900000, "costOfRevenue": 1048200000, "grossProfit": 212700000, "grossProfitRatio": 0.1686890316, "researchAndDevelopmentExpenses": 0, "generalAndAdministrativeExpenses": 0, "sellingAndMarketingExpenses": 0, "sellingGeneralAndAdministrativeExpenses": 67700000, "otherExpenses": 108200000, "operatingExpenses": 175900000, "costAndExpenses": 1224100000, "interestIncome": 0, "interestExpense": 0, "depreciationAndAmortization": 108200000, "ebitda": 139700000, "ebitdaratio": 0.1107938774, "operatingIncome": 36800000, "operatingIncomeRatio": 0.0291855024, "totalOtherIncomeExpensesNet": 5300000, "incomeBeforeTax": 30700000, "incomeBeforeTaxRatio": 0.0243476882, "incomeTaxExpense": 5200000, "netIncome": 25500000, "netIncomeRatio": 0.0202236498, "eps": 0.23, "epsdiluted": 0.23, "weightedAverageShsOut": 110869565, "weightedAverageShsOutDil": 110869565, "link": "", "finalLink": "", "calculatedOtherExpenses": 108200000, "calculatedOperatingExpenses": 175900000, "calculatedNetInterest": 0, "calculatedOtherIncome": -6100000, "calculatedIncomeNonControlling": 0, "calculatedEbitda": 145000000}]}