{"originalCurrency": "USD", "convertedCurrency": "USD", "report": [{"date": "2023-06-25", "symbol": "LRCX", "reportedCurrency": "USD", "cik": "0000707549", "fillingDate": "2023-08-15", "acceptedDate": "2023-08-15 16:04:08", "calendarYear": "2023", "period": "FY", "revenue": 17428516000, "costOfRevenue": 9651591000, "grossProfit": 7776925000, "grossProfitRatio": 0.4462184273, "researchAndDevelopmentExpenses": 1727162000, "generalAndAdministrativeExpenses": 0, "sellingAndMarketingExpenses": 0, "sellingGeneralAndAdministrativeExpenses": 832753000, "otherExpenses": -65650000, "operatingExpenses": 2559915000, "costAndExpenses": 12211506000, "interestIncome": 138984000, "interestExpense": 186462000, "depreciationAndAmortization": 342432000, "ebitda": 5601592000, "ebitdaratio": 0.3214038418, "operatingIncome": 5174860000, "operatingIncomeRatio": 0.296919141, "totalOtherIncomeExpensesNet": -107800000, "incomeBeforeTax": 5109210000, "incomeBeforeTaxRatio": 0.2931523258, "incomeTaxExpense": 598279000, "netIncome": 4510931000, "netIncomeRatio": 0.258824733, "eps": 33.3, "epsdiluted": 33.21, "weightedAverageShsOut": 135472000, "weightedAverageShsOutDil": 135834000, "link": "https://www.sec.gov/Archives/edgar/data/707549/000070754923000102/0000707549-23-000102-index.htm", "finalLink": "https://www.sec.gov/Archives/edgar/data/707549/000070754923000102/lrcx-20230625.htm", "calculatedOtherExpenses": 42150000, "calculatedOperatingExpenses": 2602065000, "calculatedNetInterest": -47478000, "calculatedOtherIncome": -18172000, "calculatedIncomeNonControlling": 0, "calculatedEbitda": 5517292000}, {"date": "2022-06-26", "symbol": "LRCX", "reportedCurrency": "USD", "cik": "0000707549", "fillingDate": "2022-08-24", "acceptedDate": "2022-08-24 16:09:20", "calendarYear": "2022", "period": "FY", "revenue": 17227039000, "costOfRevenue": 9355232000, "grossProfit": 7871807000, "grossProfitRatio": 0.4569448644, "researchAndDevelopmentExpenses": 1604248000, "generalAndAdministrativeExpenses": 0, "sellingAndMarketingExpenses": 0, "sellingGeneralAndAdministrativeExpenses": 885737000, "otherExpenses": -188708000, "operatingExpenses": 2489985000, "costAndExpenses": 11845217000, "interestIncome": 15209000, "interestExpense": 184759000, "depreciationAndAmortization": 333739000, "ebitda": 5715561000, "ebitdaratio": 0.3317784908, "operatingIncome": 5381822000, "operatingIncomeRatio": 0.3124055155, "totalOtherIncomeExpensesNet": -188708000, "incomeBeforeTax": 5193114000, "incomeBeforeTaxRatio": 0.3014513405, "incomeTaxExpense": 587828000, "netIncome": 4605286000, "netIncomeRatio": 0.2673289356, "eps": 32.92, "epsdiluted": 32.75, "weightedAverageShsOut": 139899000, "weightedAverageShsOutDil": 140628000, "link": "https://www.sec.gov/Archives/edgar/data/707549/000070754922000107/0000707549-22-000107-index.htm", "finalLink": "https://www.sec.gov/Archives/edgar/data/707549/000070754922000107/lrcx-20220626.htm", "calculatedOtherExpenses": 0, "calculatedOperatingExpenses": 2489985000, "calculatedNetInterest": -169550000, "calculatedOtherIncome": -19158000, "calculatedIncomeNonControlling": 0, "calculatedEbitda": 5715561000}, {"date": "2021-06-27", "symbol": "LRCX", "reportedCurrency": "USD", "cik": "0000707549", "fillingDate": "2021-08-17", "acceptedDate": "2021-08-17 16:06:57", "calendarYear": "2021", "period": "FY", "revenue": 14626150000, "costOfRevenue": 7820844000, "grossProfit": 6805306000, "grossProfitRatio": 0.465283482, "researchAndDevelopmentExpenses": 1493408000, "generalAndAdministrativeExpenses": 0, "sellingAndMarketingExpenses": 0, "sellingGeneralAndAdministrativeExpenses": 829875000, "otherExpenses": -111219000, "operatingExpenses": 2323283000, "costAndExpenses": 10144127000, "interestIncome": 19687000, "interestExpense": 208597000, "depreciationAndAmortization": 307151000, "ebitda": 4789174000, "ebitdaratio": 0.3274391415, "operatingIncome": 4482023000, "operatingIncomeRatio": 0.3064390151, "totalOtherIncomeExpensesNet": -111219000, "incomeBeforeTax": 4370804000, "incomeBeforeTaxRatio": 0.298834895, "incomeTaxExpense": 462346000, "netIncome": 3908458000, "netIncomeRatio": 0.267223979, "eps": 27.22, "epsdiluted": 26.9, "weightedAverageShsOut": 143609000, "weightedAverageShsOutDil": 145320000, "link": "https://www.sec.gov/Archives/edgar/data/707549/000070754921000136/0000707549-21-000136-index.htm", "finalLink": "https://www.sec.gov/Archives/edgar/data/707549/000070754921000136/lrcx-20210627.htm", "calculatedOtherExpenses": 0, "calculatedOperatingExpenses": 2323283000, "calculatedNetInterest": -188910000, "calculatedOtherIncome": 77691000, "calculatedIncomeNonControlling": 0, "calculatedEbitda": 4789174000}, {"date": "2020-06-28", "symbol": "LRCX", "reportedCurrency": "USD", "cik": "0000707549", "fillingDate": "2020-08-18", "acceptedDate": "2020-08-18 16:30:43", "calendarYear": "2020", "period": "FY", "revenue": 10044736000, "costOfRevenue": 5436043000, "grossProfit": 4608693000, "grossProfitRatio": 0.4588167374, "researchAndDevelopmentExpenses": 1252412000, "generalAndAdministrativeExpenses": 0, "sellingAndMarketingExpenses": 0, "sellingGeneralAndAdministrativeExpenses": 682479000, "otherExpenses": -98824000, "operatingExpenses": 1934891000, "costAndExpenses": 7370934000, "interestIncome": 85433000, "interestExpense": 177440000, "depreciationAndAmortization": 268525000, "ebitda": 2942327000, "ebitdaratio": 0.2929222829, "operatingIncome": 2673802000, "operatingIncomeRatio": 0.2661893752, "totalOtherIncomeExpensesNet": -98824000, "incomeBeforeTax": 2574978000, "incomeBeforeTaxRatio": 0.2563509882, "incomeTaxExpense": 323225000, "netIncome": 2251753000, "netIncomeRatio": 0.2241724422, "eps": 15.55, "epsdiluted": 15.1, "weightedAverageShsOut": 144814000, "weightedAverageShsOutDil": 149090000, "link": "https://www.sec.gov/Archives/edgar/data/707549/000070754920000138/0000707549-20-000138-index.htm", "finalLink": "https://www.sec.gov/Archives/edgar/data/707549/000070754920000138/lrcx10k2020document.htm", "calculatedOtherExpenses": 0, "calculatedOperatingExpenses": 1934891000, "calculatedNetInterest": -92007000, "calculatedOtherIncome": -6817000, "calculatedIncomeNonControlling": 0, "calculatedEbitda": 2942327000}, {"date": "2019-06-30", "symbol": "LRCX", "reportedCurrency": "USD", "cik": "0000707549", "fillingDate": "2019-08-20", "acceptedDate": "2019-08-20 16:15:59", "calendarYear": "2019", "period": "FY", "revenue": 9653559000, "costOfRevenue": 5295100000, "grossProfit": 4358459000, "grossProfitRatio": 0.4514872701, "researchAndDevelopmentExpenses": 1191320000, "generalAndAdministrativeExpenses": 0, "sellingAndMarketingExpenses": 0, "sellingGeneralAndAdministrativeExpenses": 702407000, "otherExpenses": -18161000, "operatingExpenses": 1893727000, "costAndExpenses": 7188827000, "interestIncome": 98771000, "interestExpense": 117263000, "depreciationAndAmortization": 309281000, "ebitda": 2774013000, "ebitdaratio": 0.2873565076, "operatingIncome": 2464732000, "operatingIncomeRatio": 0.2553184789, "totalOtherIncomeExpensesNet": -18161000, "incomeBeforeTax": 2446571000, "incomeBeforeTaxRatio": 0.2534372038, "incomeTaxExpense": 255141000, "netIncome": 2191430000, "netIncomeRatio": 0.2270074695, "eps": 14.37, "epsdiluted": 13.7, "weightedAverageShsOut": 152478000, "weightedAverageShsOutDil": 159915000, "link": "https://www.sec.gov/Archives/edgar/data/707549/000070754919000124/0000707549-19-000124-index.htm", "finalLink": "https://www.sec.gov/Archives/edgar/data/707549/000070754919000124/lrcx10k2019document.htm", "calculatedOtherExpenses": 0, "calculatedOperatingExpenses": 1893727000, "calculatedNetInterest": -18492000, "calculatedOtherIncome": 331000, "calculatedIncomeNonControlling": 0, "calculatedEbitda": 2774013000}, {"date": "2018-06-24", "symbol": "LRCX", "reportedCurrency": "USD", "cik": "0000707549", "fillingDate": "2018-08-14", "acceptedDate": "2018-08-14 16:18:51", "calendarYear": "2018", "period": "FY", "revenue": 11076998000, "costOfRevenue": 5911966000, "grossProfit": 5165032000, "grossProfitRatio": 0.4662844572, "researchAndDevelopmentExpenses": 1189514000, "generalAndAdministrativeExpenses": 0, "sellingAndMarketingExpenses": 0, "sellingGeneralAndAdministrativeExpenses": 762219000, "otherExpenses": -61510000, "operatingExpenses": 1951733000, "costAndExpenses": 7863699000, "interestIncome": 85813000, "interestExpense": 97387000, "depreciationAndAmortization": 326395000, "ebitda": 3539694000, "ebitdaratio": 0.3195535469, "operatingIncome": 3213299000, "operatingIncomeRatio": 0.2900875309, "totalOtherIncomeExpensesNet": -61510000, "incomeBeforeTax": 3151789000, "incomeBeforeTaxRatio": 0.2845345824, "incomeTaxExpense": 771108000, "netIncome": 2380681000, "netIncomeRatio": 0.2149211366, "eps": 13.17, "epsdiluted": 13.17, "weightedAverageShsOut": 180765451, "weightedAverageShsOutDil": 180782000, "link": "https://www.sec.gov/Archives/edgar/data/707549/000070754918000115/0000707549-18-000115-index.htm", "finalLink": "https://www.sec.gov/Archives/edgar/data/707549/000070754918000115/lrcx_10kx2018xdocument.htm", "calculatedOtherExpenses": 0, "calculatedOperatingExpenses": 1951733000, "calculatedNetInterest": -11574000, "calculatedOtherIncome": -49936000, "calculatedIncomeNonControlling": 0, "calculatedEbitda": 3539694000}, {"date": "2017-06-25", "symbol": "LRCX", "reportedCurrency": "USD", "cik": "0000707549", "fillingDate": "2017-08-15", "acceptedDate": "2017-08-15 16:08:17", "calendarYear": "2017", "period": "FY", "revenue": 8013620000, "costOfRevenue": 4410261000, "grossProfit": 3603359000, "grossProfitRatio": 0.4496543385, "researchAndDevelopmentExpenses": 1033742000, "generalAndAdministrativeExpenses": 0, "sellingAndMarketingExpenses": 0, "sellingGeneralAndAdministrativeExpenses": 667485000, "otherExpenses": -90459000, "operatingExpenses": 1701227000, "costAndExpenses": 6111488000, "interestIncome": 57858000, "interestExpense": 117734000, "depreciationAndAmortization": 306905000, "ebitda": 2209037000, "ebitdaratio": 0.2756603133, "operatingIncome": 1902132000, "operatingIncomeRatio": 0.2373623905, "totalOtherIncomeExpensesNet": -90459000, "incomeBeforeTax": 1811673000, "incomeBeforeTaxRatio": 0.2260742336, "incomeTaxExpense": 113910000, "netIncome": 1697763000, "netIncomeRatio": 0.2118596839, "eps": 10.47, "epsdiluted": 9.24, "weightedAverageShsOut": 162222000, "weightedAverageShsOutDil": 183770000, "link": "https://www.sec.gov/Archives/edgar/data/707549/000070754917000100/0000707549-17-000100-index.htm", "finalLink": "https://www.sec.gov/Archives/edgar/data/707549/000070754917000100/lrcx_10kx2017xdocument.htm", "calculatedOtherExpenses": 0, "calculatedOperatingExpenses": 1701227000, "calculatedNetInterest": -59876000, "calculatedOtherIncome": -30583000, "calculatedIncomeNonControlling": 0, "calculatedEbitda": 2209037000}, {"date": "2016-06-26", "symbol": "LRCX", "reportedCurrency": "USD", "cik": "0000707549", "fillingDate": "2016-08-17", "acceptedDate": "2016-08-16 19:26:13", "calendarYear": "2016", "period": "FY", "revenue": 5885893000, "costOfRevenue": 3266971000, "grossProfit": 2618922000, "grossProfitRatio": 0.4449489653, "researchAndDevelopmentExpenses": 913712000, "generalAndAdministrativeExpenses": 0, "sellingAndMarketingExpenses": 0, "sellingGeneralAndAdministrativeExpenses": 630954000, "otherExpenses": -114139000, "operatingExpenses": 1544666000, "costAndExpenses": 4811637000, "interestIncome": 29512000, "interestExpense": 134773000, "depreciationAndAmortization": 291028000, "ebitda": 1365284000, "ebitdaratio": 0.2319586849, "operatingIncome": 1074256000, "operatingIncomeRatio": 0.1825136814, "totalOtherIncomeExpensesNet": -114139000, "incomeBeforeTax": 960117000, "incomeBeforeTaxRatio": 0.1631217217, "incomeTaxExpense": 46068000, "netIncome": 914049000, "netIncomeRatio": 0.155294872, "eps": 5.75, "epsdiluted": 5.22, "weightedAverageShsOut": 158919000, "weightedAverageShsOutDil": 175159000, "link": "https://www.sec.gov/Archives/edgar/data/707549/000070754916000050/0000707549-16-000050-index.htm", "finalLink": "https://www.sec.gov/Archives/edgar/data/707549/000070754916000050/lrcx_10kx2016xdocument.htm", "calculatedOtherExpenses": 0, "calculatedOperatingExpenses": 1544666000, "calculatedNetInterest": -105261000, "calculatedOtherIncome": -8878000, "calculatedIncomeNonControlling": 0, "calculatedEbitda": 1365284000}, {"date": "2015-06-28", "symbol": "LRCX", "reportedCurrency": "USD", "cik": "0000707549", "fillingDate": "2015-08-13", "acceptedDate": "2015-08-13 16:16:15", "calendarYear": "2015", "period": "FY", "revenue": 5259312000, "costOfRevenue": 2974976000, "grossProfit": 2284336000, "grossProfitRatio": 0.4343412218, "researchAndDevelopmentExpenses": 825242000, "generalAndAdministrativeExpenses": 0, "sellingAndMarketingExpenses": 0, "sellingGeneralAndAdministrativeExpenses": 591611000, "otherExpenses": -47189000, "operatingExpenses": 1416853000, "costAndExpenses": 4391829000, "interestIncome": 19268000, "interestExpense": 73682000, "depreciationAndAmortization": 277920000, "ebitda": 1224847000, "ebitdaratio": 0.2328911082, "operatingIncome": 788039000, "operatingIncomeRatio": 0.1498368988, "totalOtherIncomeExpensesNet": -126633000, "incomeBeforeTax": 740850000, "incomeBeforeTaxRatio": 0.1408644325, "incomeTaxExpense": 85273000, "netIncome": 655577000, "netIncomeRatio": 0.1246507148, "eps": 4.11, "epsdiluted": 3.7, "weightedAverageShsOut": 159629000, "weightedAverageShsOutDil": 177067000, "link": "https://www.sec.gov/Archives/edgar/data/707549/000119312515290023/0001193125-15-290023-index.htm", "finalLink": "https://www.sec.gov/Archives/edgar/data/707549/000119312515290023/d937085d10k.htm", "calculatedOtherExpenses": 79444000, "calculatedOperatingExpenses": 1496297000, "calculatedNetInterest": -54414000, "calculatedOtherIncome": 7225000, "calculatedIncomeNonControlling": 0, "calculatedEbitda": 1065959000}, {"date": "2014-06-29", "symbol": "LRCX", "reportedCurrency": "USD", "cik": "0000707549", "fillingDate": "2014-08-26", "acceptedDate": "2014-08-26 17:02:02", "calendarYear": "2014", "period": "FY", "revenue": 4607309000, "costOfRevenue": 2599828000, "grossProfit": 2007481000, "grossProfitRatio": 0.4357165973, "researchAndDevelopmentExpenses": 716471000, "generalAndAdministrativeExpenses": 0, "sellingAndMarketingExpenses": 0, "sellingGeneralAndAdministrativeExpenses": 613341000, "otherExpenses": -37396000, "operatingExpenses": 1329812000, "costAndExpenses": 3929640000, "interestIncome": 12540000, "interestExpense": 61692000, "depreciationAndAmortization": 292254000, "ebitda": 886833000, "ebitdaratio": 0.1924839424, "operatingIncome": 677669000, "operatingIncomeRatio": 0.1470856415, "totalOtherIncomeExpensesNet": 45694000, "incomeBeforeTax": 723363000, "incomeBeforeTaxRatio": 0.1570033614, "incomeTaxExpense": 91074000, "netIncome": 632289000, "netIncomeRatio": 0.1372360742, "eps": 3.84, "epsdiluted": 3.62, "weightedAverageShsOut": 164741000, "weightedAverageShsOutDil": 174503000, "link": "https://www.sec.gov/Archives/edgar/data/707549/000119312514321759/0001193125-14-321759-index.htm", "finalLink": "https://www.sec.gov/Archives/edgar/data/707549/000119312514321759/d741932d10k.htm", "calculatedOtherExpenses": 0, "calculatedOperatingExpenses": 1329812000, "calculatedNetInterest": -49152000, "calculatedOtherIncome": 94846000, "calculatedIncomeNonControlling": 0, "calculatedEbitda": 969923000}, {"date": "2013-06-30", "symbol": "LRCX", "reportedCurrency": "USD", "cik": "0000707549", "fillingDate": "2013-08-27", "acceptedDate": "2013-08-27 16:11:24", "calendarYear": "2013", "period": "FY", "revenue": 3598916000, "costOfRevenue": 2195857000, "grossProfit": 1403059000, "grossProfitRatio": 0.3898560011, "researchAndDevelopmentExpenses": 683688000, "generalAndAdministrativeExpenses": 0, "sellingAndMarketingExpenses": 0, "sellingGeneralAndAdministrativeExpenses": 599487000, "otherExpenses": -51413000, "operatingExpenses": 1283175000, "costAndExpenses": 3479032000, "interestIncome": 14737000, "interestExpense": 60408000, "depreciationAndAmortization": 304116000, "ebitda": 425813000, "ebitdaratio": 0.1183170155, "operatingIncome": 118071000, "operatingIncomeRatio": 0.0328073787, "totalOtherIncomeExpensesNet": -53226000, "incomeBeforeTax": 66658000, "incomeBeforeTaxRatio": 0.0185216882, "incomeTaxExpense": -47221000, "netIncome": 113879000, "netIncomeRatio": 0.0316425835, "eps": 0.67, "epsdiluted": 0.66, "weightedAverageShsOut": 168932000, "weightedAverageShsOutDil": 173430000, "link": "https://www.sec.gov/Archives/edgar/data/707549/000119312513348269/0001193125-13-348269-index.htm", "finalLink": "https://www.sec.gov/Archives/edgar/data/707549/000119312513348269/d556924d10k.htm", "calculatedOtherExpenses": 1813000, "calculatedOperatingExpenses": 1284988000, "calculatedNetInterest": -45671000, "calculatedOtherIncome": -5742000, "calculatedIncomeNonControlling": 0, "calculatedEbitda": 422187000}, {"date": "2012-06-24", "symbol": "LRCX", "reportedCurrency": "USD", "cik": "0000707549", "fillingDate": "2012-08-22", "acceptedDate": "2012-08-22 17:01:37", "calendarYear": "2012", "period": "FY", "revenue": 2665192000, "costOfRevenue": 1581123000, "grossProfit": 1084069000, "grossProfitRatio": 0.4067508082, "researchAndDevelopmentExpenses": 444559000, "generalAndAdministrativeExpenses": 0, "sellingAndMarketingExpenses": 0, "sellingGeneralAndAdministrativeExpenses": 400052000, "otherExpenses": -33315000, "operatingExpenses": 844611000, "costAndExpenses": 2425734000, "interestIncome": 12141000, "interestExpense": 38962000, "depreciationAndAmortization": 100825000, "ebitda": 342008000, "ebitdaratio": 0.1283239632, "operatingIncome": 237733000, "operatingIncomeRatio": 0.0891992022, "totalOtherIncomeExpensesNet": -35040000, "incomeBeforeTax": 204418000, "incomeBeforeTaxRatio": 0.0766991646, "incomeTaxExpense": 35695000, "netIncome": 168723000, "netIncomeRatio": 0.0633061333, "eps": 1.36, "epsdiluted": 1.35, "weightedAverageShsOut": 124176000, "weightedAverageShsOutDil": 125233000, "link": "https://www.sec.gov/Archives/edgar/data/707549/000119312512365446/0001193125-12-365446-index.htm", "finalLink": "https://www.sec.gov/Archives/edgar/data/707549/000119312512365446/d365655d10k.htm", "calculatedOtherExpenses": 1725000, "calculatedOperatingExpenses": 846336000, "calculatedNetInterest": -26821000, "calculatedOtherIncome": -6494000, "calculatedIncomeNonControlling": 0, "calculatedEbitda": 338558000}, {"date": "2011-06-26", "symbol": "LRCX", "reportedCurrency": "USD", "cik": "0000707549", "fillingDate": "2011-08-19", "acceptedDate": "2011-08-19 17:10:36", "calendarYear": "2011", "period": "FY", "revenue": 3237693000, "costOfRevenue": 1740461000, "grossProfit": 1497232000, "grossProfitRatio": 0.4624379149, "researchAndDevelopmentExpenses": 373293000, "generalAndAdministrativeExpenses": 308075000, "sellingAndMarketingExpenses": 0, "sellingGeneralAndAdministrativeExpenses": 308075000, "otherExpenses": 11579000, "operatingExpenses": 681368000, "costAndExpenses": 2421829000, "interestIncome": 15572000, "interestExpense": 5380000, "depreciationAndAmortization": 74759000, "ebitda": 905611000, "ebitdaratio": 0.2797087309, "operatingIncome": 804285000, "operatingIncomeRatio": 0.2484129904, "totalOtherIncomeExpensesNet": -14988000, "incomeBeforeTax": 800876000, "incomeBeforeTaxRatio": 0.2473600802, "incomeTaxExpense": 77128000, "netIncome": 723748000, "netIncomeRatio": 0.2235381798, "eps": 5.86, "epsdiluted": 5.79, "weightedAverageShsOut": 123529000, "weightedAverageShsOutDil": 125019000, "link": "https://www.sec.gov/Archives/edgar/data/707549/000119312511227691/0001193125-11-227691-index.htm", "finalLink": "https://www.sec.gov/Archives/edgar/data/707549/000119312511227691/d10k.htm", "calculatedOtherExpenses": 11579000, "calculatedOperatingExpenses": 692947000, "calculatedNetInterest": 10192000, "calculatedOtherIncome": -13601000, "calculatedIncomeNonControlling": 0, "calculatedEbitda": 879044000}, {"date": "2010-06-27", "symbol": "LRCX", "reportedCurrency": "USD", "cik": "0000707549", "fillingDate": "2010-08-23", "acceptedDate": "2010-08-20 18:37:58", "calendarYear": "2010", "period": "FY", "revenue": 2133776000, "costOfRevenue": 1159489000, "grossProfit": 974287000, "grossProfitRatio": 0.4566022863, "researchAndDevelopmentExpenses": 320859000, "generalAndAdministrativeExpenses": 0, "sellingAndMarketingExpenses": 0, "sellingGeneralAndAdministrativeExpenses": 240942000, "otherExpenses": 0, "operatingExpenses": 527563000, "costAndExpenses": 1687052000, "interestIncome": 8598000, "interestExpense": 994000, "depreciationAndAmortization": 71401000, "ebitda": 534708000, "ebitdaratio": 0.2505923771, "operatingIncome": 425410000, "operatingIncomeRatio": 0.1993695683, "totalOtherIncomeExpensesNet": -16583000, "incomeBeforeTax": 430141000, "incomeBeforeTaxRatio": 0.2015867645, "incomeTaxExpense": 83472000, "netIncome": 346669000, "netIncomeRatio": 0.1624673818, "eps": 2.73, "epsdiluted": 2.71, "weightedAverageShsOut": 126933000, "weightedAverageShsOutDil": 128126000, "link": "https://www.sec.gov/Archives/edgar/data/707549/000119312510194304/0001193125-10-194304-index.htm", "finalLink": "https://www.sec.gov/Archives/edgar/data/707549/000119312510194304/d10k.htm", "calculatedOtherExpenses": -12924000, "calculatedOperatingExpenses": 548877000, "calculatedNetInterest": 7604000, "calculatedOtherIncome": -2873000, "calculatedIncomeNonControlling": 0, "calculatedEbitda": 496811000}, {"date": "2009-06-28", "symbol": "LRCX", "reportedCurrency": "USD", "cik": "0000707549", "fillingDate": "2009-08-27", "acceptedDate": "2009-08-26 20:12:00", "calendarYear": "2009", "period": "FY", "revenue": 1115946000, "costOfRevenue": 727212000, "grossProfit": 388734000, "grossProfitRatio": 0.3483448124, "researchAndDevelopmentExpenses": 288269000, "generalAndAdministrativeExpenses": 237708000, "sellingAndMarketingExpenses": 0, "sellingGeneralAndAdministrativeExpenses": 237708000, "otherExpenses": 3232000, "operatingExpenses": 529209000, "costAndExpenses": 1256421000, "interestIncome": 24283000, "interestExpense": 6497000, "depreciationAndAmortization": 72417000, "ebitda": 54560000, "ebitdaratio": 0.0488912546, "operatingIncome": -281243000, "operatingIncomeRatio": -0.2520220512, "totalOtherIncomeExpensesNet": -122618000, "incomeBeforeTax": -263093000, "incomeBeforeTaxRatio": -0.2357578234, "incomeTaxExpense": 39055000, "netIncome": -302148000, "netIncomeRatio": -0.2707550365, "eps": -2.41, "epsdiluted": -2.41, "weightedAverageShsOut": 125595000, "weightedAverageShsOutDil": 125595000, "link": "https://www.sec.gov/Archives/edgar/data/707549/000119312509182356/0001193125-09-182356-index.htm", "finalLink": "https://www.sec.gov/Archives/edgar/data/707549/000119312509182356/d10k.htm", "calculatedOtherExpenses": 144000000, "calculatedOperatingExpenses": 669977000, "calculatedNetInterest": 17786000, "calculatedOtherIncome": 364000, "calculatedIncomeNonControlling": 0, "calculatedEbitda": -208826000}, {"date": "2008-06-29", "symbol": "LRCX", "reportedCurrency": "USD", "cik": "0000707549", "fillingDate": "2008-08-28", "acceptedDate": "2008-08-28 17:13:38", "calendarYear": "2008", "period": "FY", "revenue": 2474911000, "costOfRevenue": 1301505000, "grossProfit": 1173406000, "grossProfitRatio": 0.4741204835, "researchAndDevelopmentExpenses": 323759000, "generalAndAdministrativeExpenses": 0, "sellingAndMarketingExpenses": 0, "sellingGeneralAndAdministrativeExpenses": 287992000, "otherExpenses": 43784000, "operatingExpenses": 655535000, "costAndExpenses": 1957040000, "interestIncome": 51194000, "interestExpense": -12674000, "depreciationAndAmortization": 54704000, "ebitda": 595774000, "ebitdaratio": 0.2407254241, "operatingIncome": 509431000, "operatingIncomeRatio": 0.2058381089, "totalOtherIncomeExpensesNet": -23199000, "incomeBeforeTax": 576976000, "incomeBeforeTaxRatio": 0.2331299994, "incomeTaxExpense": 137627000, "netIncome": 439349000, "netIncomeRatio": 0.1775211311, "eps": 3.52, "epsdiluted": 3.47, "weightedAverageShsOut": 124647000, "weightedAverageShsOutDil": 126504000, "link": "https://www.sec.gov/Archives/edgar/data/707549/000095013408015947/0000950134-08-015947-index.htm", "finalLink": "https://www.sec.gov/Archives/edgar/data/707549/000095013408015947/f43373e10vk.htm", "calculatedOtherExpenses": 52224000, "calculatedOperatingExpenses": 663975000, "calculatedNetInterest": 63868000, "calculatedOtherIncome": 3677000, "calculatedIncomeNonControlling": 0, "calculatedEbitda": 564135000}, {"date": "2007-06-24", "symbol": "LRCX", "reportedCurrency": "USD", "cik": "0000707549", "fillingDate": "2008-03-31", "acceptedDate": "2008-03-31 17:14:43", "calendarYear": "2007", "period": "FY", "revenue": 2566576000, "costOfRevenue": 1261522000, "grossProfit": 1305054000, "grossProfitRatio": 0.5084805593, "researchAndDevelopmentExpenses": 285348000, "generalAndAdministrativeExpenses": 0, "sellingAndMarketingExpenses": 0, "sellingGeneralAndAdministrativeExpenses": 241046000, "otherExpenses": 15834000, "operatingExpenses": 542228000, "costAndExpenses": 1803750000, "interestIncome": 38189000, "interestExpense": -677000, "depreciationAndAmortization": 37439000, "ebitda": 785051000, "ebitdaratio": 0.3058748309, "operatingIncome": 778660000, "operatingIncomeRatio": 0.3033847429, "totalOtherIncomeExpensesNet": 15214000, "incomeBeforeTax": 847723000, "incomeBeforeTaxRatio": 0.3302933558, "incomeTaxExpense": 161907000, "netIncome": 685816000, "netIncomeRatio": 0.2672104781, "eps": 4.94, "epsdiluted": 4.85, "weightedAverageShsOut": 138714000, "weightedAverageShsOutDil": 141524000, "link": "https://www.sec.gov/Archives/edgar/data/707549/000089161808000189/0000891618-08-000189-index.htm", "finalLink": "https://www.sec.gov/Archives/edgar/data/707549/000089161808000189/f39305e10vk.htm", "calculatedOtherExpenses": 0, "calculatedOperatingExpenses": 526394000, "calculatedNetInterest": 38866000, "calculatedOtherIncome": 30197000, "calculatedIncomeNonControlling": 0, "calculatedEbitda": 816099000}, {"date": "2006-06-25", "symbol": "LRCX", "reportedCurrency": "USD", "cik": "0000707549", "fillingDate": "2006-08-17", "acceptedDate": "2006-08-16 19:12:37", "calendarYear": "2006", "period": "FY", "revenue": 1642171000, "costOfRevenue": 814777000, "grossProfit": 827394000, "grossProfitRatio": 0.503841561, "researchAndDevelopmentExpenses": 228891000, "generalAndAdministrativeExpenses": 0, "sellingAndMarketingExpenses": 0, "sellingGeneralAndAdministrativeExpenses": 192238000, "otherExpenses": 0, "operatingExpenses": 421129000, "costAndExpenses": 1235906000, "interestIncome": 38189000, "interestExpense": -677000, "depreciationAndAmortization": 24683000, "ebitda": 433438000, "ebitdaratio": 0.2639420621, "operatingIncome": 406265000, "operatingIncomeRatio": 0.2473950642, "totalOtherIncomeExpensesNet": -2490000, "incomeBeforeTax": 441287000, "incomeBeforeTaxRatio": 0.2687217105, "incomeTaxExpense": 105532000, "netIncome": 335755000, "netIncomeRatio": 0.204458001, "eps": 2.42, "epsdiluted": 2.33, "weightedAverageShsOut": 138581000, "weightedAverageShsOutDil": 143759000, "link": "https://www.sec.gov/Archives/edgar/data/707549/000095013406016366/0000950134-06-016366-index.htm", "finalLink": "https://www.sec.gov/Archives/edgar/data/707549/000095013406016366/f23105e10vk.htm", "calculatedOtherExpenses": 0, "calculatedOperatingExpenses": 421129000, "calculatedNetInterest": 38866000, "calculatedOtherIncome": -3844000, "calculatedIncomeNonControlling": 0, "calculatedEbitda": 430948000}, {"date": "2005-06-26", "symbol": "LRCX", "reportedCurrency": "USD", "cik": "0000707549", "fillingDate": "2005-08-18", "acceptedDate": "2005-08-17 21:59:10", "calendarYear": "2005", "period": "FY", "revenue": 1502453000, "costOfRevenue": 738361000, "grossProfit": 764092000, "grossProfitRatio": 0.5085629966, "researchAndDevelopmentExpenses": 194115000, "generalAndAdministrativeExpenses": 0, "sellingAndMarketingExpenses": 0, "sellingGeneralAndAdministrativeExpenses": 164774000, "otherExpenses": 14201000, "operatingExpenses": 358889000, "costAndExpenses": 1097250000, "interestIncome": 17537000, "interestExpense": -1413000, "depreciationAndAmortization": 29666000, "ebitda": 457074000, "ebitdaratio": 0.3042185013, "operatingIncome": 391002000, "operatingIncomeRatio": 0.2602424169, "totalOtherIncomeExpensesNet": -22205000, "incomeBeforeTax": 399122000, "incomeBeforeTaxRatio": 0.2656469121, "incomeTaxExpense": 99781000, "netIncome": 299341000, "netIncomeRatio": 0.1992348513, "eps": 2.16, "epsdiluted": 2.09, "weightedAverageShsOut": 137616667, "weightedAverageShsOutDil": 142225837, "link": "https://www.sec.gov/Archives/edgar/data/707549/000089161805000627/0000891618-05-000627-index.htm", "finalLink": "https://www.sec.gov/Archives/edgar/data/707549/000089161805000627/f11836e10vk.htm", "calculatedOtherExpenses": 14201000, "calculatedOperatingExpenses": 373090000, "calculatedNetInterest": 18950000, "calculatedOtherIncome": -10830000, "calculatedIncomeNonControlling": 0, "calculatedEbitda": 420668000}, {"date": "2004-06-27", "symbol": "LRCX", "reportedCurrency": "USD", "cik": "0000707549", "fillingDate": "2004-09-10", "acceptedDate": "2004-09-10 12:40:30", "calendarYear": "2004", "period": "FY", "revenue": 935946000, "costOfRevenue": 504897000, "grossProfit": 431049000, "grossProfitRatio": 0.460549006, "researchAndDevelopmentExpenses": 170479000, "generalAndAdministrativeExpenses": 0, "sellingAndMarketingExpenses": 0, "sellingGeneralAndAdministrativeExpenses": 146063000, "otherExpenses": 8327000, "operatingExpenses": 316542000, "costAndExpenses": 821439000, "interestIncome": 9915000, "interestExpense": -4634000, "depreciationAndAmortization": 35373000, "ebitda": 159018000, "ebitdaratio": 0.1699008276, "operatingIncome": 106180000, "operatingIncomeRatio": 0.1134467159, "totalOtherIncomeExpensesNet": -9138000, "incomeBeforeTax": 110650000, "incomeBeforeTaxRatio": 0.1182226325, "incomeTaxExpense": 27662000, "netIncome": 82988000, "netIncomeRatio": 0.0886675086, "eps": 0.59, "epsdiluted": 0.54, "weightedAverageShsOut": 140657627, "weightedAverageShsOutDil": 153681481, "link": "https://www.sec.gov/Archives/edgar/data/707549/000095013404013455/0000950134-04-013455-index.htm", "finalLink": "https://www.sec.gov/Archives/edgar/data/707549/000095013404013455/f01598e10vk.htm", "calculatedOtherExpenses": 8327000, "calculatedOperatingExpenses": 324869000, "calculatedNetInterest": 14549000, "calculatedOtherIncome": -10079000, "calculatedIncomeNonControlling": 0, "calculatedEbitda": 141553000}, {"date": "2003-06-29", "symbol": "LRCX", "reportedCurrency": "USD", "cik": "0000707549", "fillingDate": "2003-09-25", "acceptedDate": "2003-09-24 21:58:58", "calendarYear": "2003", "period": "FY", "revenue": 755234000, "costOfRevenue": 451405000, "grossProfit": 303829000, "grossProfitRatio": 0.4022978309, "researchAndDevelopmentExpenses": 160493000, "generalAndAdministrativeExpenses": 0, "sellingAndMarketingExpenses": 0, "sellingGeneralAndAdministrativeExpenses": 132820000, "otherExpenses": 15901000, "operatingExpenses": 293313000, "costAndExpenses": 744718000, "interestIncome": 15804000, "interestExpense": -6096000, "depreciationAndAmortization": 44967000, "ebitda": 74945000, "ebitdaratio": 0.0992341446, "operatingIncome": -5385000, "operatingIncomeRatio": -0.0071302404, "totalOtherIncomeExpensesNet": -35869000, "incomeBeforeTax": -15645000, "incomeBeforeTaxRatio": -0.0207154339, "incomeTaxExpense": -7906000, "netIncome": -7739000, "netIncomeRatio": -0.0102471552, "eps": -0.0613, "epsdiluted": -0.0613, "weightedAverageShsOut": 126300000, "weightedAverageShsOutDil": 126300000, "link": "https://www.sec.gov/Archives/edgar/data/707549/000089161803004913/0000891618-03-004913-index.htm", "finalLink": "https://www.sec.gov/Archives/edgar/data/707549/000089161803004913/f93126e10vk.htm", "calculatedOtherExpenses": 15901000, "calculatedOperatingExpenses": 309214000, "calculatedNetInterest": 21900000, "calculatedOtherIncome": -32160000, "calculatedIncomeNonControlling": 0, "calculatedEbitda": 39582000}, {"date": "2002-06-30", "symbol": "LRCX", "reportedCurrency": "USD", "cik": "0000707549", "fillingDate": "2002-09-12", "acceptedDate": "2002-09-11 21:43:18", "calendarYear": "2002", "period": "FY", "revenue": 943114000, "costOfRevenue": 677025000, "grossProfit": 266089000, "grossProfitRatio": 0.2821387446, "researchAndDevelopmentExpenses": 179217000, "generalAndAdministrativeExpenses": 0, "sellingAndMarketingExpenses": 0, "sellingGeneralAndAdministrativeExpenses": 161860000, "otherExpenses": 0, "operatingExpenses": 341077000, "costAndExpenses": 1018102000, "interestIncome": 0, "interestExpense": 0, "depreciationAndAmortization": 64338000, "ebitda": 47875000, "ebitdaratio": 0.0507626862, "operatingIncome": -119838000, "operatingIncomeRatio": -0.1270662932, "totalOtherIncomeExpensesNet": -58525000, "incomeBeforeTax": -127995000, "incomeBeforeTaxRatio": -0.1357153006, "incomeTaxExpense": -37944000, "netIncome": -90051000, "netIncomeRatio": -0.0954826246, "eps": -0.71, "epsdiluted": -0.71, "weightedAverageShsOut": 126356000, "weightedAverageShsOutDil": 126356000, "link": "https://www.sec.gov/Archives/edgar/data/707549/000070754902000010/0000707549-02-000010-index.htm", "finalLink": "https://www.sec.gov/Archives/edgar/data/707549/000070754902000010/form10k.htm", "calculatedOtherExpenses": 44850000, "calculatedOperatingExpenses": 385927000, "calculatedNetInterest": 0, "calculatedOtherIncome": -8157000, "calculatedIncomeNonControlling": 0, "calculatedEbitda": -55500000}, {"date": "2001-06-24", "symbol": "LRCX", "reportedCurrency": "USD", "cik": "0000707549", "fillingDate": "2001-09-17", "acceptedDate": "2001-09-17 00:00:00", "calendarYear": "2001", "period": "FY", "revenue": 1519789000, "costOfRevenue": 862321000, "grossProfit": 657468000, "grossProfitRatio": 0.4326047892, "researchAndDevelopmentExpenses": 227248000, "generalAndAdministrativeExpenses": 0, "sellingAndMarketingExpenses": 0, "sellingGeneralAndAdministrativeExpenses": 218919000, "otherExpenses": -3989000, "operatingExpenses": 442178000, "costAndExpenses": 1304499000, "interestIncome": 0, "interestExpense": 0, "depreciationAndAmortization": 58727000, "ebitda": 295654000, "ebitdaratio": 0.1945362152, "operatingIncome": 186532000, "operatingIncomeRatio": 0.1227354587, "totalOtherIncomeExpensesNet": -21637000, "incomeBeforeTax": 201634000, "incomeBeforeTaxRatio": 0.1326723644, "incomeTaxExpense": 60497000, "netIncome": 52106000, "netIncomeRatio": 0.0342850225, "eps": 0.42, "epsdiluted": 0.39, "weightedAverageShsOut": 123856000, "weightedAverageShsOutDil": 132243000, "link": "https://www.sec.gov/Archives/edgar/data/707549/000070754901500016/0000707549-01-500016-index.htm", "finalLink": "https://www.sec.gov/Archives/edgar/data/707549/000070754901500016/form10k.htm", "calculatedOtherExpenses": 24769000, "calculatedOperatingExpenses": 470936000, "calculatedNetInterest": 0, "calculatedOtherIncome": 15102000, "calculatedIncomeNonControlling": 89031000, "calculatedEbitda": 245259000}, {"date": "2000-06-25", "symbol": "LRCX", "reportedCurrency": "USD", "cik": "0000707549", "fillingDate": "2000-09-19", "acceptedDate": "2000-09-19 00:00:00", "calendarYear": "2000", "period": "FY", "revenue": 1230767000, "costOfRevenue": 691161000, "grossProfit": 539606000, "grossProfitRatio": 0.4384306697, "researchAndDevelopmentExpenses": 176895000, "generalAndAdministrativeExpenses": 0, "sellingAndMarketingExpenses": 0, "sellingGeneralAndAdministrativeExpenses": 161349000, "otherExpenses": 2249000, "operatingExpenses": 340493000, "costAndExpenses": 1031654000, "interestIncome": 0, "interestExpense": 0, "depreciationAndAmortization": 46015000, "ebitda": 214110000, "ebitdaratio": 0.1739646903, "operatingIncome": 229842000, "operatingIncomeRatio": 0.1867469635, "totalOtherIncomeExpensesNet": 31018000, "incomeBeforeTax": 236813000, "incomeBeforeTaxRatio": 0.1924109112, "incomeTaxExpense": 32057000, "netIncome": 204756000, "netIncomeRatio": 0.1663645515, "eps": 1.69, "epsdiluted": 1.53, "weightedAverageShsOut": 120949000, "weightedAverageShsOutDil": 143327000, "link": "https://www.sec.gov/Archives/edgar/data/707549/000070754900500008/0000707549-00-500008-index.htm", "finalLink": "https://www.sec.gov/Archives/edgar/data/707549/000070754900500008/form10k.htm", "calculatedOtherExpenses": -28480000, "calculatedOperatingExpenses": 309764000, "calculatedNetInterest": 0, "calculatedOtherIncome": 6971000, "calculatedIncomeNonControlling": 0, "calculatedEbitda": 275857000}, {"date": "1999-06-30", "symbol": "LRCX", "reportedCurrency": "USD", "cik": "0000707549", "fillingDate": "1999-09-24", "acceptedDate": "1999-09-24 00:00:00", "calendarYear": "1999", "period": "FY", "revenue": 647955000, "costOfRevenue": 414591000, "grossProfit": 233364000, "grossProfitRatio": 0.3601546404, "researchAndDevelopmentExpenses": 142495000, "generalAndAdministrativeExpenses": 0, "sellingAndMarketingExpenses": 0, "sellingGeneralAndAdministrativeExpenses": 145698000, "otherExpenses": 0, "operatingExpenses": 288193000, "costAndExpenses": 702784000, "interestIncome": 0, "interestExpense": 0, "depreciationAndAmortization": 50924000, "ebitda": 56821000, "ebitdaratio": 0.0876928182, "operatingIncome": -113201000, "operatingIncomeRatio": -0.1747050335, "totalOtherIncomeExpensesNet": -60726000, "incomeBeforeTax": -112913000, "incomeBeforeTaxRatio": -0.1742605582, "incomeTaxExpense": 58084000, "netIncome": -112913000, "netIncomeRatio": -0.1742605582, "eps": -0.98, "epsdiluted": -0.98, "weightedAverageShsOut": 115476000, "weightedAverageShsOutDil": 115476000, "link": "https://www.sec.gov/Archives/edgar/data/707549/000089161899004328/0000891618-99-004328-index.html", "finalLink": "https://www.sec.gov/Archives/edgar/data/707549/000089161899004328/", "calculatedOtherExpenses": 58372000, "calculatedOperatingExpenses": 346565000, "calculatedNetInterest": 0, "calculatedOtherIncome": 288000, "calculatedIncomeNonControlling": -58084000, "calculatedEbitda": -62277000}, {"date": "1998-06-30", "symbol": "LRCX", "reportedCurrency": "USD", "cik": "0000707549", "fillingDate": "1998-09-24", "acceptedDate": "1998-09-24 00:00:00", "calendarYear": "1998", "period": "FY", "revenue": 1052586000, "costOfRevenue": 646511000, "grossProfit": 406075000, "grossProfitRatio": 0.3857879546, "researchAndDevelopmentExpenses": 206456000, "generalAndAdministrativeExpenses": 0, "sellingAndMarketingExpenses": 0, "sellingGeneralAndAdministrativeExpenses": 201900000, "otherExpenses": -31933000, "operatingExpenses": 376423000, "costAndExpenses": 1022934000, "interestIncome": 0, "interestExpense": 0, "depreciationAndAmortization": 62265000, "ebitda": 270770000, "ebitdaratio": 0.2572426386, "operatingIncome": -180924000, "operatingIncomeRatio": -0.1718852426, "totalOtherIncomeExpensesNet": -178853000, "incomeBeforeTax": -179125000, "incomeBeforeTaxRatio": -0.1701761186, "incomeTaxExpense": -34526000, "netIncome": -144599000, "netIncomeRatio": -0.1373749983, "eps": -1.27, "epsdiluted": -1.27, "weightedAverageShsOut": 114171000, "weightedAverageShsOutDil": 114171000, "link": "https://www.sec.gov/Archives/edgar/data/707549/000089161898004288/0000891618-98-004288-index.html", "finalLink": "https://www.sec.gov/Archives/edgar/data/707549/", "calculatedOtherExpenses": 178643000, "calculatedOperatingExpenses": 586999000, "calculatedNetInterest": 0, "calculatedOtherIncome": 1799000, "calculatedIncomeNonControlling": 0, "calculatedEbitda": -118659000}, {"date": "1997-06-30", "symbol": "LRCX", "reportedCurrency": "USD", "cik": "0000707549", "fillingDate": "1997-09-26", "acceptedDate": "1997-09-26 00:00:00", "calendarYear": "1997", "period": "FY", "revenue": 1002404000, "costOfRevenue": 689459000, "grossProfit": 312945000, "grossProfitRatio": 0.3121944845, "researchAndDevelopmentExpenses": 170624000, "generalAndAdministrativeExpenses": 0, "sellingAndMarketingExpenses": 0, "sellingGeneralAndAdministrativeExpenses": 197089000, "otherExpenses": 0, "operatingExpenses": 367713000, "costAndExpenses": 1057172000, "interestIncome": 0, "interestExpense": 0, "depreciationAndAmortization": 53109000, "ebitda": -4664000, "ebitdaratio": -0.0046528146, "operatingIncome": -63789000, "operatingIncomeRatio": -0.063636019, "totalOtherIncomeExpensesNet": 3005000, "incomeBeforeTax": -65278000, "incomeBeforeTaxRatio": -0.065121448, "incomeTaxExpense": -31644000, "netIncome": -33634000, "netIncomeRatio": -0.0335533378, "eps": -0.37, "epsdiluted": -0.37, "weightedAverageShsOut": 91800000, "weightedAverageShsOutDil": 91800000, "link": "https://www.sec.gov/Archives/edgar/data/707549/000101287097001869/0001012870-97-001869-index.html", "finalLink": "https://www.sec.gov/Archives/edgar/data/707549/", "calculatedOtherExpenses": 9021000, "calculatedOperatingExpenses": 376734000, "calculatedNetInterest": 0, "calculatedOtherIncome": -1489000, "calculatedIncomeNonControlling": 0, "calculatedEbitda": -10680000}, {"date": "1996-06-30", "symbol": "LRCX", "reportedCurrency": "USD", "cik": "0000707549", "fillingDate": "1996-09-23", "acceptedDate": "1996-09-23 00:00:00", "calendarYear": "1996", "period": "FY", "revenue": 1254070000, "costOfRevenue": 663181000, "grossProfit": 590889000, "grossProfitRatio": 0.4711770475, "researchAndDevelopmentExpenses": 173013000, "generalAndAdministrativeExpenses": 0, "sellingAndMarketingExpenses": 0, "sellingGeneralAndAdministrativeExpenses": 227755000, "otherExpenses": -22814000, "operatingExpenses": 377954000, "costAndExpenses": 1041135000, "interestIncome": 0, "interestExpense": 0, "depreciationAndAmortization": 33756000, "ebitda": 225330000, "ebitdaratio": 0.1796789653, "operatingIncome": 212935000, "operatingIncomeRatio": 0.169795147, "totalOtherIncomeExpensesNet": 21361000, "incomeBeforeTax": 209037000, "incomeBeforeTaxRatio": 0.1666868676, "incomeTaxExpense": 67946000, "netIncome": 141091000, "netIncomeRatio": 0.1125064789, "eps": 1.44, "epsdiluted": 1.32, "weightedAverageShsOut": 101319444, "weightedAverageShsOutDil": 110530303, "link": "https://www.sec.gov/Archives/edgar/data/707549/000091205796020899/0000912057-96-020899-index.html", "finalLink": "https://www.sec.gov/Archives/edgar/data/707549/", "calculatedOtherExpenses": -22814000, "calculatedOperatingExpenses": 377954000, "calculatedNetInterest": 0, "calculatedOtherIncome": -3898000, "calculatedIncomeNonControlling": 0, "calculatedEbitda": 246691000}, {"date": "1995-06-30", "symbol": "LRCX", "reportedCurrency": "USD", "cik": "0000707549", "fillingDate": "1995-09-26", "acceptedDate": "1995-09-26 00:00:00", "calendarYear": "1995", "period": "FY", "revenue": 798209000, "costOfRevenue": 418818000, "grossProfit": 379391000, "grossProfitRatio": 0.4753028342, "researchAndDevelopmentExpenses": 127840000, "generalAndAdministrativeExpenses": 0, "sellingAndMarketingExpenses": 0, "sellingGeneralAndAdministrativeExpenses": 145507000, "otherExpenses": -12348000, "operatingExpenses": 260999000, "costAndExpenses": 679817000, "interestIncome": 0, "interestExpense": 0, "depreciationAndAmortization": 23532000, "ebitda": 118930000, "ebitdaratio": 0.1489960649, "operatingIncome": 118392000, "operatingIncomeRatio": 0.148322056, "totalOtherIncomeExpensesNet": 22994000, "incomeBeforeTax": 127444000, "incomeBeforeTaxRatio": 0.1596624443, "incomeTaxExpense": 38233000, "netIncome": 89211000, "netIncomeRatio": 0.1117639616, "eps": 1.09, "epsdiluted": 1.02, "weightedAverageShsOut": 81900000, "weightedAverageShsOutDil": 90900000, "link": "https://www.sec.gov/Archives/edgar/data/707549/0000912057-95-008038-index.html", "finalLink": "https://www.sec.gov/Archives/edgar/data/707549/0000912057-95-008038.txt", "calculatedOtherExpenses": -12348000, "calculatedOperatingExpenses": 260999000, "calculatedNetInterest": 0, "calculatedOtherIncome": 9052000, "calculatedIncomeNonControlling": 0, "calculatedEbitda": 141924000}, {"date": "1994-06-30", "symbol": "LRCX", "reportedCurrency": "USD", "cik": "0000707549", "fillingDate": "1994-06-30", "acceptedDate": "1994-06-29 20:00:00", "calendarYear": "1994", "period": "FY", "revenue": 484900000, "costOfRevenue": 247600000, "grossProfit": 237300000, "grossProfitRatio": 0.4893792535, "researchAndDevelopmentExpenses": 76300000, "generalAndAdministrativeExpenses": 0, "sellingAndMarketingExpenses": 0, "sellingGeneralAndAdministrativeExpenses": 91100000, "otherExpenses": 18400000, "operatingExpenses": 185800000, "costAndExpenses": 433400000, "interestIncome": 0, "interestExpense": 0, "depreciationAndAmortization": 18400000, "ebitda": 57100000, "ebitdaratio": 0.1177562384, "operatingIncome": 51500000, "operatingIncomeRatio": 0.1062074655, "totalOtherIncomeExpensesNet": 12800000, "incomeBeforeTax": 57200000, "incomeBeforeTaxRatio": 0.1179624665, "incomeTaxExpense": 19400000, "netIncome": 37800000, "netIncomeRatio": 0.0779542174, "eps": 0.49, "epsdiluted": 0.44, "weightedAverageShsOut": 77142857, "weightedAverageShsOutDil": 85909091, "link": "", "finalLink": "", "calculatedOtherExpenses": 18400000, "calculatedOperatingExpenses": 185800000, "calculatedNetInterest": 0, "calculatedOtherIncome": 5700000, "calculatedIncomeNonControlling": 0, "calculatedEbitda": 69900000}, {"date": "1993-06-30", "symbol": "LRCX", "reportedCurrency": "USD", "cik": "0000707549", "fillingDate": "1993-06-30", "acceptedDate": "1993-06-29 20:00:00", "calendarYear": "1993", "period": "FY", "revenue": 260500000, "costOfRevenue": 127200000, "grossProfit": 133300000, "grossProfitRatio": 0.5117082534, "researchAndDevelopmentExpenses": 0, "generalAndAdministrativeExpenses": 0, "sellingAndMarketingExpenses": 0, "sellingGeneralAndAdministrativeExpenses": 97000000, "otherExpenses": 12700000, "operatingExpenses": 109700000, "costAndExpenses": 236900000, "interestIncome": 0, "interestExpense": 0, "depreciationAndAmortization": 12700000, "ebitda": 30700000, "ebitdaratio": 0.1178502879, "operatingIncome": 23600000, "operatingIncomeRatio": 0.0905950096, "totalOtherIncomeExpensesNet": 5600000, "incomeBeforeTax": 27000000, "incomeBeforeTaxRatio": 0.103646833, "incomeTaxExpense": 8100000, "netIncome": 18900000, "netIncomeRatio": 0.0725527831, "eps": 0.26, "epsdiluted": 0.26, "weightedAverageShsOut": 72692308, "weightedAverageShsOutDil": 72692308, "link": "", "finalLink": "", "calculatedOtherExpenses": 12700000, "calculatedOperatingExpenses": 109700000, "calculatedNetInterest": 0, "calculatedOtherIncome": 3400000, "calculatedIncomeNonControlling": 0, "calculatedEbitda": 36300000}, {"date": "1992-06-30", "symbol": "LRCX", "reportedCurrency": "USD", "cik": "0000707549", "fillingDate": "1992-06-30", "acceptedDate": "1992-06-29 20:00:00", "calendarYear": "1992", "period": "FY", "revenue": 165600000, "costOfRevenue": 76400000, "grossProfit": 89200000, "grossProfitRatio": 0.538647343, "researchAndDevelopmentExpenses": 0, "generalAndAdministrativeExpenses": 0, "sellingAndMarketingExpenses": 0, "sellingGeneralAndAdministrativeExpenses": 71200000, "otherExpenses": 8800000, "operatingExpenses": 80000000, "costAndExpenses": 156400000, "interestIncome": 0, "interestExpense": 0, "depreciationAndAmortization": 8800000, "ebitda": 11400000, "ebitdaratio": 0.0688405797, "operatingIncome": 9200000, "operatingIncomeRatio": 0.0555555556, "totalOtherIncomeExpensesNet": 6600000, "incomeBeforeTax": 13600000, "incomeBeforeTaxRatio": 0.0821256039, "incomeTaxExpense": 3700000, "netIncome": 9900000, "netIncomeRatio": 0.0597826087, "eps": 0.16, "epsdiluted": 0.16, "weightedAverageShsOut": 61875000, "weightedAverageShsOutDil": 61875000, "link": "", "finalLink": "", "calculatedOtherExpenses": 8800000, "calculatedOperatingExpenses": 80000000, "calculatedNetInterest": 0, "calculatedOtherIncome": 4400000, "calculatedIncomeNonControlling": 0, "calculatedEbitda": 18000000}, {"date": "1991-06-30", "symbol": "LRCX", "reportedCurrency": "USD", "cik": "0000707549", "fillingDate": "1991-06-30", "acceptedDate": "1991-06-29 20:00:00", "calendarYear": "1991", "period": "FY", "revenue": 138000000, "costOfRevenue": 70900000, "grossProfit": 67100000, "grossProfitRatio": 0.4862318841, "researchAndDevelopmentExpenses": 0, "generalAndAdministrativeExpenses": 0, "sellingAndMarketingExpenses": 0, "sellingGeneralAndAdministrativeExpenses": 59200000, "otherExpenses": 4500000, "operatingExpenses": 63700000, "costAndExpenses": 134600000, "interestIncome": 0, "interestExpense": 0, "depreciationAndAmortization": 5500000, "ebitda": 2000000, "ebitdaratio": 0.0144927536, "operatingIncome": 3400000, "operatingIncomeRatio": 0.0246376812, "totalOtherIncomeExpensesNet": 6900000, "incomeBeforeTax": 8100000, "incomeBeforeTaxRatio": 0.0586956522, "incomeTaxExpense": 2000000, "netIncome": 6100000, "netIncomeRatio": 0.0442028986, "eps": 0.11, "epsdiluted": 0.11, "weightedAverageShsOut": 55454545, "weightedAverageShsOutDil": 55454545, "link": "", "finalLink": "", "calculatedOtherExpenses": 4500000, "calculatedOperatingExpenses": 63700000, "calculatedNetInterest": 0, "calculatedOtherIncome": 4700000, "calculatedIncomeNonControlling": 0, "calculatedEbitda": 8900000}, {"date": "1990-06-30", "symbol": "LRCX", "reportedCurrency": "USD", "cik": "0000707549", "fillingDate": "1990-06-30", "acceptedDate": "1990-06-29 20:00:00", "calendarYear": "1990", "period": "FY", "revenue": 137300000, "costOfRevenue": 70200000, "grossProfit": 67100000, "grossProfitRatio": 0.4887108521, "researchAndDevelopmentExpenses": 0, "generalAndAdministrativeExpenses": 0, "sellingAndMarketingExpenses": 0, "sellingGeneralAndAdministrativeExpenses": 56400000, "otherExpenses": 22600000, "operatingExpenses": 79000000, "costAndExpenses": 149200000, "interestIncome": 0, "interestExpense": 0, "depreciationAndAmortization": 4600000, "ebitda": -12300000, "ebitdaratio": -0.0895848507, "operatingIncome": -11900000, "operatingIncomeRatio": -0.0866715222, "totalOtherIncomeExpensesNet": 5000000, "incomeBeforeTax": -8400000, "incomeBeforeTaxRatio": -0.061179898, "incomeTaxExpense": 400000, "netIncome": -8800000, "netIncomeRatio": -0.0640932265, "eps": -0.17, "epsdiluted": -0.17, "weightedAverageShsOut": 51764706, "weightedAverageShsOutDil": 51764706, "link": "", "finalLink": "", "calculatedOtherExpenses": 22600000, "calculatedOperatingExpenses": 79000000, "calculatedNetInterest": 0, "calculatedOtherIncome": 3500000, "calculatedIncomeNonControlling": 0, "calculatedEbitda": -7300000}, {"date": "1989-06-30", "symbol": "LRCX", "reportedCurrency": "USD", "cik": "0000707549", "fillingDate": "1989-06-30", "acceptedDate": "1989-06-29 20:00:00", "calendarYear": "1989", "period": "FY", "revenue": 126000000, "costOfRevenue": 65000000, "grossProfit": 61000000, "grossProfitRatio": 0.4841269841, "researchAndDevelopmentExpenses": 0, "generalAndAdministrativeExpenses": 0, "sellingAndMarketingExpenses": 0, "sellingGeneralAndAdministrativeExpenses": 48700000, "otherExpenses": 3600000, "operatingExpenses": 52300000, "costAndExpenses": 117300000, "interestIncome": 0, "interestExpense": 0, "depreciationAndAmortization": 3600000, "ebitda": 7500000, "ebitdaratio": 0.0595238095, "operatingIncome": 8700000, "operatingIncomeRatio": 0.069047619, "totalOtherIncomeExpensesNet": 4800000, "incomeBeforeTax": 12500000, "incomeBeforeTaxRatio": 0.0992063492, "incomeTaxExpense": 3200000, "netIncome": 9300000, "netIncomeRatio": 0.0738095238, "eps": 0.19, "epsdiluted": 0.19, "weightedAverageShsOut": 48947368, "weightedAverageShsOutDil": 48947368, "link": "", "finalLink": "", "calculatedOtherExpenses": 3600000, "calculatedOperatingExpenses": 52300000, "calculatedNetInterest": 0, "calculatedOtherIncome": 3800000, "calculatedIncomeNonControlling": 0, "calculatedEbitda": 12300000}, {"date": "1988-06-30", "symbol": "LRCX", "reportedCurrency": "USD", "cik": "0000707549", "fillingDate": "1988-06-30", "acceptedDate": "1988-06-29 20:00:00", "calendarYear": "1988", "period": "FY", "revenue": 75000000, "costOfRevenue": 35100000, "grossProfit": 39900000, "grossProfitRatio": 0.532, "researchAndDevelopmentExpenses": 0, "generalAndAdministrativeExpenses": 0, "sellingAndMarketingExpenses": 0, "sellingGeneralAndAdministrativeExpenses": 34300000, "otherExpenses": 2900000, "operatingExpenses": 37200000, "costAndExpenses": 72300000, "interestIncome": 0, "interestExpense": 0, "depreciationAndAmortization": 2900000, "ebitda": 3900000, "ebitdaratio": 0.052, "operatingIncome": 2700000, "operatingIncomeRatio": 0.036, "totalOtherIncomeExpensesNet": 1700000, "incomeBeforeTax": 3900000, "incomeBeforeTaxRatio": 0.052, "incomeTaxExpense": 1600000, "netIncome": 2300000, "netIncomeRatio": 0.0306666667, "eps": 0.05, "epsdiluted": 0.05, "weightedAverageShsOut": 46000000, "weightedAverageShsOutDil": 46000000, "link": "", "finalLink": "", "calculatedOtherExpenses": 2900000, "calculatedOperatingExpenses": 37200000, "calculatedNetInterest": 0, "calculatedOtherIncome": 1200000, "calculatedIncomeNonControlling": 0, "calculatedEbitda": 5600000}, {"date": "1987-06-30", "symbol": "LRCX", "reportedCurrency": "USD", "cik": "0000707549", "fillingDate": "1987-06-30", "acceptedDate": "1987-06-29 20:00:00", "calendarYear": "1987", "period": "FY", "revenue": 25500000, "costOfRevenue": 11000000, "grossProfit": 14500000, "grossProfitRatio": 0.568627451, "researchAndDevelopmentExpenses": 0, "generalAndAdministrativeExpenses": 0, "sellingAndMarketingExpenses": 0, "sellingGeneralAndAdministrativeExpenses": 18200000, "otherExpenses": 1500000, "operatingExpenses": 19700000, "costAndExpenses": 30700000, "interestIncome": 0, "interestExpense": 0, "depreciationAndAmortization": 1500000, "ebitda": -5000000, "ebitdaratio": -0.1960784314, "operatingIncome": -5200000, "operatingIncomeRatio": -0.2039215686, "totalOtherIncomeExpensesNet": 1300000, "incomeBeforeTax": -3900000, "incomeBeforeTaxRatio": -0.1529411765, "incomeTaxExpense": -1200000, "netIncome": -2700000, "netIncomeRatio": -0.1058823529, "eps": -0.08, "epsdiluted": -0.08, "weightedAverageShsOut": 33750000, "weightedAverageShsOutDil": 33750000, "link": "", "finalLink": "", "calculatedOtherExpenses": 1500000, "calculatedOperatingExpenses": 19700000, "calculatedNetInterest": 0, "calculatedOtherIncome": 1300000, "calculatedIncomeNonControlling": 0, "calculatedEbitda": -3700000}, {"date": "1986-06-30", "symbol": "LRCX", "reportedCurrency": "USD", "cik": "0000707549", "fillingDate": "1986-06-30", "acceptedDate": "1986-06-29 20:00:00", "calendarYear": "1986", "period": "FY", "revenue": 34400000, "costOfRevenue": 15800000, "grossProfit": 18600000, "grossProfitRatio": 0.5406976744, "researchAndDevelopmentExpenses": 0, "generalAndAdministrativeExpenses": 0, "sellingAndMarketingExpenses": 0, "sellingGeneralAndAdministrativeExpenses": 18200000, "otherExpenses": 1100000, "operatingExpenses": 19300000, "costAndExpenses": 35100000, "interestIncome": 0, "interestExpense": 0, "depreciationAndAmortization": 1100000, "ebitda": -2200000, "ebitdaratio": -0.0639534884, "operatingIncome": -700000, "operatingIncomeRatio": -0.0203488372, "totalOtherIncomeExpensesNet": 2600000, "incomeBeforeTax": 1900000, "incomeBeforeTaxRatio": 0.0552325581, "incomeTaxExpense": 200000, "netIncome": 1700000, "netIncomeRatio": 0.0494186047, "eps": 0.05, "epsdiluted": 0.05, "weightedAverageShsOut": 34000000, "weightedAverageShsOutDil": 34000000, "link": "", "finalLink": "", "calculatedOtherExpenses": 1100000, "calculatedOperatingExpenses": 19300000, "calculatedNetInterest": 0, "calculatedOtherIncome": 2600000, "calculatedIncomeNonControlling": 0, "calculatedEbitda": 400000}]}