{"originalCurrency": "USD", "convertedCurrency": "USD", "report": [{"date": "2023-12-30", "symbol": "LSCC", "reportedCurrency": "USD", "cik": "0000855658", "fillingDate": "2024-02-16", "acceptedDate": "2024-02-16 14:56:42", "calendarYear": "2023", "period": "FY", "revenue": 737154000, "costOfRevenue": 256916000, "grossProfit": 480238000, "grossProfitRatio": 0.651475811, "researchAndDevelopmentExpenses": 158696000, "generalAndAdministrativeExpenses": 0, "sellingAndMarketingExpenses": 0, "sellingGeneralAndAdministrativeExpenses": 107364000, "otherExpenses": 545000, "operatingExpenses": 266060000, "costAndExpenses": 522976000, "interestIncome": 2041000, "interestExpense": 2041000, "depreciationAndAmortization": 41196000, "ebitda": 255374000, "ebitdaratio": 0.3464323601, "operatingIncome": 214178000, "operatingIncomeRatio": 0.2905471584, "totalOtherIncomeExpensesNet": 678000, "incomeBeforeTax": 214856000, "incomeBeforeTaxRatio": 0.2914669119, "incomeTaxExpense": -44205000, "netIncome": 259061000, "netIncomeRatio": 0.3514340287, "eps": 1.88, "epsdiluted": 1.85, "weightedAverageShsOut": 137694000, "weightedAverageShsOutDil": 139790000, "link": "https://www.sec.gov/Archives/edgar/data/855658/000143774924004522/0001437749-24-004522-index.htm", "finalLink": "https://www.sec.gov/Archives/edgar/data/855658/000143774924004522/lscc20231206_10k.htm", "calculatedOtherExpenses": 0, "calculatedOperatingExpenses": 266060000, "calculatedNetInterest": 0, "calculatedOtherIncome": 678000, "calculatedIncomeNonControlling": 0, "calculatedEbitda": 255374000}, {"date": "2022-12-31", "symbol": "LSCC", "reportedCurrency": "USD", "cik": "0000855658", "fillingDate": "2023-02-17", "acceptedDate": "2023-02-17 16:20:13", "calendarYear": "2022", "period": "FY", "revenue": 660356000, "costOfRevenue": 208306000, "grossProfit": 452050000, "grossProfitRatio": 0.6845549976, "researchAndDevelopmentExpenses": 135767000, "generalAndAdministrativeExpenses": 0, "sellingAndMarketingExpenses": 0, "sellingGeneralAndAdministrativeExpenses": 122076000, "otherExpenses": 3778000, "operatingExpenses": 261621000, "costAndExpenses": 469927000, "interestIncome": 4146000, "interestExpense": 4146000, "depreciationAndAmortization": 31276000, "ebitda": 218643000, "ebitdaratio": 0.3310986801, "operatingIncome": 187367000, "operatingIncomeRatio": 0.2837363483, "totalOtherIncomeExpensesNet": -5255000, "incomeBeforeTax": 182112000, "incomeBeforeTaxRatio": 0.2757785195, "incomeTaxExpense": 3230000, "netIncome": 178882000, "netIncomeRatio": 0.2708872184, "eps": 1.3, "epsdiluted": 1.27, "weightedAverageShsOut": 137321000, "weightedAverageShsOutDil": 140667000, "link": "https://www.sec.gov/Archives/edgar/data/855658/000143774923003778/0001437749-23-003778-index.htm", "finalLink": "https://www.sec.gov/Archives/edgar/data/855658/000143774923003778/lscc20221231_10k.htm", "calculatedOtherExpenses": 6840000, "calculatedOperatingExpenses": 264683000, "calculatedNetInterest": 0, "calculatedOtherIncome": -5255000, "calculatedIncomeNonControlling": 0, "calculatedEbitda": 218643000}, {"date": "2021-12-31", "symbol": "LSCC", "reportedCurrency": "USD", "cik": "0000855658", "fillingDate": "2022-02-23", "acceptedDate": "2022-02-23 16:19:32", "calendarYear": "2021", "period": "FY", "revenue": 515327000, "costOfRevenue": 193652000, "grossProfit": 321675000, "grossProfitRatio": 0.6242153041, "researchAndDevelopmentExpenses": 110518000, "generalAndAdministrativeExpenses": 0, "sellingAndMarketingExpenses": 0, "sellingGeneralAndAdministrativeExpenses": 105617000, "otherExpenses": 2613000, "operatingExpenses": 218748000, "costAndExpenses": 412400000, "interestIncome": 2738000, "interestExpense": 2738000, "depreciationAndAmortization": 26088000, "ebitda": 126904000, "ebitdaratio": 0.2462591714, "operatingIncome": 100816000, "operatingIncomeRatio": 0.1956350046, "totalOtherIncomeExpensesNet": -3190000, "incomeBeforeTax": 97626000, "incomeBeforeTaxRatio": 0.1894447603, "incomeTaxExpense": 1704000, "netIncome": 95922000, "netIncomeRatio": 0.186138122, "eps": 0.7, "epsdiluted": 0.67, "weightedAverageShsOut": 136619000, "weightedAverageShsOutDil": 142143000, "link": "https://www.sec.gov/Archives/edgar/data/855658/000143774922004190/0001437749-22-004190-index.htm", "finalLink": "https://www.sec.gov/Archives/edgar/data/855658/000143774922004190/lscc20220101_10k.htm", "calculatedOtherExpenses": 4724000, "calculatedOperatingExpenses": 220859000, "calculatedNetInterest": 0, "calculatedOtherIncome": -3190000, "calculatedIncomeNonControlling": 0, "calculatedEbitda": 126904000}, {"date": "2020-12-31", "symbol": "LSCC", "reportedCurrency": "USD", "cik": "0000855658", "fillingDate": "2021-02-26", "acceptedDate": "2021-02-26 15:34:18", "calendarYear": "2020", "period": "FY", "revenue": 408120000, "costOfRevenue": 162814000, "grossProfit": 245306000, "grossProfitRatio": 0.6010634127, "researchAndDevelopmentExpenses": 89223000, "generalAndAdministrativeExpenses": 0, "sellingAndMarketingExpenses": 0, "sellingGeneralAndAdministrativeExpenses": 95331000, "otherExpenses": 4449000, "operatingExpenses": 189003000, "costAndExpenses": 351817000, "interestIncome": 3702000, "interestExpense": 3702000, "depreciationAndAmortization": 28869000, "ebitda": 81235000, "ebitdaratio": 0.199046849, "operatingIncome": 52366000, "operatingIncomeRatio": 0.1283103009, "totalOtherIncomeExpensesNet": -3910000, "incomeBeforeTax": 48456000, "incomeBeforeTaxRatio": 0.1187297854, "incomeTaxExpense": 1064000, "netIncome": 47392000, "netIncomeRatio": 0.116122709, "eps": 0.35, "epsdiluted": 0.34, "weightedAverageShsOut": 135220000, "weightedAverageShsOutDil": 141276000, "link": "https://www.sec.gov/Archives/edgar/data/855658/000143774921004238/0001437749-21-004238-index.htm", "finalLink": "https://www.sec.gov/Archives/edgar/data/855658/000143774921004238/lscc20201231b_10k.htm", "calculatedOtherExpenses": 8386000, "calculatedOperatingExpenses": 192940000, "calculatedNetInterest": 0, "calculatedOtherIncome": -3910000, "calculatedIncomeNonControlling": 0, "calculatedEbitda": 81235000}, {"date": "2019-12-28", "symbol": "LSCC", "reportedCurrency": "USD", "cik": "0000855658", "fillingDate": "2020-02-24", "acceptedDate": "2020-02-24 17:00:41", "calendarYear": "2019", "period": "FY", "revenue": 404093000, "costOfRevenue": 165671000, "grossProfit": 238422000, "grossProfitRatio": 0.5900176445, "researchAndDevelopmentExpenses": 78617000, "generalAndAdministrativeExpenses": 0, "sellingAndMarketingExpenses": 0, "sellingGeneralAndAdministrativeExpenses": 82542000, "otherExpenses": 13558000, "operatingExpenses": 174717000, "costAndExpenses": 340388000, "interestIncome": 11731000, "interestExpense": 11731000, "depreciationAndAmortization": 35475000, "ebitda": 94516000, "ebitdaratio": 0.2338966525, "operatingIncome": 59041000, "operatingIncomeRatio": 0.1461074555, "totalOtherIncomeExpensesNet": -13976000, "incomeBeforeTax": 45065000, "incomeBeforeTaxRatio": 0.1115213577, "incomeTaxExpense": 1572000, "netIncome": 43493000, "netIncomeRatio": 0.1076311641, "eps": 0.33, "epsdiluted": 0.32, "weightedAverageShsOut": 132471000, "weightedAverageShsOutDil": 137274000, "link": "https://www.sec.gov/Archives/edgar/data/855658/000085565820000025/0000855658-20-000025-index.htm", "finalLink": "https://www.sec.gov/Archives/edgar/data/855658/000085565820000025/lscc201910-k.htm", "calculatedOtherExpenses": 18222000, "calculatedOperatingExpenses": 179381000, "calculatedNetInterest": 0, "calculatedOtherIncome": -13976000, "calculatedIncomeNonControlling": 0, "calculatedEbitda": 94516000}, {"date": "2018-12-29", "symbol": "LSCC", "reportedCurrency": "USD", "cik": "0000855658", "fillingDate": "2019-02-26", "acceptedDate": "2019-02-26 16:50:02", "calendarYear": "2018", "period": "FY", "revenue": 398799000, "costOfRevenue": 179360000, "grossProfit": 219439000, "grossProfitRatio": 0.5502496245, "researchAndDevelopmentExpenses": 82449000, "generalAndAdministrativeExpenses": 0, "sellingAndMarketingExpenses": 0, "sellingGeneralAndAdministrativeExpenses": 91054000, "otherExpenses": -249000, "operatingExpenses": 191193000, "costAndExpenses": 370553000, "interestIncome": 0, "interestExpense": 20600000, "depreciationAndAmortization": 39261000, "ebitda": 67258000, "ebitdaratio": 0.1686513758, "operatingIncome": -3120000, "operatingIncomeRatio": -0.00782349, "totalOtherIncomeExpensesNet": -31615000, "incomeBeforeTax": -23969000, "incomeBeforeTaxRatio": -0.0601029591, "incomeTaxExpense": 2353000, "netIncome": -26322000, "netIncomeRatio": -0.0660031745, "eps": -0.21, "epsdiluted": -0.21, "weightedAverageShsOut": 125342857, "weightedAverageShsOutDil": 126564000, "link": "https://www.sec.gov/Archives/edgar/data/855658/000085565819000022/0000855658-19-000022-index.htm", "finalLink": "https://www.sec.gov/Archives/edgar/data/855658/000085565819000022/lscc201810-k.htm", "calculatedOtherExpenses": 49056000, "calculatedOperatingExpenses": 222559000, "calculatedNetInterest": -20600000, "calculatedOtherIncome": -249000, "calculatedIncomeNonControlling": 0, "calculatedEbitda": 36141000}, {"date": "2017-12-30", "symbol": "LSCC", "reportedCurrency": "USD", "cik": "0000855658", "fillingDate": "2018-03-14", "acceptedDate": "2018-03-13 19:06:10", "calendarYear": "2017", "period": "FY", "revenue": 385961000, "costOfRevenue": 169382000, "grossProfit": 216579000, "grossProfitRatio": 0.5611421879, "researchAndDevelopmentExpenses": 103357000, "generalAndAdministrativeExpenses": 0, "sellingAndMarketingExpenses": 0, "sellingGeneralAndAdministrativeExpenses": 90718000, "otherExpenses": -3286000, "operatingExpenses": 225415000, "costAndExpenses": 394797000, "interestIncome": 0, "interestExpense": 18807000, "depreciationAndAmortization": 57861000, "ebitda": 45739000, "ebitdaratio": 0.1185067921, "operatingIncome": -47620000, "operatingIncomeRatio": -0.1233803415, "totalOtherIncomeExpensesNet": -42070000, "incomeBeforeTax": -69713000, "incomeBeforeTaxRatio": -0.1806218763, "incomeTaxExpense": 849000, "netIncome": -70562000, "netIncomeRatio": -0.1828215804, "eps": -0.58, "epsdiluted": -0.58, "weightedAverageShsOut": 121658620, "weightedAverageShsOutDil": 122677000, "link": "https://www.sec.gov/Archives/edgar/data/855658/000085565818000027/0000855658-18-000027-index.htm", "finalLink": "https://www.sec.gov/Archives/edgar/data/855658/000085565818000027/lscc201710-k.htm", "calculatedOtherExpenses": 70124000, "calculatedOperatingExpenses": 264199000, "calculatedNetInterest": -18807000, "calculatedOtherIncome": -3286000, "calculatedIncomeNonControlling": 0, "calculatedEbitda": 10241000}, {"date": "2016-12-31", "symbol": "LSCC", "reportedCurrency": "USD", "cik": "0000855658", "fillingDate": "2017-03-01", "acceptedDate": "2017-03-01 15:51:44", "calendarYear": "2016", "period": "FY", "revenue": 427054000, "costOfRevenue": 180620000, "grossProfit": 246434000, "grossProfitRatio": 0.577055829, "researchAndDevelopmentExpenses": 117518000, "generalAndAdministrativeExpenses": 0, "sellingAndMarketingExpenses": 0, "sellingGeneralAndAdministrativeExpenses": 98602000, "otherExpenses": 4303000, "operatingExpenses": 249695000, "costAndExpenses": 430315000, "interestIncome": 0, "interestExpense": 20327000, "depreciationAndAmortization": 61806000, "ebitda": 62848000, "ebitdaratio": 0.1471664005, "operatingIncome": -26699000, "operatingIncomeRatio": -0.0625190257, "totalOtherIncomeExpensesNet": -19135000, "incomeBeforeTax": -42723000, "incomeBeforeTaxRatio": -0.1000412126, "incomeTaxExpense": 9917000, "netIncome": -54099000, "netIncomeRatio": -0.12667953, "eps": -0.45, "epsdiluted": -0.45, "weightedAverageShsOut": 119994000, "weightedAverageShsOutDil": 119994000, "link": "https://www.sec.gov/Archives/edgar/data/855658/000085565817000012/0000855658-17-000012-index.htm", "finalLink": "https://www.sec.gov/Archives/edgar/data/855658/000085565817000012/lscc201610-k.htm", "calculatedOtherExpenses": 57013000, "calculatedOperatingExpenses": 273133000, "calculatedNetInterest": -20327000, "calculatedOtherIncome": 4303000, "calculatedIncomeNonControlling": 1459000, "calculatedEbitda": 35107000}, {"date": "2015-12-31", "symbol": "LSCC", "reportedCurrency": "USD", "cik": "0000855658", "fillingDate": "2016-03-02", "acceptedDate": "2016-03-02 17:24:29", "calendarYear": "2015", "period": "FY", "revenue": 405966000, "costOfRevenue": 186057000, "grossProfit": 219909000, "grossProfitRatio": 0.5416931467, "researchAndDevelopmentExpenses": 136868000, "generalAndAdministrativeExpenses": 0, "sellingAndMarketingExpenses": 0, "sellingGeneralAndAdministrativeExpenses": 97349000, "otherExpenses": -832000, "operatingExpenses": 263797000, "costAndExpenses": 449854000, "interestIncome": 0, "interestExpense": 18389000, "depreciationAndAmortization": 29580000, "ebitda": -15140000, "ebitdaratio": -0.0372937635, "operatingIncome": -107232000, "operatingIncomeRatio": -0.2641403467, "totalOtherIncomeExpensesNet": -64176000, "incomeBeforeTax": -126453000, "incomeBeforeTaxRatio": -0.3114866762, "incomeTaxExpense": 32540000, "netIncome": -159233000, "netIncomeRatio": -0.3922323544, "eps": -1.36, "epsdiluted": -1.36, "weightedAverageShsOut": 117083088, "weightedAverageShsOutDil": 117387000, "link": "https://www.sec.gov/Archives/edgar/data/855658/000085565816000180/0000855658-16-000180-index.htm", "finalLink": "https://www.sec.gov/Archives/edgar/data/855658/000085565816000180/a201510-k.htm", "calculatedOtherExpenses": 92924000, "calculatedOperatingExpenses": 327141000, "calculatedNetInterest": -18389000, "calculatedOtherIncome": -832000, "calculatedIncomeNonControlling": 240000, "calculatedEbitda": -77652000}, {"date": "2014-12-31", "symbol": "LSCC", "reportedCurrency": "USD", "cik": "0000855658", "fillingDate": "2015-03-04", "acceptedDate": "2015-03-04 16:12:26", "calendarYear": "2014", "period": "FY", "revenue": 366127000, "costOfRevenue": 159940000, "grossProfit": 206187000, "grossProfitRatio": 0.5631570466, "researchAndDevelopmentExpenses": 88079000, "generalAndAdministrativeExpenses": 0, "sellingAndMarketingExpenses": 0, "sellingGeneralAndAdministrativeExpenses": 73527000, "otherExpenses": 1325000, "operatingExpenses": 164554000, "costAndExpenses": 324494000, "interestIncome": 0, "interestExpense": 4605000, "depreciationAndAmortization": 2948000, "ebitda": 44598000, "ebitdaratio": 0.1218101915, "operatingIncome": 41616000, "operatingIncomeRatio": 0.1136654767, "totalOtherIncomeExpensesNet": 1308000, "incomeBeforeTax": 42941000, "incomeBeforeTaxRatio": 0.1172844396, "incomeTaxExpense": -5639000, "netIncome": 48580000, "netIncomeRatio": 0.1326861991, "eps": 0.41, "epsdiluted": 0.4, "weightedAverageShsOut": 117708000, "weightedAverageShsOutDil": 120245000, "link": "https://www.sec.gov/Archives/edgar/data/855658/000085565815000035/0000855658-15-000035-index.htm", "finalLink": "https://www.sec.gov/Archives/edgar/data/855658/000085565815000035/a201410-k.htm", "calculatedOtherExpenses": 2965000, "calculatedOperatingExpenses": 164571000, "calculatedNetInterest": -4605000, "calculatedOtherIncome": 5930000, "calculatedIncomeNonControlling": 0, "calculatedEbitda": 44564000}, {"date": "2013-12-28", "symbol": "LSCC", "reportedCurrency": "USD", "cik": "0000855658", "fillingDate": "2014-03-11", "acceptedDate": "2014-03-11 16:13:04", "calendarYear": "2013", "period": "FY", "revenue": 332525000, "costOfRevenue": 154281000, "grossProfit": 178244000, "grossProfitRatio": 0.5360318773, "researchAndDevelopmentExpenses": 80966000, "generalAndAdministrativeExpenses": 0, "sellingAndMarketingExpenses": 0, "sellingGeneralAndAdministrativeExpenses": 67144000, "otherExpenses": -300000, "operatingExpenses": 148110000, "costAndExpenses": 302391000, "interestIncome": 0, "interestExpense": 6996000, "depreciationAndAmortization": 20807000, "ebitda": 33482000, "ebitdaratio": 0.1006901737, "operatingIncome": 26786000, "operatingIncomeRatio": 0.0805533419, "totalOtherIncomeExpensesNet": -3648000, "incomeBeforeTax": 26486000, "incomeBeforeTaxRatio": 0.079651154, "incomeTaxExpense": 4165000, "netIncome": 22321000, "netIncomeRatio": 0.06712578, "eps": 0.19, "epsdiluted": 0.19, "weightedAverageShsOut": 115701000, "weightedAverageShsOutDil": 117081000, "link": "https://www.sec.gov/Archives/edgar/data/855658/000085565814000036/0000855658-14-000036-index.htm", "finalLink": "https://www.sec.gov/Archives/edgar/data/855658/000085565814000036/a201310-k.htm", "calculatedOtherExpenses": 3348000, "calculatedOperatingExpenses": 151458000, "calculatedNetInterest": -6996000, "calculatedOtherIncome": 6696000, "calculatedIncomeNonControlling": 0, "calculatedEbitda": 47593000}, {"date": "2012-12-29", "symbol": "LSCC", "reportedCurrency": "USD", "cik": "0000855658", "fillingDate": "2013-03-08", "acceptedDate": "2013-03-08 13:55:06", "calendarYear": "2012", "period": "FY", "revenue": 279256000, "costOfRevenue": 128499000, "grossProfit": 150757000, "grossProfitRatio": 0.5398523219, "researchAndDevelopmentExpenses": 77610000, "generalAndAdministrativeExpenses": 0, "sellingAndMarketingExpenses": 0, "sellingGeneralAndAdministrativeExpenses": 72317000, "otherExpenses": 505000, "operatingExpenses": 149927000, "costAndExpenses": 278426000, "interestIncome": 0, "interestExpense": 19382000, "depreciationAndAmortization": 22149000, "ebitda": 11026000, "ebitdaratio": 0.0394834847, "operatingIncome": -9366000, "operatingIncomeRatio": -0.0335391182, "totalOtherIncomeExpensesNet": -9691000, "incomeBeforeTax": -8861000, "incomeBeforeTaxRatio": -0.0317307417, "incomeTaxExpense": 20745000, "netIncome": -29606000, "netIncomeRatio": -0.1060174177, "eps": -0.25, "epsdiluted": -0.25, "weightedAverageShsOut": 117194000, "weightedAverageShsOutDil": 117194000, "link": "https://www.sec.gov/Archives/edgar/data/855658/000085565813000021/0000855658-13-000021-index.htm", "finalLink": "https://www.sec.gov/Archives/edgar/data/855658/000085565813000021/a201210-k.htm", "calculatedOtherExpenses": 10196000, "calculatedOperatingExpenses": 160123000, "calculatedNetInterest": -19382000, "calculatedOtherIncome": 19887000, "calculatedIncomeNonControlling": 0, "calculatedEbitda": 12783000}, {"date": "2011-12-31", "symbol": "LSCC", "reportedCurrency": "USD", "cik": "0000855658", "fillingDate": "2012-03-12", "acceptedDate": "2012-03-12 17:07:07", "calendarYear": "2011", "period": "FY", "revenue": 318366000, "costOfRevenue": 129769000, "grossProfit": 188597000, "grossProfitRatio": 0.5923905191, "researchAndDevelopmentExpenses": 71855000, "generalAndAdministrativeExpenses": 0, "sellingAndMarketingExpenses": 0, "sellingGeneralAndAdministrativeExpenses": 68838000, "otherExpenses": 0, "operatingExpenses": 140693000, "costAndExpenses": 270462000, "interestIncome": 1142000, "interestExpense": 1142000, "depreciationAndAmortization": 16666000, "ebitda": 53085000, "ebitdaratio": 0.1667420516, "operatingIncome": 41289000, "operatingIncomeRatio": 0.1296903564, "totalOtherIncomeExpensesNet": -5181000, "incomeBeforeTax": 42723000, "incomeBeforeTaxRatio": 0.1341946062, "incomeTaxExpense": -35509000, "netIncome": 78232000, "netIncomeRatio": 0.2457297576, "eps": 0.66, "epsdiluted": 0.65, "weightedAverageShsOut": 117875000, "weightedAverageShsOutDil": 121139000, "link": "https://www.sec.gov/Archives/edgar/data/855658/000085565812000035/0000855658-12-000035-index.htm", "finalLink": "https://www.sec.gov/Archives/edgar/data/855658/000085565812000035/a201110-k12x31x2011.htm", "calculatedOtherExpenses": 6615000, "calculatedOperatingExpenses": 147308000, "calculatedNetInterest": 0, "calculatedOtherIncome": 1434000, "calculatedIncomeNonControlling": 0, "calculatedEbitda": 57955000}, {"date": "2010-12-31", "symbol": "LSCC", "reportedCurrency": "USD", "cik": "0000855658", "fillingDate": "2011-03-11", "acceptedDate": "2011-03-11 11:37:47", "calendarYear": "2010", "period": "FY", "revenue": 297768000, "costOfRevenue": 117943000, "grossProfit": 179825000, "grossProfitRatio": 0.6039097552, "researchAndDevelopmentExpenses": 60326000, "generalAndAdministrativeExpenses": 0, "sellingAndMarketingExpenses": 0, "sellingGeneralAndAdministrativeExpenses": 64359000, "otherExpenses": 0, "operatingExpenses": 124685000, "costAndExpenses": 242628000, "interestIncome": 0, "interestExpense": -4926000, "depreciationAndAmortization": 14492000, "ebitda": 52677000, "ebitdaratio": 0.176906182, "operatingIncome": 55129000, "operatingIncomeRatio": 0.1851407807, "totalOtherIncomeExpensesNet": 2463000, "incomeBeforeTax": 57603000, "incomeBeforeTaxRatio": 0.1934492625, "incomeTaxExpense": 531000, "netIncome": 57072000, "netIncomeRatio": 0.191665995, "eps": 0.49, "epsdiluted": 0.48, "weightedAverageShsOut": 116726000, "weightedAverageShsOutDil": 120143000, "link": "https://www.sec.gov/Archives/edgar/data/855658/000085565811000033/0000855658-11-000033-index.htm", "finalLink": "https://www.sec.gov/Archives/edgar/data/855658/000085565811000033/a201010k01012011.htm", "calculatedOtherExpenses": 11000, "calculatedOperatingExpenses": 124696000, "calculatedNetInterest": 4926000, "calculatedOtherIncome": -2452000, "calculatedIncomeNonControlling": 0, "calculatedEbitda": 69621000}, {"date": "2009-12-31", "symbol": "LSCC", "reportedCurrency": "USD", "cik": "0000855658", "fillingDate": "2010-03-10", "acceptedDate": "2010-03-10 14:39:27", "calendarYear": "2009", "period": "FY", "revenue": 194420000, "costOfRevenue": 90077000, "grossProfit": 104343000, "grossProfitRatio": 0.5366886123, "researchAndDevelopmentExpenses": 56133000, "generalAndAdministrativeExpenses": 0, "sellingAndMarketingExpenses": 0, "sellingGeneralAndAdministrativeExpenses": 52545000, "otherExpenses": 228000, "operatingExpenses": 108906000, "costAndExpenses": 198983000, "interestIncome": 0, "interestExpense": 3754000, "depreciationAndAmortization": 228000, "ebitda": -2458000, "ebitdaratio": -0.0126427322, "operatingIncome": -8252000, "operatingIncomeRatio": -0.042444193, "totalOtherIncomeExpensesNet": -1877000, "incomeBeforeTax": -6440000, "incomeBeforeTaxRatio": -0.0331241642, "incomeTaxExpense": 517000, "netIncome": -6957000, "netIncomeRatio": -0.0357833556, "eps": -0.0603, "epsdiluted": -0.0603, "weightedAverageShsOut": 115384000, "weightedAverageShsOutDil": 115384000, "link": "https://www.sec.gov/Archives/edgar/data/855658/000119312510052435/0001193125-10-052435-index.htm", "finalLink": "https://www.sec.gov/Archives/edgar/data/855658/000119312510052435/d10k.htm", "calculatedOtherExpenses": 3917000, "calculatedOperatingExpenses": 112595000, "calculatedNetInterest": -3754000, "calculatedOtherIncome": 5566000, "calculatedIncomeNonControlling": 0, "calculatedEbitda": -8024000}, {"date": "2008-12-31", "symbol": "LSCC", "reportedCurrency": "USD", "cik": "0000855658", "fillingDate": "2009-03-13", "acceptedDate": "2009-03-13 17:27:57", "calendarYear": "2008", "period": "FY", "revenue": 222262000, "costOfRevenue": 102831000, "grossProfit": 119431000, "grossProfitRatio": 0.5373433155, "researchAndDevelopmentExpenses": 68610000, "generalAndAdministrativeExpenses": 0, "sellingAndMarketingExpenses": 0, "sellingGeneralAndAdministrativeExpenses": 58680000, "otherExpenses": 12376000, "operatingExpenses": 139666000, "costAndExpenses": 242497000, "interestIncome": 0, "interestExpense": 46374000, "depreciationAndAmortization": 21933000, "ebitda": 30281000, "ebitdaratio": 0.136240113, "operatingIncome": -20235000, "operatingIncomeRatio": -0.0910412036, "totalOtherIncomeExpensesNet": -28583000, "incomeBeforeTax": -38026000, "incomeBeforeTaxRatio": -0.1710863755, "incomeTaxExpense": 180000, "netIncome": -38206000, "netIncomeRatio": -0.1718962306, "eps": -0.33, "epsdiluted": -0.33, "weightedAverageShsOut": 115291000, "weightedAverageShsOutDil": 115291000, "link": "https://www.sec.gov/Archives/edgar/data/855658/000119312509054024/0001193125-09-054024-index.htm", "finalLink": "https://www.sec.gov/Archives/edgar/data/855658/000119312509054024/d10k.htm", "calculatedOtherExpenses": 12376000, "calculatedOperatingExpenses": 139666000, "calculatedNetInterest": -46374000, "calculatedOtherIncome": 28583000, "calculatedIncomeNonControlling": 0, "calculatedEbitda": 1698000}, {"date": "2007-12-29", "symbol": "LSCC", "reportedCurrency": "USD", "cik": "0000855658", "fillingDate": "2008-03-13", "acceptedDate": "2008-03-13 11:57:20", "calendarYear": "2007", "period": "FY", "revenue": 228709000, "costOfRevenue": 103157000, "grossProfit": 125552000, "grossProfitRatio": 0.5489595949, "researchAndDevelopmentExpenses": 82977000, "generalAndAdministrativeExpenses": 0, "sellingAndMarketingExpenses": 0, "sellingGeneralAndAdministrativeExpenses": 58485000, "otherExpenses": 233388000, "operatingExpenses": 374850000, "costAndExpenses": 478007000, "interestIncome": 7814000, "interestExpense": 210945000, "depreciationAndAmortization": 26957000, "ebitda": -1228000, "ebitdaratio": -0.0053692684, "operatingIncome": -251670000, "operatingIncomeRatio": -1.1003939504, "totalOtherIncomeExpensesNet": -221113000, "incomeBeforeTax": -239130000, "incomeBeforeTaxRatio": -1.0455644509, "incomeTaxExpense": 686000, "netIncome": -239816000, "netIncomeRatio": -1.0485638956, "eps": -2.09, "epsdiluted": -2.09, "weightedAverageShsOut": 114915000, "weightedAverageShsOutDil": 114915000, "link": "https://www.sec.gov/Archives/edgar/data/855658/000119312508055067/0001193125-08-055067-index.htm", "finalLink": "https://www.sec.gov/Archives/edgar/data/855658/000119312508055067/d10k.htm", "calculatedOtherExpenses": 235760000, "calculatedOperatingExpenses": 377222000, "calculatedNetInterest": -203131000, "calculatedOtherIncome": 215671000, "calculatedIncomeNonControlling": 0, "calculatedEbitda": -224713000}, {"date": "2006-12-30", "symbol": "LSCC", "reportedCurrency": "USD", "cik": "0000855658", "fillingDate": "2007-03-09", "acceptedDate": "2007-03-09 14:40:12", "calendarYear": "2006", "period": "FY", "revenue": 245459000, "costOfRevenue": 106727000, "grossProfit": 138732000, "grossProfitRatio": 0.5651941872, "researchAndDevelopmentExpenses": 81968000, "generalAndAdministrativeExpenses": 0, "sellingAndMarketingExpenses": 0, "sellingGeneralAndAdministrativeExpenses": 58450000, "otherExpenses": 10806000, "operatingExpenses": 151224000, "costAndExpenses": 257951000, "interestIncome": 12954000, "interestExpense": -20382000, "depreciationAndAmortization": 27747000, "ebitda": 11513000, "ebitdaratio": 0.0469039636, "operatingIncome": -12803000, "operatingIncomeRatio": -0.0521594238, "totalOtherIncomeExpensesNet": 3742000, "incomeBeforeTax": 4148000, "incomeBeforeTaxRatio": 0.0168989526, "incomeTaxExpense": 1055000, "netIncome": 3093000, "netIncomeRatio": 0.0126008824, "eps": 0.03, "epsdiluted": 0.03, "weightedAverageShsOut": 114188000, "weightedAverageShsOutDil": 115019000, "link": "https://www.sec.gov/Archives/edgar/data/855658/000110465907017758/0001104659-07-017758-index.htm", "finalLink": "https://www.sec.gov/Archives/edgar/data/855658/000110465907017758/a07-5546_110k.htm", "calculatedOtherExpenses": 11117000, "calculatedOperatingExpenses": 151535000, "calculatedNetInterest": 33336000, "calculatedOtherIncome": -16385000, "calculatedIncomeNonControlling": 0, "calculatedEbitda": 14944000}, {"date": "2005-12-31", "symbol": "LSCC", "reportedCurrency": "USD", "cik": "0000855658", "fillingDate": "2006-03-15", "acceptedDate": "2006-03-14 18:26:18", "calendarYear": "2005", "period": "FY", "revenue": 211060000, "costOfRevenue": 95925000, "grossProfit": 115135000, "grossProfitRatio": 0.5455083862, "researchAndDevelopmentExpenses": 95412000, "generalAndAdministrativeExpenses": 0, "sellingAndMarketingExpenses": 0, "sellingGeneralAndAdministrativeExpenses": 57541000, "otherExpenses": 16211000, "operatingExpenses": 169164000, "costAndExpenses": 265089000, "interestIncome": 8507000, "interestExpense": -1818000, "depreciationAndAmortization": 33494000, "ebitda": -17210000, "ebitdaratio": -0.0815407941, "operatingIncome": -65965000, "operatingIncomeRatio": -0.3125414574, "totalOtherIncomeExpensesNet": -3325000, "incomeBeforeTax": -48886000, "incomeBeforeTaxRatio": -0.2316213399, "incomeTaxExpense": 233000, "netIncome": -49119000, "netIncomeRatio": -0.2327252914, "eps": -0.43, "epsdiluted": -0.43, "weightedAverageShsOut": 113525000, "weightedAverageShsOutDil": 113525000, "link": "https://www.sec.gov/Archives/edgar/data/855658/000110465906016576/0001104659-06-016576-index.htm", "finalLink": "https://www.sec.gov/Archives/edgar/data/855658/000110465906016576/a06-2000_210k.htm", "calculatedOtherExpenses": 28147000, "calculatedOperatingExpenses": 181100000, "calculatedNetInterest": 10325000, "calculatedOtherIncome": 6754000, "calculatedIncomeNonControlling": 0, "calculatedEbitda": -32471000}, {"date": "2004-12-31", "symbol": "LSCC", "reportedCurrency": "USD", "cik": "0000855658", "fillingDate": "2005-03-16", "acceptedDate": "2005-03-16 15:39:54", "calendarYear": "2004", "period": "FY", "revenue": 225832000, "costOfRevenue": 96857000, "grossProfit": 128975000, "grossProfitRatio": 0.5711103829, "researchAndDevelopmentExpenses": 90957000, "generalAndAdministrativeExpenses": 0, "sellingAndMarketingExpenses": 0, "sellingGeneralAndAdministrativeExpenses": 53803000, "otherExpenses": 47249000, "operatingExpenses": 192009000, "costAndExpenses": 288866000, "interestIncome": 4409000, "interestExpense": -18353000, "depreciationAndAmortization": 68776000, "ebitda": -1238000, "ebitdaratio": -0.0054819512, "operatingIncome": -63034000, "operatingIncomeRatio": -0.2791189911, "totalOtherIncomeExpensesNet": 6980000, "incomeBeforeTax": -51661000, "incomeBeforeTaxRatio": -0.2287585462, "incomeTaxExpense": 318000, "netIncome": -51979000, "netIncomeRatio": -0.2301666726, "eps": -0.46, "epsdiluted": -0.46, "weightedAverageShsOut": 112976000, "weightedAverageShsOutDil": 112976000, "link": "https://www.sec.gov/Archives/edgar/data/855658/000110465905011454/0001104659-05-011454-index.htm", "finalLink": "https://www.sec.gov/Archives/edgar/data/855658/000110465905011454/a05-4945_110k.htm", "calculatedOtherExpenses": 47249000, "calculatedOperatingExpenses": 192009000, "calculatedNetInterest": 22762000, "calculatedOtherIncome": -11389000, "calculatedIncomeNonControlling": 0, "calculatedEbitda": 5742000}, {"date": "2003-12-31", "symbol": "LSCC", "reportedCurrency": "USD", "cik": "0000855658", "fillingDate": "2004-04-01", "acceptedDate": "2004-04-01 15:36:25", "calendarYear": "2003", "period": "FY", "revenue": 209662000, "costOfRevenue": 89266000, "grossProfit": 120396000, "grossProfitRatio": 0.5742385363, "researchAndDevelopmentExpenses": 87092000, "generalAndAdministrativeExpenses": 0, "sellingAndMarketingExpenses": 0, "sellingGeneralAndAdministrativeExpenses": 50773000, "otherExpenses": 77127000, "operatingExpenses": 214992000, "costAndExpenses": 304258000, "interestIncome": 3635000, "interestExpense": 2623000, "depreciationAndAmortization": 99902000, "ebitda": 4865000, "ebitdaratio": 0.0232040141, "operatingIncome": -94596000, "operatingIncomeRatio": -0.4511833332, "totalOtherIncomeExpensesNet": 441000, "incomeBeforeTax": -97660000, "incomeBeforeTaxRatio": -0.4657973309, "incomeTaxExpense": -5854000, "netIncome": -91806000, "netIncomeRatio": -0.4378762007, "eps": -0.82, "epsdiluted": -0.82, "weightedAverageShsOut": 111794000, "weightedAverageShsOutDil": 111794000, "link": "https://www.sec.gov/Archives/edgar/data/855658/000104746904010390/0001047469-04-010390-index.htm", "finalLink": "https://www.sec.gov/Archives/edgar/data/855658/000104746904010390/a2132372z10-k.htm", "calculatedOtherExpenses": 77127000, "calculatedOperatingExpenses": 214992000, "calculatedNetInterest": 1012000, "calculatedOtherIncome": -4076000, "calculatedIncomeNonControlling": 0, "calculatedEbitda": 5306000}, {"date": "2002-12-28", "symbol": "LSCC", "reportedCurrency": "USD", "cik": "0000855658", "fillingDate": "2003-03-20", "acceptedDate": "2003-03-20 14:54:15", "calendarYear": "2002", "period": "FY", "revenue": 229126000, "costOfRevenue": 91546000, "grossProfit": 137580000, "grossProfitRatio": 0.6004556445, "researchAndDevelopmentExpenses": 85776000, "generalAndAdministrativeExpenses": 0, "sellingAndMarketingExpenses": 0, "sellingGeneralAndAdministrativeExpenses": 48099000, "otherExpenses": 73415000, "operatingExpenses": 207290000, "costAndExpenses": 298836000, "interestIncome": 5362000, "interestExpense": 40069000, "depreciationAndAmortization": 94375000, "ebitda": 41075000, "ebitdaratio": 0.1792681756, "operatingIncome": -99563000, "operatingIncomeRatio": -0.4345338373, "totalOtherIncomeExpensesNet": -16410000, "incomeBeforeTax": -93369000, "incomeBeforeTaxRatio": -0.4075006765, "incomeTaxExpense": 81866000, "netIncome": -175235000, "netIncomeRatio": -0.764797535, "eps": -1.59, "epsdiluted": -1.59, "weightedAverageShsOut": 110193000, "weightedAverageShsOutDil": 110193000, "link": "https://www.sec.gov/Archives/edgar/data/855658/000110465903004625/0001104659-03-004625-index.htm", "finalLink": "https://www.sec.gov/Archives/edgar/data/855658/000110465903004625/j8623_10k.htm", "calculatedOtherExpenses": 103268000, "calculatedOperatingExpenses": 237143000, "calculatedNetInterest": -34707000, "calculatedOtherIncome": 40901000, "calculatedIncomeNonControlling": 0, "calculatedEbitda": -5188000}, {"date": "2001-12-29", "symbol": "LSCC", "reportedCurrency": "USD", "cik": "0000855658", "fillingDate": "2002-03-26", "acceptedDate": "2002-03-26 00:00:00", "calendarYear": "2001", "period": "FY", "revenue": 295326000, "costOfRevenue": 111498000, "grossProfit": 183828000, "grossProfitRatio": 0.622457894, "researchAndDevelopmentExpenses": 71679000, "generalAndAdministrativeExpenses": 0, "sellingAndMarketingExpenses": 0, "sellingGeneralAndAdministrativeExpenses": 53027000, "otherExpenses": 84349000, "operatingExpenses": 209055000, "costAndExpenses": 320553000, "interestIncome": 0, "interestExpense": 301249000, "depreciationAndAmortization": 106539000, "ebitda": 233822000, "ebitdaratio": 0.7917420071, "operatingIncome": -25227000, "operatingIncomeRatio": -0.085420857, "totalOtherIncomeExpensesNet": -152510000, "incomeBeforeTax": -173966000, "incomeBeforeTaxRatio": -0.5890642883, "incomeTaxExpense": -64447000, "netIncome": -109519000, "netIncomeRatio": -0.3708410367, "eps": -1.01, "epsdiluted": -1.01, "weightedAverageShsOut": 108814000, "weightedAverageShsOutDil": 108814000, "link": "https://www.sec.gov/Archives/edgar/data/855658/000110465902000920/0001104659-02-000920-index.htm", "finalLink": "https://www.sec.gov/Archives/edgar/data/855658/000110465902000920/j3150_10k.htm", "calculatedOtherExpenses": 84349000, "calculatedOperatingExpenses": 209055000, "calculatedNetInterest": -301249000, "calculatedOtherIncome": 152510000, "calculatedIncomeNonControlling": 0, "calculatedEbitda": 81312000}, {"date": "2000-12-30", "symbol": "LSCC", "reportedCurrency": "USD", "cik": "0000855658", "fillingDate": "2001-03-26", "acceptedDate": "2001-03-26 00:00:00", "calendarYear": "2000", "period": "FY", "revenue": 567759000, "costOfRevenue": 217830000, "grossProfit": 349929000, "grossProfitRatio": 0.6163336909, "researchAndDevelopmentExpenses": 77057000, "generalAndAdministrativeExpenses": 0, "sellingAndMarketingExpenses": 0, "sellingGeneralAndAdministrativeExpenses": 81082000, "otherExpenses": 81873000, "operatingExpenses": 240012000, "costAndExpenses": 457842000, "interestIncome": 16202000, "interestExpense": 14036000, "depreciationAndAmortization": 102213000, "ebitda": 228360000, "ebitdaratio": 0.4022129108, "operatingIncome": 109917000, "operatingIncomeRatio": 0.1935979879, "totalOtherIncomeExpensesNet": 149960000, "incomeBeforeTax": 262071000, "incomeBeforeTaxRatio": 0.4615884557, "incomeTaxExpense": 94184000, "netIncome": 167887000, "netIncomeRatio": 0.295701169, "eps": 1.65, "epsdiluted": 1.47, "weightedAverageShsOut": 101716000, "weightedAverageShsOutDil": 120321000, "link": "https://www.sec.gov/Archives/edgar/data/855658/000091205701008184/0000912057-01-008184-index.htm", "finalLink": "https://www.sec.gov/Archives/edgar/data/855658/000091205701008184/a2042842z10-k.htm", "calculatedOtherExpenses": 81873000, "calculatedOperatingExpenses": 240012000, "calculatedNetInterest": 2166000, "calculatedOtherIncome": 149988000, "calculatedIncomeNonControlling": 0, "calculatedEbitda": 212130000}, {"date": "1999-12-31", "symbol": "LSCC", "reportedCurrency": "USD", "cik": "0000855658", "fillingDate": "2000-03-30", "acceptedDate": "2000-03-30 00:00:00", "calendarYear": "1999", "period": "FY", "revenue": 0, "costOfRevenue": 0, "grossProfit": 0, "grossProfitRatio": 0, "researchAndDevelopmentExpenses": 0, "generalAndAdministrativeExpenses": 0, "sellingAndMarketingExpenses": 0, "sellingGeneralAndAdministrativeExpenses": 0, "otherExpenses": 0, "operatingExpenses": 0, "costAndExpenses": 0, "interestIncome": 0, "interestExpense": 0, "depreciationAndAmortization": 0, "ebitda": 0, "ebitdaratio": 0, "operatingIncome": 0, "operatingIncomeRatio": 0, "totalOtherIncomeExpensesNet": 0, "incomeBeforeTax": 0, "incomeBeforeTaxRatio": 0, "incomeTaxExpense": 0, "netIncome": 0, "netIncomeRatio": 0, "eps": 0, "epsdiluted": 0, "weightedAverageShsOut": 94388000, "weightedAverageShsOutDil": 94388000, "link": "https://www.sec.gov/Archives/edgar/data/855658/000091205700014770/0000912057-00-014770-index.html", "finalLink": "https://www.sec.gov/Archives/edgar/data/855658/000091205700014770/", "calculatedOtherExpenses": 0, "calculatedOperatingExpenses": 0, "calculatedNetInterest": 0, "calculatedOtherIncome": 0, "calculatedIncomeNonControlling": 0, "calculatedEbitda": 0}, {"date": "1999-04-03", "symbol": "LSCC", "reportedCurrency": "USD", "cik": "0000855658", "fillingDate": "1999-07-02", "acceptedDate": "1999-07-02 00:00:00", "calendarYear": "1998", "period": "FY", "revenue": 245900000, "costOfRevenue": 89300000, "grossProfit": 156600000, "grossProfitRatio": 0.6368442456, "researchAndDevelopmentExpenses": 32000000, "generalAndAdministrativeExpenses": 0, "sellingAndMarketingExpenses": 0, "sellingGeneralAndAdministrativeExpenses": 39900000, "otherExpenses": 9600000, "operatingExpenses": 81500000, "costAndExpenses": 170800000, "interestIncome": 0, "interestExpense": -21200000, "depreciationAndAmortization": 9600000, "ebitda": 74100000, "ebitdaratio": 0.3013420089, "operatingIncome": 75100000, "operatingIncomeRatio": 0.3054087027, "totalOtherIncomeExpensesNet": 10600000, "incomeBeforeTax": 85700000, "incomeBeforeTaxRatio": 0.3485156568, "incomeTaxExpense": 29100000, "netIncome": 56600000, "netIncomeRatio": 0.2301748678, "eps": 0.6, "epsdiluted": 0.6, "weightedAverageShsOut": 93712000, "weightedAverageShsOutDil": 93712000, "link": "https://www.sec.gov/Archives/edgar/data/855658/000104746999026384/0001047469-99-026384-index.html", "finalLink": "https://www.sec.gov/Archives/edgar/data/855658/000104746999026384/", "calculatedOtherExpenses": 9600000, "calculatedOperatingExpenses": 81500000, "calculatedNetInterest": 21200000, "calculatedOtherIncome": -10600000, "calculatedIncomeNonControlling": 0, "calculatedEbitda": 84700000}, {"date": "1997-03-29", "symbol": "LSCC", "reportedCurrency": "USD", "cik": "0000855658", "fillingDate": "1997-06-26", "acceptedDate": "1997-06-26 00:00:00", "calendarYear": "1997", "period": "FY", "revenue": 204100000, "costOfRevenue": 75100000, "grossProfit": 129000000, "grossProfitRatio": 0.6320431161, "researchAndDevelopmentExpenses": 27800000, "generalAndAdministrativeExpenses": 0, "sellingAndMarketingExpenses": 0, "sellingGeneralAndAdministrativeExpenses": 33600000, "otherExpenses": 8600000, "operatingExpenses": 70000000, "costAndExpenses": 145100000, "interestIncome": 0, "interestExpense": -17400000, "depreciationAndAmortization": 8600000, "ebitda": 58900000, "ebitdaratio": 0.2885840274, "operatingIncome": 59000000, "operatingIncomeRatio": 0.2890739833, "totalOtherIncomeExpensesNet": 8700000, "incomeBeforeTax": 67700000, "incomeBeforeTaxRatio": 0.331700147, "incomeTaxExpense": 22700000, "netIncome": 45000000, "netIncomeRatio": 0.2204801568, "eps": 0.49, "epsdiluted": 0.49, "weightedAverageShsOut": 91512000, "weightedAverageShsOutDil": 91512000, "link": "https://www.sec.gov/Archives/edgar/data/855658/000091205797022019/0000912057-97-022019-index.html", "finalLink": "https://www.sec.gov/Archives/edgar/data/855658/", "calculatedOtherExpenses": 8600000, "calculatedOperatingExpenses": 70000000, "calculatedNetInterest": 17400000, "calculatedOtherIncome": -8700000, "calculatedIncomeNonControlling": 0, "calculatedEbitda": 67600000}, {"date": "1996-03-30", "symbol": "LSCC", "reportedCurrency": "USD", "cik": "0000855658", "fillingDate": "1996-06-28", "acceptedDate": "1996-06-28 00:00:00", "calendarYear": "1996", "period": "FY", "revenue": 198200000, "costOfRevenue": 75100000, "grossProfit": 123100000, "grossProfitRatio": 0.6210898083, "researchAndDevelopmentExpenses": 26800000, "generalAndAdministrativeExpenses": 0, "sellingAndMarketingExpenses": 0, "sellingGeneralAndAdministrativeExpenses": 31300000, "otherExpenses": 7100000, "operatingExpenses": 65200000, "costAndExpenses": 140300000, "interestIncome": 0, "interestExpense": -10800000, "depreciationAndAmortization": 7100000, "ebitda": 59600000, "ebitdaratio": 0.3007063572, "operatingIncome": 57900000, "operatingIncomeRatio": 0.2921291625, "totalOtherIncomeExpensesNet": 5400000, "incomeBeforeTax": 63300000, "incomeBeforeTaxRatio": 0.3193743693, "incomeTaxExpense": 21500000, "netIncome": 41800000, "netIncomeRatio": 0.2108980827, "eps": 0.47, "epsdiluted": 0.47, "weightedAverageShsOut": 88492000, "weightedAverageShsOutDil": 88492000, "link": "https://www.sec.gov/Archives/edgar/data/855658/000091205796013458/0000912057-96-013458-index.html", "finalLink": "https://www.sec.gov/Archives/edgar/data/855658/", "calculatedOtherExpenses": 7100000, "calculatedOperatingExpenses": 65200000, "calculatedNetInterest": 10800000, "calculatedOtherIncome": -5400000, "calculatedIncomeNonControlling": 0, "calculatedEbitda": 65000000}, {"date": "1995-04-01", "symbol": "LSCC", "reportedCurrency": "USD", "cik": "0000855658", "fillingDate": "1995-06-29", "acceptedDate": "1995-06-29 00:00:00", "calendarYear": "1995", "period": "FY", "revenue": 144100000, "costOfRevenue": 52900000, "grossProfit": 91200000, "grossProfitRatio": 0.6328938237, "researchAndDevelopmentExpenses": 22900000, "generalAndAdministrativeExpenses": 0, "sellingAndMarketingExpenses": 0, "sellingGeneralAndAdministrativeExpenses": 25000000, "otherExpenses": 6000000, "operatingExpenses": 53900000, "costAndExpenses": 106800000, "interestIncome": 0, "interestExpense": -10000000, "depreciationAndAmortization": 6000000, "ebitda": 36700000, "ebitdaratio": 0.2546842471, "operatingIncome": 37300000, "operatingIncomeRatio": 0.2588480222, "totalOtherIncomeExpensesNet": 6600000, "incomeBeforeTax": 40700000, "incomeBeforeTaxRatio": 0.2824427481, "incomeTaxExpense": 13700000, "netIncome": 27000000, "netIncomeRatio": 0.187369882, "eps": 0.36, "epsdiluted": 0.36, "weightedAverageShsOut": 75560000, "weightedAverageShsOutDil": 75560000, "link": "https://www.sec.gov/Archives/edgar/data/855658/000091205795005034/0000912057-95-005034-index.html", "finalLink": "https://www.sec.gov/Archives/edgar/data/855658/", "calculatedOtherExpenses": 6000000, "calculatedOperatingExpenses": 53900000, "calculatedNetInterest": 10000000, "calculatedOtherIncome": -6600000, "calculatedIncomeNonControlling": 0, "calculatedEbitda": 43300000}, {"date": "1994-03-31", "symbol": "LSCC", "reportedCurrency": "USD", "cik": "0000855658", "fillingDate": "1994-03-31", "acceptedDate": "1994-03-31 00:00:00", "calendarYear": "1994", "period": "FY", "revenue": 126200000, "costOfRevenue": 47500000, "grossProfit": 78700000, "grossProfitRatio": 0.6236133122, "researchAndDevelopmentExpenses": 20600000, "generalAndAdministrativeExpenses": 0, "sellingAndMarketingExpenses": 0, "sellingGeneralAndAdministrativeExpenses": 22300000, "otherExpenses": 5800000, "operatingExpenses": 48700000, "costAndExpenses": 96200000, "interestIncome": 0, "interestExpense": -5400000, "depreciationAndAmortization": 5800000, "ebitda": 33000000, "ebitdaratio": 0.2614896989, "operatingIncome": 30000000, "operatingIncomeRatio": 0.2377179081, "totalOtherIncomeExpensesNet": 2800000, "incomeBeforeTax": 32600000, "incomeBeforeTaxRatio": 0.2583201268, "incomeTaxExpense": 10100000, "netIncome": 22500000, "netIncomeRatio": 0.1782884311, "eps": 0.31, "epsdiluted": 0.31, "weightedAverageShsOut": 73644000, "weightedAverageShsOutDil": 73644000, "link": null, "finalLink": null, "calculatedOtherExpenses": 5800000, "calculatedOperatingExpenses": 48700000, "calculatedNetInterest": 5400000, "calculatedOtherIncome": -2800000, "calculatedIncomeNonControlling": 0, "calculatedEbitda": 35800000}, {"date": "1993-03-31", "symbol": "LSCC", "reportedCurrency": "USD", "cik": "0000855658", "fillingDate": "1993-03-31", "acceptedDate": "1993-03-31 00:00:00", "calendarYear": "1993", "period": "FY", "revenue": 103400000, "costOfRevenue": 39000000, "grossProfit": 64400000, "grossProfitRatio": 0.6228239845, "researchAndDevelopmentExpenses": 0, "generalAndAdministrativeExpenses": 0, "sellingAndMarketingExpenses": 0, "sellingGeneralAndAdministrativeExpenses": 37000000, "otherExpenses": 4700000, "operatingExpenses": 41700000, "costAndExpenses": 80700000, "interestIncome": 0, "interestExpense": -4900000, "depreciationAndAmortization": 4700000, "ebitda": 25000000, "ebitdaratio": 0.2417794971, "operatingIncome": 22700000, "operatingIncomeRatio": 0.2195357834, "totalOtherIncomeExpensesNet": 2400000, "incomeBeforeTax": 25200000, "incomeBeforeTaxRatio": 0.2437137331, "incomeTaxExpense": 7800000, "netIncome": 17400000, "netIncomeRatio": 0.16827853, "eps": 0.24, "epsdiluted": 0.24, "weightedAverageShsOut": 71668000, "weightedAverageShsOutDil": 71668000, "link": null, "finalLink": null, "calculatedOtherExpenses": 4700000, "calculatedOperatingExpenses": 41700000, "calculatedNetInterest": 4900000, "calculatedOtherIncome": -2400000, "calculatedIncomeNonControlling": 0, "calculatedEbitda": 27400000}, {"date": "1992-03-31", "symbol": "LSCC", "reportedCurrency": "USD", "cik": "0000855658", "fillingDate": "1992-03-31", "acceptedDate": "1992-03-31 00:00:00", "calendarYear": "1992", "period": "FY", "revenue": 71000000, "costOfRevenue": 28200000, "grossProfit": 42800000, "grossProfitRatio": 0.6028169014, "researchAndDevelopmentExpenses": 0, "generalAndAdministrativeExpenses": 0, "sellingAndMarketingExpenses": 0, "sellingGeneralAndAdministrativeExpenses": 26700000, "otherExpenses": 2800000, "operatingExpenses": 29500000, "costAndExpenses": 57700000, "interestIncome": 0, "interestExpense": -5100000, "depreciationAndAmortization": 2800000, "ebitda": 13500000, "ebitdaratio": 0.1901408451, "operatingIncome": 13300000, "operatingIncomeRatio": 0.1873239437, "totalOtherIncomeExpensesNet": 2600000, "incomeBeforeTax": 15800000, "incomeBeforeTaxRatio": 0.2225352113, "incomeTaxExpense": 4900000, "netIncome": 10900000, "netIncomeRatio": 0.1535211268, "eps": 0.16, "epsdiluted": 0.16, "weightedAverageShsOut": 68076000, "weightedAverageShsOutDil": 68076000, "link": null, "finalLink": null, "calculatedOtherExpenses": 2800000, "calculatedOperatingExpenses": 29500000, "calculatedNetInterest": 5100000, "calculatedOtherIncome": -2600000, "calculatedIncomeNonControlling": 0, "calculatedEbitda": 16100000}, {"date": "1991-03-31", "symbol": "LSCC", "reportedCurrency": "USD", "cik": "0000855658", "fillingDate": "1991-03-31", "acceptedDate": "1991-03-31 00:00:00", "calendarYear": "1991", "period": "FY", "revenue": 64500000, "costOfRevenue": 27100000, "grossProfit": 37400000, "grossProfitRatio": 0.5798449612, "researchAndDevelopmentExpenses": 0, "generalAndAdministrativeExpenses": 0, "sellingAndMarketingExpenses": 0, "sellingGeneralAndAdministrativeExpenses": 22500000, "otherExpenses": 2800000, "operatingExpenses": 25300000, "costAndExpenses": 52400000, "interestIncome": 0, "interestExpense": -5600000, "depreciationAndAmortization": 2800000, "ebitda": 11800000, "ebitdaratio": 0.1829457364, "operatingIncome": 12100000, "operatingIncomeRatio": 0.1875968992, "totalOtherIncomeExpensesNet": 3100000, "incomeBeforeTax": 14600000, "incomeBeforeTaxRatio": 0.2263565891, "incomeTaxExpense": 4300000, "netIncome": 10300000, "netIncomeRatio": 0.1596899225, "eps": 0.15, "epsdiluted": 0.15, "weightedAverageShsOut": 66560000, "weightedAverageShsOutDil": 66560000, "link": null, "finalLink": null, "calculatedOtherExpenses": 2800000, "calculatedOperatingExpenses": 25300000, "calculatedNetInterest": 5600000, "calculatedOtherIncome": -3100000, "calculatedIncomeNonControlling": 0, "calculatedEbitda": 14900000}, {"date": "1990-03-31", "symbol": "LSCC", "reportedCurrency": "USD", "cik": "0000855658", "fillingDate": "1990-03-31", "acceptedDate": "1990-03-31 00:00:00", "calendarYear": "1990", "period": "FY", "revenue": 38900000, "costOfRevenue": 16000000, "grossProfit": 22900000, "grossProfitRatio": 0.588688946, "researchAndDevelopmentExpenses": 0, "generalAndAdministrativeExpenses": 0, "sellingAndMarketingExpenses": 0, "sellingGeneralAndAdministrativeExpenses": 14500000, "otherExpenses": 1900000, "operatingExpenses": 16400000, "costAndExpenses": 32400000, "interestIncome": 0, "interestExpense": -1700000, "depreciationAndAmortization": 1900000, "ebitda": 7400000, "ebitdaratio": 0.1902313625, "operatingIncome": 6500000, "operatingIncomeRatio": 0.1670951157, "totalOtherIncomeExpensesNet": 1000000, "incomeBeforeTax": 7200000, "incomeBeforeTaxRatio": 0.1850899743, "incomeTaxExpense": 400000, "netIncome": 6800000, "netIncomeRatio": 0.1748071979, "eps": 0.12, "epsdiluted": 0.12, "weightedAverageShsOut": 57348000, "weightedAverageShsOutDil": 57348000, "link": null, "finalLink": null, "calculatedOtherExpenses": 1900000, "calculatedOperatingExpenses": 16400000, "calculatedNetInterest": 1700000, "calculatedOtherIncome": -1000000, "calculatedIncomeNonControlling": 0, "calculatedEbitda": 8400000}, {"date": "1989-03-31", "symbol": "LSCC", "reportedCurrency": "USD", "cik": "0000855658", "fillingDate": "1989-03-31", "acceptedDate": "1989-03-31 00:00:00", "calendarYear": "1989", "period": "FY", "revenue": 21500000, "costOfRevenue": 9300000, "grossProfit": 12200000, "grossProfitRatio": 0.5674418605, "researchAndDevelopmentExpenses": 0, "generalAndAdministrativeExpenses": 0, "sellingAndMarketingExpenses": 0, "sellingGeneralAndAdministrativeExpenses": 8700000, "otherExpenses": 1500000, "operatingExpenses": 10200000, "costAndExpenses": 19500000, "interestIncome": 0, "interestExpense": 0, "depreciationAndAmortization": 1500000, "ebitda": 3100000, "ebitdaratio": 0.1441860465, "operatingIncome": 2000000, "operatingIncomeRatio": 0.0930232558, "totalOtherIncomeExpensesNet": 400000, "incomeBeforeTax": 2000000, "incomeBeforeTaxRatio": 0.0930232558, "incomeTaxExpense": -600000, "netIncome": 2200000, "netIncomeRatio": 0.1023255814, "eps": 0.0083, "epsdiluted": 0.0083, "weightedAverageShsOut": 264000000, "weightedAverageShsOutDil": 264000000, "link": null, "finalLink": null, "calculatedOtherExpenses": 1500000, "calculatedOperatingExpenses": 10200000, "calculatedNetInterest": 0, "calculatedOtherIncome": 0, "calculatedIncomeNonControlling": 400000, "calculatedEbitda": 3500000}]}