{"originalCurrency": "USD", "convertedCurrency": "USD", "report": [{"date": "2024-03-31", "symbol": "LSPD", "reportedCurrency": "USD", "cik": "0001823306", "fillingDate": "2024-03-31", "acceptedDate": "2024-03-29 20:00:00", "calendarYear": "2023", "period": "FY", "revenue": 905280187, "costOfRevenue": 630867597, "grossProfit": 274412590, "grossProfitRatio": 0.3031244845, "researchAndDevelopmentExpenses": 128848131, "generalAndAdministrativeExpenses": 0, "sellingAndMarketingExpenses": 0, "sellingGeneralAndAdministrativeExpenses": 336548739, "otherExpenses": 0, "operatingExpenses": 465396870, "costAndExpenses": 1096264468, "interestIncome": 43766110, "interestExpense": 1421734, "depreciationAndAmortization": 109146960, "ebitda": -81837324, "ebitdaratio": -0.0903999946, "operatingIncome": -190984284, "operatingIncomeRatio": -0.2109670428, "totalOtherIncomeExpensesNet": 31200494, "incomeBeforeTax": -159783789, "incomeBeforeTaxRatio": -0.1765020281, "incomeTaxExpense": 3460747, "netIncome": -163244537, "netIncomeRatio": -0.1803248755, "eps": -1.06, "epsdiluted": -1.06, "weightedAverageShsOut": 153765412, "weightedAverageShsOutDil": 153765412, "link": null, "finalLink": null, "calculatedOtherExpenses": 4, "calculatedOperatingExpenses": 465396874, "calculatedNetInterest": 42344376, "calculatedOtherIncome": -11143881, "calculatedIncomeNonControlling": 1, "calculatedEbitda": -81837324}, {"date": "2023-03-31", "symbol": "LSPD", "reportedCurrency": "USD", "cik": "0001823306", "fillingDate": "2023-03-31", "acceptedDate": "2023-03-30 20:00:00", "calendarYear": "2022", "period": "FY", "revenue": 730506000, "costOfRevenue": 398545000, "grossProfit": 331961000, "grossProfitRatio": 0.4544261101, "researchAndDevelopmentExpenses": 140442000, "generalAndAdministrativeExpenses": 105939000, "sellingAndMarketingExpenses": 250371000, "sellingGeneralAndAdministrativeExpenses": 356310000, "otherExpenses": 0, "operatingExpenses": 612013000, "costAndExpenses": 1010558000, "interestIncome": 26866000, "interestExpense": 2054000, "depreciationAndAmortization": 115261000, "ebitda": 654197000, "ebitdaratio": 0.8955395301, "operatingIncome": -1099040000, "operatingIncomeRatio": -1.5044914073, "totalOtherIncomeExpensesNet": -818988000, "incomeBeforeTax": -1074228000, "incomeBeforeTaxRatio": -1.4705259094, "incomeTaxExpense": -4219000, "netIncome": -1070009000, "netIncomeRatio": -1.4647504606, "eps": -7.11, "epsdiluted": -7.11, "weightedAverageShsOut": 150404130, "weightedAverageShsOutDil": 150404130, "link": null, "finalLink": null, "calculatedOtherExpenses": 934249000, "calculatedOperatingExpenses": 1431001000, "calculatedNetInterest": 24812000, "calculatedOtherIncome": 0, "calculatedIncomeNonControlling": 0, "calculatedEbitda": -983779000}, {"date": "2022-03-31", "symbol": "LSPD", "reportedCurrency": "USD", "cik": "0001823306", "fillingDate": "2022-03-31", "acceptedDate": "2022-03-30 20:00:00", "calendarYear": "2021", "period": "FY", "revenue": 548372000, "costOfRevenue": 277199000, "grossProfit": 271173000, "grossProfitRatio": 0.4945055546, "researchAndDevelopmentExpenses": 121150000, "generalAndAdministrativeExpenses": 95253000, "sellingAndMarketingExpenses": 216659000, "sellingGeneralAndAdministrativeExpenses": 311912000, "otherExpenses": 104548000, "operatingExpenses": 537610000, "costAndExpenses": 814809000, "interestIncome": 5855000, "interestExpense": 2867000, "depreciationAndAmortization": 104548000, "ebitda": -109984000, "ebitdaratio": -0.2005645802, "operatingIncome": -318342000, "operatingIncomeRatio": -0.5805219814, "totalOtherIncomeExpensesNet": -51905000, "incomeBeforeTax": -315354000, "incomeBeforeTaxRatio": -0.5750731255, "incomeTaxExpense": -26921000, "netIncome": -288433000, "netIncomeRatio": -0.5259805388, "eps": -2.04, "epsdiluted": -2.04, "weightedAverageShsOut": 141580917, "weightedAverageShsOutDil": 141580917, "link": null, "finalLink": null, "calculatedOtherExpenses": 156453000, "calculatedOperatingExpenses": 589515000, "calculatedNetInterest": 2988000, "calculatedOtherIncome": 0, "calculatedIncomeNonControlling": 0, "calculatedEbitda": -213794000}, {"date": "2021-03-31", "symbol": "LSPD", "reportedCurrency": "USD", "cik": "0001823306", "fillingDate": "2021-03-31", "acceptedDate": "2021-03-30 20:00:00", "calendarYear": "2020", "period": "FY", "revenue": 221728000, "costOfRevenue": 94427000, "grossProfit": 127301000, "grossProfitRatio": 0.5741313682, "researchAndDevelopmentExpenses": 54787000, "generalAndAdministrativeExpenses": 53035000, "sellingAndMarketingExpenses": 97048000, "sellingGeneralAndAdministrativeExpenses": 150083000, "otherExpenses": 36483000, "operatingExpenses": 241353000, "costAndExpenses": 335780000, "interestIncome": 2675958, "interestExpense": 353000, "depreciationAndAmortization": 36483000, "ebitda": -61904000, "ebitdaratio": -0.2791889161, "operatingIncome": -129717000, "operatingIncomeRatio": -0.5850276014, "totalOtherIncomeExpensesNet": -15665000, "incomeBeforeTax": -130070000, "incomeBeforeTaxRatio": -0.5866196421, "incomeTaxExpense": -5792000, "netIncome": -124278000, "netIncomeRatio": -0.5604975465, "eps": -1.18, "epsdiluted": -1.18, "weightedAverageShsOut": 105221907, "weightedAverageShsOutDil": 105221907, "link": null, "finalLink": null, "calculatedOtherExpenses": 52148000, "calculatedOperatingExpenses": 257018000, "calculatedNetInterest": 2322958, "calculatedOtherIncome": -2675958, "calculatedIncomeNonControlling": 0, "calculatedEbitda": -93234000}, {"date": "2020-03-31", "symbol": "LSPD", "reportedCurrency": "USD", "cik": "0001823306", "fillingDate": "2020-03-31", "acceptedDate": "2020-03-30 20:00:00", "calendarYear": "2019", "period": "FY", "revenue": 120637000, "costOfRevenue": 43199000, "grossProfit": 77438000, "grossProfitRatio": 0.6419091987, "researchAndDevelopmentExpenses": 31812000, "generalAndAdministrativeExpenses": 24486000, "sellingAndMarketingExpenses": 55388000, "sellingGeneralAndAdministrativeExpenses": 79874000, "otherExpenses": 13467000, "operatingExpenses": 125153000, "costAndExpenses": 168352000, "interestIncome": 1766000, "interestExpense": 0, "depreciationAndAmortization": 13467000, "ebitda": -23556000, "ebitdaratio": -0.1952634764, "operatingIncome": -58407000, "operatingIncomeRatio": -0.4841549442, "totalOtherIncomeExpensesNet": -10692000, "incomeBeforeTax": -56641000, "incomeBeforeTaxRatio": -0.469515986, "incomeTaxExpense": -3110000, "netIncome": -53531000, "netIncomeRatio": -0.4437361672, "eps": -0.62, "epsdiluted": -0.62, "weightedAverageShsOut": 85890314, "weightedAverageShsOutDil": 85890314, "link": null, "finalLink": null, "calculatedOtherExpenses": 24159000, "calculatedOperatingExpenses": 135845000, "calculatedNetInterest": 1766000, "calculatedOtherIncome": 0, "calculatedIncomeNonControlling": 0, "calculatedEbitda": -44940000}, {"date": "2019-03-31", "symbol": "LSPD", "reportedCurrency": "USD", "cik": "0001823306", "fillingDate": "2019-03-31", "acceptedDate": "2019-03-30 20:00:00", "calendarYear": "2018", "period": "FY", "revenue": 77451000, "costOfRevenue": 23573000, "grossProfit": 53878000, "grossProfitRatio": 0.6956398239, "researchAndDevelopmentExpenses": 18283000, "generalAndAdministrativeExpenses": 13790000, "sellingAndMarketingExpenses": 39043000, "sellingGeneralAndAdministrativeExpenses": 52833000, "otherExpenses": -191219000, "operatingExpenses": 75653000, "costAndExpenses": 99226000, "interestIncome": 181000, "interestExpense": 0, "depreciationAndAmortization": 4537000, "ebitda": -15797000, "ebitdaratio": -0.2039612142, "operatingIncome": -23216000, "operatingIncomeRatio": -0.2997508102, "totalOtherIncomeExpensesNet": -192660000, "incomeBeforeTax": -214254000, "incomeBeforeTaxRatio": -2.766316768, "incomeTaxExpense": -30729000, "netIncome": -183525000, "netIncomeRatio": -2.3695626912, "eps": -5.53, "epsdiluted": -5.53, "weightedAverageShsOut": 33203567, "weightedAverageShsOutDil": 33203567, "link": null, "finalLink": null, "calculatedOtherExpenses": 5978000, "calculatedOperatingExpenses": 77094000, "calculatedNetInterest": 181000, "calculatedOtherIncome": -191219000, "calculatedIncomeNonControlling": 0, "calculatedEbitda": -18679000}, {"date": "2018-03-31", "symbol": "LSPD", "reportedCurrency": "USD", "cik": "0001823306", "fillingDate": "2018-03-31", "acceptedDate": "2018-03-30 20:00:00", "calendarYear": "2017", "period": "FY", "revenue": 57079000, "costOfRevenue": 17479000, "grossProfit": 39600000, "grossProfitRatio": 0.6937752939, "researchAndDevelopmentExpenses": 13295000, "generalAndAdministrativeExpenses": 9225000, "sellingAndMarketingExpenses": 33228000, "sellingGeneralAndAdministrativeExpenses": 42453000, "otherExpenses": -59985000, "operatingExpenses": 60867000, "costAndExpenses": 78346000, "interestIncome": 0, "interestExpense": 0, "depreciationAndAmortization": 5119000, "ebitda": -15493000, "ebitdaratio": -0.2714308239, "operatingIncome": -21922000, "operatingIncomeRatio": -0.3840641917, "totalOtherIncomeExpensesNet": -60640000, "incomeBeforeTax": -81933000, "incomeBeforeTaxRatio": -1.4354315948, "incomeTaxExpense": 14246000, "netIncome": -96179000, "netIncomeRatio": -1.6850155048, "eps": -1.18, "epsdiluted": -1.18, "weightedAverageShsOut": 81486896, "weightedAverageShsOutDil": 81486896, "link": "", "finalLink": "", "calculatedOtherExpenses": 5774000, "calculatedOperatingExpenses": 61522000, "calculatedNetInterest": 0, "calculatedOtherIncome": -60011000, "calculatedIncomeNonControlling": 0, "calculatedEbitda": -16803000}, {"date": "2017-03-31", "symbol": "LSPD", "reportedCurrency": "USD", "cik": "0001823306", "fillingDate": "2017-03-31", "acceptedDate": "2017-03-30 20:00:00", "calendarYear": "2016", "period": "FY", "revenue": 42612000, "costOfRevenue": 15002000, "grossProfit": 27610000, "grossProfitRatio": 0.6479395475, "researchAndDevelopmentExpenses": 13677000, "generalAndAdministrativeExpenses": 9054000, "sellingAndMarketingExpenses": 29715000, "sellingGeneralAndAdministrativeExpenses": 38769000, "otherExpenses": -20281000, "operatingExpenses": 58253000, "costAndExpenses": 73255000, "interestIncome": 0, "interestExpense": 0, "depreciationAndAmortization": 5807000, "ebitda": -21477000, "ebitdaratio": -0.5040129541, "operatingIncome": -34002000, "operatingIncomeRatio": -0.7979442411, "totalOtherIncomeExpensesNet": -23640000, "incomeBeforeTax": -54210000, "incomeBeforeTaxRatio": -1.2721768516, "incomeTaxExpense": 4194000, "netIncome": -58404000, "netIncomeRatio": -1.370599831, "eps": -0.72, "epsdiluted": -0.72, "weightedAverageShsOut": 81486896, "weightedAverageShsOutDil": 81486896, "link": "", "finalLink": "", "calculatedOtherExpenses": 9166000, "calculatedOperatingExpenses": 61612000, "calculatedNetInterest": 0, "calculatedOtherIncome": -20208000, "calculatedIncomeNonControlling": 0, "calculatedEbitda": -28195000}, {"date": "2016-03-31", "symbol": "LSPD", "reportedCurrency": "USD", "cik": "0001823306", "fillingDate": "2016-03-31", "acceptedDate": "2016-03-30 20:00:00", "calendarYear": "2015", "period": "FY", "revenue": 30749000, "costOfRevenue": 12487000, "grossProfit": 18262000, "grossProfitRatio": 0.5939054929, "researchAndDevelopmentExpenses": 11418000, "generalAndAdministrativeExpenses": 7742000, "sellingAndMarketingExpenses": 21821000, "sellingGeneralAndAdministrativeExpenses": 29563000, "otherExpenses": -16483000, "operatingExpenses": 45377000, "costAndExpenses": 57864000, "interestIncome": 0, "interestExpense": 0, "depreciationAndAmortization": 4396000, "ebitda": -17893000, "ebitdaratio": -0.5819051026, "operatingIncome": -31941000, "operatingIncomeRatio": -1.0387654883, "totalOtherIncomeExpensesNet": -21309000, "incomeBeforeTax": -48488000, "incomeBeforeTaxRatio": -1.5768968097, "incomeTaxExpense": 2631000, "netIncome": -51119000, "netIncomeRatio": -1.6624605678, "eps": -0.63, "epsdiluted": -0.63, "weightedAverageShsOut": 81486896, "weightedAverageShsOutDil": 81486896, "link": "", "finalLink": "", "calculatedOtherExpenses": 9222000, "calculatedOperatingExpenses": 50203000, "calculatedNetInterest": 0, "calculatedOtherIncome": -16547000, "calculatedIncomeNonControlling": 0, "calculatedEbitda": -27545000}]}