{"originalCurrency": "USD", "convertedCurrency": "USD", "report": [{"date": "2023-12-30", "symbol": "LSTR", "reportedCurrency": "USD", "cik": "0000853816", "fillingDate": "2024-02-26", "acceptedDate": "2024-02-23 21:46:30", "calendarYear": "2023", "period": "FY", "revenue": 5303322000, "costOfRevenue": 4122453000, "grossProfit": 1180869000, "grossProfitRatio": 0.2226659064, "researchAndDevelopmentExpenses": 35000, "generalAndAdministrativeExpenses": -250869000, "sellingAndMarketingExpenses": 462668000, "sellingGeneralAndAdministrativeExpenses": 211799000, "otherExpenses": 635062000, "operatingExpenses": 846861000, "costAndExpenses": 4969314000, "interestIncome": 10141000, "interestExpense": -3946000, "depreciationAndAmortization": 58153000, "ebitda": 402302000, "ebitdaratio": 0.0758584902, "operatingIncome": 344149000, "operatingIncomeRatio": 0.0648930991, "totalOtherIncomeExpensesNet": 3946000, "incomeBeforeTax": 348095000, "incomeBeforeTaxRatio": 0.065637161, "incomeTaxExpense": 83701000, "netIncome": 264394000, "netIncomeRatio": 0.049854412, "eps": 7.36, "epsdiluted": 7.36, "weightedAverageShsOut": 35920000, "weightedAverageShsOutDil": 35920000, "link": "https://www.sec.gov/Archives/edgar/data/853816/000119312524044902/0001193125-24-044902-index.htm", "finalLink": "https://www.sec.gov/Archives/edgar/data/853816/000119312524044902/d16653d10k.htm", "calculatedOtherExpenses": 624886000, "calculatedOperatingExpenses": 836720000, "calculatedNetInterest": 14087000, "calculatedOtherIncome": -10141000, "calculatedIncomeNonControlling": 0, "calculatedEbitda": 402302000}, {"date": "2022-12-31", "symbol": "LSTR", "reportedCurrency": "USD", "cik": "0000853816", "fillingDate": "2023-02-24", "acceptedDate": "2023-02-24 16:51:59", "calendarYear": "2022", "period": "FY", "revenue": 7436562000, "costOfRevenue": 6476335000, "grossProfit": 960227000, "grossProfitRatio": 0.1291224359, "researchAndDevelopmentExpenses": 33000, "generalAndAdministrativeExpenses": 347114000, "sellingAndMarketingExpenses": 614865000, "sellingGeneralAndAdministrativeExpenses": 347114000, "otherExpenses": 45192000, "operatingExpenses": 392306000, "costAndExpenses": 6868641000, "interestIncome": 11724000, "interestExpense": 3620000, "depreciationAndAmortization": -3162000, "ebitda": 567921000, "ebitdaratio": 0.0763687575, "operatingIncome": 571083000, "operatingIncomeRatio": 0.076793954, "totalOtherIncomeExpensesNet": -3620000, "incomeBeforeTax": 567463000, "incomeBeforeTaxRatio": 0.0763071699, "incomeTaxExpense": 136549000, "netIncome": 430914000, "netIncomeRatio": 0.0579453247, "eps": 11.99, "epsdiluted": 11.76, "weightedAverageShsOut": 35927010, "weightedAverageShsOutDil": 36633000, "link": "https://www.sec.gov/Archives/edgar/data/853816/000119312523048874/0001193125-23-048874-index.htm", "finalLink": "https://www.sec.gov/Archives/edgar/data/853816/000119312523048874/d428854d10k.htm", "calculatedOtherExpenses": 41997000, "calculatedOperatingExpenses": 389144000, "calculatedNetInterest": 8104000, "calculatedOtherIncome": -11724000, "calculatedIncomeNonControlling": 0, "calculatedEbitda": 567921000}, {"date": "2021-12-25", "symbol": "LSTR", "reportedCurrency": "USD", "cik": "0000853816", "fillingDate": "2022-02-18", "acceptedDate": "2022-02-18 16:35:34", "calendarYear": "2021", "period": "FY", "revenue": 6537568000, "costOfRevenue": 5671485000, "grossProfit": 866083000, "grossProfitRatio": 0.1324778572, "researchAndDevelopmentExpenses": 0, "generalAndAdministrativeExpenses": 326741000, "sellingAndMarketingExpenses": 507209000, "sellingGeneralAndAdministrativeExpenses": 326741000, "otherExpenses": 36531000, "operatingExpenses": 363272000, "costAndExpenses": 6034757000, "interestIncome": 5552000, "interestExpense": 3976000, "depreciationAndAmortization": -2857000, "ebitda": 502811000, "ebitdaratio": 0.0769110165, "operatingIncome": 505668000, "operatingIncomeRatio": 0.0773480291, "totalOtherIncomeExpensesNet": -3976000, "incomeBeforeTax": 501692000, "incomeBeforeTaxRatio": 0.0767398519, "incomeTaxExpense": 120168000, "netIncome": 381524000, "netIncomeRatio": 0.0583587046, "eps": 10.12, "epsdiluted": 9.98, "weightedAverageShsOut": 37693740, "weightedAverageShsOutDil": 38235000, "link": "https://www.sec.gov/Archives/edgar/data/853816/000119312522046673/0001193125-22-046673-index.htm", "finalLink": "https://www.sec.gov/Archives/edgar/data/853816/000119312522046673/d238952d10k.htm", "calculatedOtherExpenses": 33674000, "calculatedOperatingExpenses": 360415000, "calculatedNetInterest": 1576000, "calculatedOtherIncome": -5552000, "calculatedIncomeNonControlling": 0, "calculatedEbitda": 502811000}, {"date": "2020-12-26", "symbol": "LSTR", "reportedCurrency": "USD", "cik": "0000853816", "fillingDate": "2021-02-23", "acceptedDate": "2021-02-23 15:36:35", "calendarYear": "2020", "period": "FY", "revenue": 4132981000, "costOfRevenue": 3579485000, "grossProfit": 553496000, "grossProfitRatio": 0.1339217383, "researchAndDevelopmentExpenses": 0, "generalAndAdministrativeExpenses": 255406000, "sellingAndMarketingExpenses": 328187000, "sellingGeneralAndAdministrativeExpenses": 255406000, "otherExpenses": 30463000, "operatingExpenses": 285869000, "costAndExpenses": 3865354000, "interestIncome": 1711000, "interestExpense": 3953000, "depreciationAndAmortization": 14677000, "ebitda": 267627000, "ebitdaratio": 0.0647539875, "operatingIncome": 252950000, "operatingIncomeRatio": 0.0612027977, "totalOtherIncomeExpensesNet": -3953000, "incomeBeforeTax": 248997000, "incomeBeforeTaxRatio": 0.0602463452, "incomeTaxExpense": 56891000, "netIncome": 192106000, "netIncomeRatio": 0.0464812202, "eps": 4.98, "epsdiluted": 4.98, "weightedAverageShsOut": 38602000, "weightedAverageShsOutDil": 38602000, "link": "https://www.sec.gov/Archives/edgar/data/853816/000119312521052225/0001193125-21-052225-index.htm", "finalLink": "https://www.sec.gov/Archives/edgar/data/853816/000119312521052225/d79942d10k.htm", "calculatedOtherExpenses": 45140000, "calculatedOperatingExpenses": 300546000, "calculatedNetInterest": -2242000, "calculatedOtherIncome": -1711000, "calculatedIncomeNonControlling": 0, "calculatedEbitda": 267627000}, {"date": "2019-12-28", "symbol": "LSTR", "reportedCurrency": "USD", "cik": "0000853816", "fillingDate": "2020-02-21", "acceptedDate": "2020-02-21 16:25:14", "calendarYear": "2019", "period": "FY", "revenue": 4084577000, "costOfRevenue": 3514168000, "grossProfit": 570409000, "grossProfitRatio": 0.1396494668, "researchAndDevelopmentExpenses": 0, "generalAndAdministrativeExpenses": 239272000, "sellingAndMarketingExpenses": 342226000, "sellingGeneralAndAdministrativeExpenses": 239272000, "otherExpenses": 37274000, "operatingExpenses": 276546000, "costAndExpenses": 3790714000, "interestIncome": 2991000, "interestExpense": 3141000, "depreciationAndAmortization": -5041000, "ebitda": 293863000, "ebitdaratio": 0.0719445367, "operatingIncome": 298904000, "operatingIncomeRatio": 0.0731786915, "totalOtherIncomeExpensesNet": -3141000, "incomeBeforeTax": 295763000, "incomeBeforeTaxRatio": 0.0724097012, "incomeTaxExpense": 68060000, "netIncome": 227720000, "netIncomeRatio": 0.055751183, "eps": 5.72, "epsdiluted": 5.72, "weightedAverageShsOut": 39786000, "weightedAverageShsOutDil": 39786000, "link": "https://www.sec.gov/Archives/edgar/data/853816/000119312520044766/0001193125-20-044766-index.htm", "finalLink": "https://www.sec.gov/Archives/edgar/data/853816/000119312520044766/d837995d10k.htm", "calculatedOtherExpenses": 32233000, "calculatedOperatingExpenses": 271505000, "calculatedNetInterest": -150000, "calculatedOtherIncome": -2991000, "calculatedIncomeNonControlling": -17000, "calculatedEbitda": 293863000}, {"date": "2018-12-29", "symbol": "LSTR", "reportedCurrency": "USD", "cik": "0000853816", "fillingDate": "2019-02-22", "acceptedDate": "2019-02-22 15:15:26", "calendarYear": "2018", "period": "FY", "revenue": 4615144000, "costOfRevenue": 3991533000, "grossProfit": 623611000, "grossProfitRatio": 0.1351227611, "researchAndDevelopmentExpenses": 0, "generalAndAdministrativeExpenses": 263889000, "sellingAndMarketingExpenses": 378002000, "sellingGeneralAndAdministrativeExpenses": 263889000, "otherExpenses": 31803000, "operatingExpenses": 295692000, "costAndExpenses": 4287225000, "interestIncome": 0, "interestExpense": 3354000, "depreciationAndAmortization": 43570000, "ebitda": 327919000, "ebitdaratio": 0.0710528209, "operatingIncome": 331735000, "operatingIncomeRatio": 0.071879664, "totalOtherIncomeExpensesNet": 3816000, "incomeBeforeTax": 328381000, "incomeBeforeTaxRatio": 0.0711529261, "incomeTaxExpense": 73168000, "netIncome": 255281000, "netIncomeRatio": 0.055313767, "eps": 6.19, "epsdiluted": 6.18, "weightedAverageShsOut": 41273000, "weightedAverageShsOutDil": 41310000, "link": "https://www.sec.gov/Archives/edgar/data/853816/000119312519048217/0001193125-19-048217-index.htm", "finalLink": "https://www.sec.gov/Archives/edgar/data/853816/000119312519048217/d671477d10k.htm", "calculatedOtherExpenses": 27987000, "calculatedOperatingExpenses": 291876000, "calculatedNetInterest": -3354000, "calculatedOtherIncome": 0, "calculatedIncomeNonControlling": -68000, "calculatedEbitda": 375305000}, {"date": "2017-12-30", "symbol": "LSTR", "reportedCurrency": "USD", "cik": "0000853816", "fillingDate": "2018-02-23", "acceptedDate": "2018-02-23 13:28:41", "calendarYear": "2017", "period": "FY", "revenue": 3646364000, "costOfRevenue": 3143079000, "grossProfit": 503285000, "grossProfitRatio": 0.1380237958, "researchAndDevelopmentExpenses": 0, "generalAndAdministrativeExpenses": 233128000, "sellingAndMarketingExpenses": 297410000, "sellingGeneralAndAdministrativeExpenses": 233128000, "otherExpenses": 28687000, "operatingExpenses": 261815000, "costAndExpenses": 3404894000, "interestIncome": 0, "interestExpense": 3166000, "depreciationAndAmortization": 40560000, "ebitda": 241470000, "ebitdaratio": 0.0662221325, "operatingIncome": 243968000, "operatingIncomeRatio": 0.0669071985, "totalOtherIncomeExpensesNet": 2498000, "incomeBeforeTax": 240802000, "incomeBeforeTaxRatio": 0.0660389363, "incomeTaxExpense": 63806000, "netIncome": 177088000, "netIncomeRatio": 0.0485656396, "eps": 4.22, "epsdiluted": 4.21, "weightedAverageShsOut": 41938000, "weightedAverageShsOutDil": 42024000, "link": "https://www.sec.gov/Archives/edgar/data/853816/000119312518055528/0001193125-18-055528-index.htm", "finalLink": "https://www.sec.gov/Archives/edgar/data/853816/000119312518055528/d492493d10k.htm", "calculatedOtherExpenses": 26189000, "calculatedOperatingExpenses": 259317000, "calculatedNetInterest": -3166000, "calculatedOtherIncome": 0, "calculatedIncomeNonControlling": -92000, "calculatedEbitda": 284528000}, {"date": "2016-12-31", "symbol": "LSTR", "reportedCurrency": "USD", "cik": "0000853816", "fillingDate": "2017-02-24", "acceptedDate": "2017-02-24 15:53:00", "calendarYear": "2016", "period": "FY", "revenue": 3167634000, "costOfRevenue": 2715664000, "grossProfit": 451970000, "grossProfitRatio": 0.1426837823, "researchAndDevelopmentExpenses": 0, "generalAndAdministrativeExpenses": 200519000, "sellingAndMarketingExpenses": 264204999, "sellingGeneralAndAdministrativeExpenses": 200519000, "otherExpenses": 29702000, "operatingExpenses": 230221000, "costAndExpenses": 2945885000, "interestIncome": 0, "interestExpense": 3794000, "depreciationAndAmortization": 35796000, "ebitda": 221749000, "ebitdaratio": 0.0700046154, "operatingIncome": 223251000, "operatingIncomeRatio": 0.0704787864, "totalOtherIncomeExpensesNet": 1502000, "incomeBeforeTax": 219457000, "incomeBeforeTaxRatio": 0.069281047, "incomeTaxExpense": 82107000, "netIncome": 137350000, "netIncomeRatio": 0.0433604387, "eps": 3.26, "epsdiluted": 3.25, "weightedAverageShsOut": 42112000, "weightedAverageShsOutDil": 42236000, "link": "https://www.sec.gov/Archives/edgar/data/853816/000119312517056249/0001193125-17-056249-index.htm", "finalLink": "https://www.sec.gov/Archives/edgar/data/853816/000119312517056249/d303717d10k.htm", "calculatedOtherExpenses": 28200000, "calculatedOperatingExpenses": 228719000, "calculatedNetInterest": -3794000, "calculatedOtherIncome": 0, "calculatedIncomeNonControlling": 0, "calculatedEbitda": 259047000}, {"date": "2015-12-26", "symbol": "LSTR", "reportedCurrency": "USD", "cik": "0000853816", "fillingDate": "2016-02-19", "acceptedDate": "2016-02-19 15:33:17", "calendarYear": "2015", "period": "FY", "revenue": 3321091000, "costOfRevenue": 2850705000, "grossProfit": 470386000, "grossProfitRatio": 0.1416359865, "researchAndDevelopmentExpenses": 0, "generalAndAdministrativeExpenses": 198458000, "sellingAndMarketingExpenses": 270260000, "sellingGeneralAndAdministrativeExpenses": 198458000, "otherExpenses": 31618000, "operatingExpenses": 230076000, "costAndExpenses": 3080781000, "interestIncome": 0, "interestExpense": 2949000, "depreciationAndAmortization": 29102000, "ebitda": 240310000, "ebitdaratio": 0.072358752, "operatingIncome": 241706000, "operatingIncomeRatio": 0.0727790958, "totalOtherIncomeExpensesNet": 1396000, "incomeBeforeTax": 238757000, "incomeBeforeTaxRatio": 0.0718911346, "incomeTaxExpense": 91068000, "netIncome": 147689000, "netIncomeRatio": 0.0444700251, "eps": 3.38, "epsdiluted": 3.37, "weightedAverageShsOut": 43664000, "weightedAverageShsOutDil": 43813000, "link": "https://www.sec.gov/Archives/edgar/data/853816/000119312516469941/0001193125-16-469941-index.htm", "finalLink": "https://www.sec.gov/Archives/edgar/data/853816/000119312516469941/d105822d10k.htm", "calculatedOtherExpenses": 30222000, "calculatedOperatingExpenses": 228680000, "calculatedNetInterest": -2949000, "calculatedOtherIncome": 0, "calculatedIncomeNonControlling": 0, "calculatedEbitda": 270808000}, {"date": "2014-12-27", "symbol": "LSTR", "reportedCurrency": "USD", "cik": "0000853816", "fillingDate": "2015-02-23", "acceptedDate": "2015-02-20 18:24:32", "calendarYear": "2014", "period": "FY", "revenue": 3184790000, "costOfRevenue": 2739498000, "grossProfit": 445292000, "grossProfitRatio": 0.139818324, "researchAndDevelopmentExpenses": 0, "generalAndAdministrativeExpenses": 196530000, "sellingAndMarketingExpenses": 250780000, "sellingGeneralAndAdministrativeExpenses": 196530000, "otherExpenses": 25771000, "operatingExpenses": 222301000, "costAndExpenses": 2961799000, "interestIncome": 0, "interestExpense": 3177000, "depreciationAndAmortization": 27575000, "ebitda": 222991000, "ebitdaratio": 0.0700174894, "operatingIncome": 224372000, "operatingIncomeRatio": 0.0704511129, "totalOtherIncomeExpensesNet": 1381000, "incomeBeforeTax": 221195000, "incomeBeforeTaxRatio": 0.0694535589, "incomeTaxExpense": 82386000, "netIncome": 138809000, "netIncomeRatio": 0.0435849773, "eps": 3.09, "epsdiluted": 3.07, "weightedAverageShsOut": 44956000, "weightedAverageShsOutDil": 45169000, "link": "https://www.sec.gov/Archives/edgar/data/853816/000119312515056671/0001193125-15-056671-index.htm", "finalLink": "https://www.sec.gov/Archives/edgar/data/853816/000119312515056671/d836695d10k.htm", "calculatedOtherExpenses": 24390000, "calculatedOperatingExpenses": 220920000, "calculatedNetInterest": -3177000, "calculatedOtherIncome": 0, "calculatedIncomeNonControlling": 0, "calculatedEbitda": 251947000}, {"date": "2013-12-28", "symbol": "LSTR", "reportedCurrency": "USD", "cik": "0000853816", "fillingDate": "2014-02-21", "acceptedDate": "2014-02-21 15:12:34", "calendarYear": "2013", "period": "FY", "revenue": 2664780000, "costOfRevenue": 2285949000, "grossProfit": 378831000, "grossProfitRatio": 0.1421622048, "researchAndDevelopmentExpenses": 0, "generalAndAdministrativeExpenses": 182148000, "sellingAndMarketingExpenses": 211355000, "sellingGeneralAndAdministrativeExpenses": 182148000, "otherExpenses": 21568000, "operatingExpenses": 203716000, "costAndExpenses": 2489665000, "interestIncome": 0, "interestExpense": 3211000, "depreciationAndAmortization": 27667000, "ebitda": 175115000, "ebitdaratio": 0.0657146181, "operatingIncome": 176590000, "operatingIncomeRatio": 0.0662681347, "totalOtherIncomeExpensesNet": 1475000, "incomeBeforeTax": 173379000, "incomeBeforeTaxRatio": 0.0650631572, "incomeTaxExpense": 64457000, "netIncome": 146009000, "netIncomeRatio": 0.0547921404, "eps": 3.17, "epsdiluted": 3.16, "weightedAverageShsOut": 46039000, "weightedAverageShsOutDil": 46210000, "link": "https://www.sec.gov/Archives/edgar/data/853816/000119312514062590/0001193125-14-062590-index.htm", "finalLink": "https://www.sec.gov/Archives/edgar/data/853816/000119312514062590/d665240d10k.htm", "calculatedOtherExpenses": 20093000, "calculatedOperatingExpenses": 202241000, "calculatedNetInterest": -3211000, "calculatedOtherIncome": 0, "calculatedIncomeNonControlling": -37087000, "calculatedEbitda": 204257000}, {"date": "2012-12-29", "symbol": "LSTR", "reportedCurrency": "USD", "cik": "0000853816", "fillingDate": "2013-02-21", "acceptedDate": "2013-02-21 16:48:11", "calendarYear": "2012", "period": "FY", "revenue": 2793420000, "costOfRevenue": 2375164000, "grossProfit": 418256000, "grossProfitRatio": 0.149729006, "researchAndDevelopmentExpenses": 0, "generalAndAdministrativeExpenses": 191017000, "sellingAndMarketingExpenses": 218122000, "sellingGeneralAndAdministrativeExpenses": 191017000, "otherExpenses": 22949000, "operatingExpenses": 213966000, "costAndExpenses": 2589130000, "interestIncome": 0, "interestExpense": 3104000, "depreciationAndAmortization": 27456000, "ebitda": 204290000, "ebitdaratio": 0.0731325758, "operatingIncome": 205853000, "operatingIncomeRatio": 0.073692105, "totalOtherIncomeExpensesNet": 1563000, "incomeBeforeTax": 202749000, "incomeBeforeTaxRatio": 0.0725809223, "incomeTaxExpense": 72968000, "netIncome": 129781000, "netIncomeRatio": 0.0464595371, "eps": 2.78, "epsdiluted": 2.77, "weightedAverageShsOut": 46698000, "weightedAverageShsOutDil": 46877000, "link": "https://www.sec.gov/Archives/edgar/data/853816/000119312513069441/0001193125-13-069441-index.htm", "finalLink": "https://www.sec.gov/Archives/edgar/data/853816/000119312513069441/d455178d10k.htm", "calculatedOtherExpenses": 21386000, "calculatedOperatingExpenses": 212403000, "calculatedNetInterest": -3104000, "calculatedOtherIncome": 0, "calculatedIncomeNonControlling": 0, "calculatedEbitda": 233309000}, {"date": "2011-12-31", "symbol": "LSTR", "reportedCurrency": "USD", "cik": "0000853816", "fillingDate": "2012-02-24", "acceptedDate": "2012-02-24 14:37:02", "calendarYear": "2011", "period": "FY", "revenue": 2649082000, "costOfRevenue": 2049868000, "grossProfit": 599214000, "grossProfitRatio": 0.2261968486, "researchAndDevelopmentExpenses": 0, "generalAndAdministrativeExpenses": 152907000, "sellingAndMarketingExpenses": 210088000, "sellingGeneralAndAdministrativeExpenses": 362995000, "otherExpenses": 54679000, "operatingExpenses": 417674000, "costAndExpenses": 2467542000, "interestIncome": 1705000, "interestExpense": 3112000, "depreciationAndAmortization": 25814000, "ebitda": 209059000, "ebitdaratio": 0.0789175269, "operatingIncome": 183245000, "operatingIncomeRatio": 0.0691730192, "totalOtherIncomeExpensesNet": -3112000, "incomeBeforeTax": 180133000, "incomeBeforeTaxRatio": 0.0679982726, "incomeTaxExpense": 67188000, "netIncome": 113007000, "netIncomeRatio": 0.0426589286, "eps": 2.38, "epsdiluted": 2.38, "weightedAverageShsOut": 47444000, "weightedAverageShsOutDil": 47524000, "link": "https://www.sec.gov/Archives/edgar/data/853816/000119312512077747/0001193125-12-077747-index.htm", "finalLink": "https://www.sec.gov/Archives/edgar/data/853816/000119312512077747/d257962d10k.htm", "calculatedOtherExpenses": 52974000, "calculatedOperatingExpenses": 415969000, "calculatedNetInterest": -1407000, "calculatedOtherIncome": -1705000, "calculatedIncomeNonControlling": -62000, "calculatedEbitda": 209059000}, {"date": "2010-12-25", "symbol": "LSTR", "reportedCurrency": "USD", "cik": "0000853816", "fillingDate": "2011-02-23", "acceptedDate": "2011-02-23 12:17:17", "calendarYear": "2010", "period": "FY", "revenue": 2400170000, "costOfRevenue": 1873642000, "grossProfit": 526528000, "grossProfitRatio": 0.2193711279, "researchAndDevelopmentExpenses": 0, "generalAndAdministrativeExpenses": 153080000, "sellingAndMarketingExpenses": 181405000, "sellingGeneralAndAdministrativeExpenses": 334485000, "otherExpenses": 53630000, "operatingExpenses": 388115000, "costAndExpenses": 2261757000, "interestIncome": 1558000, "interestExpense": 3623000, "depreciationAndAmortization": 24804000, "ebitda": 164775000, "ebitdaratio": 0.0686513872, "operatingIncome": 139971000, "operatingIncomeRatio": 0.0583171192, "totalOtherIncomeExpensesNet": -3623000, "incomeBeforeTax": 136348000, "incomeBeforeTaxRatio": 0.0568076428, "incomeTaxExpense": 49766000, "netIncome": 87514000, "netIncomeRatio": 0.036461584, "eps": 1.77, "epsdiluted": 1.77, "weightedAverageShsOut": 49523000, "weightedAverageShsOutDil": 49580000, "link": "https://www.sec.gov/Archives/edgar/data/853816/000095012311016941/0000950123-11-016941-index.htm", "finalLink": "https://www.sec.gov/Archives/edgar/data/853816/000095012311016941/g25406e10vk.htm", "calculatedOtherExpenses": 52072000, "calculatedOperatingExpenses": 386557000, "calculatedNetInterest": -2065000, "calculatedOtherIncome": -1558000, "calculatedIncomeNonControlling": -932000, "calculatedEbitda": 164775000}, {"date": "2009-12-26", "symbol": "LSTR", "reportedCurrency": "USD", "cik": "0000853816", "fillingDate": "2010-02-23", "acceptedDate": "2010-02-23 17:10:58", "calendarYear": "2009", "period": "FY", "revenue": 2010064000, "costOfRevenue": 1457602000, "grossProfit": 552462000, "grossProfitRatio": 0.274847965, "researchAndDevelopmentExpenses": 0, "generalAndAdministrativeExpenses": 133612000, "sellingAndMarketingExpenses": 160571000, "sellingGeneralAndAdministrativeExpenses": 294183000, "otherExpenses": 52701000, "operatingExpenses": 346884000, "costAndExpenses": 1804486000, "interestIncome": 0, "interestExpense": 4030000, "depreciationAndAmortization": 23528000, "ebitda": 137270000, "ebitdaratio": 0.0682913579, "operatingIncome": 113742000, "operatingIncomeRatio": 0.0565862579, "totalOtherIncomeExpensesNet": -4030000, "incomeBeforeTax": 109712000, "incomeBeforeTaxRatio": 0.0545813467, "incomeTaxExpense": 39762000, "netIncome": 70395000, "netIncomeRatio": 0.035021273, "eps": 1.38, "epsdiluted": 1.37, "weightedAverageShsOut": 51095000, "weightedAverageShsOutDil": 51280000, "link": "https://www.sec.gov/Archives/edgar/data/853816/000095012310015813/0000950123-10-015813-index.htm", "finalLink": "https://www.sec.gov/Archives/edgar/data/853816/000095012310015813/g22126e10vk.htm", "calculatedOtherExpenses": 144537000, "calculatedOperatingExpenses": 438720000, "calculatedNetInterest": -4030000, "calculatedOtherIncome": 0, "calculatedIncomeNonControlling": -445000, "calculatedEbitda": 137270000}, {"date": "2008-12-27", "symbol": "LSTR", "reportedCurrency": "USD", "cik": "0000853816", "fillingDate": "2009-02-25", "acceptedDate": "2009-02-24 17:56:35", "calendarYear": "2008", "period": "FY", "revenue": 2643069000, "costOfRevenue": 1997010000, "grossProfit": 646059000, "grossProfitRatio": 0.2444351623, "researchAndDevelopmentExpenses": 0, "generalAndAdministrativeExpenses": -101674000, "sellingAndMarketingExpenses": 203058000, "sellingGeneralAndAdministrativeExpenses": 101384000, "otherExpenses": 48993000, "operatingExpenses": 2419854000, "costAndExpenses": 2419854000, "interestIncome": 0, "interestExpense": 7351000, "depreciationAndAmortization": 20960000, "ebitda": 244175000, "ebitdaratio": 0.0923831349, "operatingIncome": 186841000, "operatingIncomeRatio": 0.0706909279, "totalOtherIncomeExpensesNet": -7351000, "incomeBeforeTax": 179490000, "incomeBeforeTaxRatio": 0.0679096913, "incomeTaxExpense": 68560000, "netIncome": 110930000, "netIncomeRatio": 0.0419701491, "eps": 2.11, "epsdiluted": 2.1, "weightedAverageShsOut": 52503000, "weightedAverageShsOutDil": 52854000, "link": "https://www.sec.gov/Archives/edgar/data/853816/000095014409001583/0000950144-09-001583-index.htm", "finalLink": "https://www.sec.gov/Archives/edgar/data/853816/000095014409001583/g17645e10vk.htm", "calculatedOtherExpenses": 357834000, "calculatedOperatingExpenses": 459218000, "calculatedNetInterest": -7351000, "calculatedOtherIncome": 0, "calculatedIncomeNonControlling": 0, "calculatedEbitda": 207801000}, {"date": "2007-12-29", "symbol": "LSTR", "reportedCurrency": "USD", "cik": "0000853816", "fillingDate": "2008-02-26", "acceptedDate": "2008-02-26 17:08:37", "calendarYear": "2007", "period": "FY", "revenue": 2487277000, "costOfRevenue": 2213498000, "grossProfit": 273779000, "grossProfitRatio": 0.1100717773, "researchAndDevelopmentExpenses": 0, "generalAndAdministrativeExpenses": 375639000, "sellingAndMarketingExpenses": -200630000, "sellingGeneralAndAdministrativeExpenses": 175009000, "otherExpenses": 19088000, "operatingExpenses": 194097000, "costAndExpenses": 2407595000, "interestIncome": 0, "interestExpense": 6685000, "depreciationAndAmortization": 19088000, "ebitda": 98770000, "ebitdaratio": 0.0397100926, "operatingIncome": 184693000, "operatingIncomeRatio": 0.0742550991, "totalOtherIncomeExpensesNet": -6685000, "incomeBeforeTax": 178008000, "incomeBeforeTaxRatio": 0.0715674209, "incomeTaxExpense": 68355000, "netIncome": 109653000, "netIncomeRatio": 0.0440855602, "eps": 2.01, "epsdiluted": 1.99, "weightedAverageShsOut": 54681000, "weightedAverageShsOutDil": 55156000, "link": "https://www.sec.gov/Archives/edgar/data/853816/000095014408001392/0000950144-08-001392-index.htm", "finalLink": "https://www.sec.gov/Archives/edgar/data/853816/000095014408001392/g11727e10vk.htm", "calculatedOtherExpenses": -85923000, "calculatedOperatingExpenses": 89086000, "calculatedNetInterest": -6685000, "calculatedOtherIncome": 0, "calculatedIncomeNonControlling": 0, "calculatedEbitda": 203781000}, {"date": "2006-12-30", "symbol": "LSTR", "reportedCurrency": "USD", "cik": "0000853816", "fillingDate": "2007-02-28", "acceptedDate": "2007-02-28 13:54:24", "calendarYear": "2006", "period": "FY", "revenue": 2513756000, "costOfRevenue": 2215274000, "grossProfit": 298482000, "grossProfitRatio": 0.1187394481, "researchAndDevelopmentExpenses": 0, "generalAndAdministrativeExpenses": 373536000, "sellingAndMarketingExpenses": -199775000, "sellingGeneralAndAdministrativeExpenses": 173761000, "otherExpenses": 16796000, "operatingExpenses": 190557000, "costAndExpenses": 2405831000, "interestIncome": 0, "interestExpense": 6821000, "depreciationAndAmortization": 16796000, "ebitda": 124721000, "ebitdaratio": 0.0496153962, "operatingIncome": 191219000, "operatingIncomeRatio": 0.0760690377, "totalOtherIncomeExpensesNet": -6821000, "incomeBeforeTax": 184398000, "incomeBeforeTaxRatio": 0.0733555683, "incomeTaxExpense": 71313000, "netIncome": 113085000, "netIncomeRatio": 0.0449864665, "eps": 1.95, "epsdiluted": 1.93, "weightedAverageShsOut": 57854000, "weightedAverageShsOutDil": 58654000, "link": "https://www.sec.gov/Archives/edgar/data/853816/000095014407001706/0000950144-07-001706-index.htm", "finalLink": "https://www.sec.gov/Archives/edgar/data/853816/000095014407001706/g05658e10vk.htm", "calculatedOtherExpenses": -66498000, "calculatedOperatingExpenses": 107263000, "calculatedNetInterest": -6821000, "calculatedOtherIncome": 0, "calculatedIncomeNonControlling": 0, "calculatedEbitda": 208015000}, {"date": "2005-12-31", "symbol": "LSTR", "reportedCurrency": "USD", "cik": "0000853816", "fillingDate": "2006-03-10", "acceptedDate": "2006-03-10 16:41:26", "calendarYear": "2005", "period": "FY", "revenue": 2517828000, "costOfRevenue": 2221202000, "grossProfit": 296626000, "grossProfitRatio": 0.1178102714, "researchAndDevelopmentExpenses": 0, "generalAndAdministrativeExpenses": 387981000, "sellingAndMarketingExpenses": -203730000, "sellingGeneralAndAdministrativeExpenses": 184251000, "otherExpenses": 15920000, "operatingExpenses": 200171000, "costAndExpenses": 2421373000, "interestIncome": 0, "interestExpense": 4744000, "depreciationAndAmortization": 15920000, "ebitda": 112375000, "ebitdaratio": 0.0446317223, "operatingIncome": 199482000, "operatingIncomeRatio": 0.0792278106, "totalOtherIncomeExpensesNet": -4744000, "incomeBeforeTax": 194738000, "incomeBeforeTaxRatio": 0.077343647, "incomeTaxExpense": 74782000, "netIncome": 115598000, "netIncomeRatio": 0.0459117938, "eps": 1.95, "epsdiluted": 1.91, "weightedAverageShsOut": 59199000, "weightedAverageShsOutDil": 60413000, "link": "https://www.sec.gov/Archives/edgar/data/853816/000095014406002093/0000950144-06-002093-index.htm", "finalLink": "https://www.sec.gov/Archives/edgar/data/853816/000095014406002093/g99549e10vk.htm", "calculatedOtherExpenses": -87107000, "calculatedOperatingExpenses": 97144000, "calculatedNetInterest": -4744000, "calculatedOtherIncome": 0, "calculatedIncomeNonControlling": 4358000, "calculatedEbitda": 215402000}, {"date": "2004-12-25", "symbol": "LSTR", "reportedCurrency": "USD", "cik": "0000853816", "fillingDate": "2005-02-28", "acceptedDate": "2005-02-28 16:51:43", "calendarYear": "2004", "period": "FY", "revenue": 2019936000, "costOfRevenue": 1829782000, "grossProfit": 190154000, "grossProfitRatio": 0.0941386262, "researchAndDevelopmentExpenses": 0, "generalAndAdministrativeExpenses": 339811000, "sellingAndMarketingExpenses": -161011000, "sellingGeneralAndAdministrativeExpenses": 178800000, "otherExpenses": 13959000, "operatingExpenses": 192759000, "costAndExpenses": 2022541000, "interestIncome": 0, "interestExpense": 0, "depreciationAndAmortization": 13959000, "ebitda": 11354000, "ebitdaratio": 0.0056209702, "operatingIncome": 119419000, "operatingIncomeRatio": 0.0591201899, "totalOtherIncomeExpensesNet": -3025000, "incomeBeforeTax": 116394000, "incomeBeforeTaxRatio": 0.0576226177, "incomeTaxExpense": 44522000, "netIncome": 71872000, "netIncomeRatio": 0.0355813253, "eps": 1.19, "epsdiluted": 1.16, "weightedAverageShsOut": 60154000, "weightedAverageShsOutDil": 61800000, "link": "https://www.sec.gov/Archives/edgar/data/853816/000095014405001897/0000950144-05-001897-index.htm", "finalLink": "https://www.sec.gov/Archives/edgar/data/853816/000095014405001897/g93361e10vk.htm", "calculatedOtherExpenses": -108065000, "calculatedOperatingExpenses": 70735000, "calculatedNetInterest": 0, "calculatedOtherIncome": -3025000, "calculatedIncomeNonControlling": 0, "calculatedEbitda": 133378000}, {"date": "2003-12-27", "symbol": "LSTR", "reportedCurrency": "USD", "cik": "0000853816", "fillingDate": "2004-03-04", "acceptedDate": "2004-03-04 16:35:33", "calendarYear": "2003", "period": "FY", "revenue": 1596571000, "costOfRevenue": 1440101000, "grossProfit": 156470000, "grossProfitRatio": 0.0980037844, "researchAndDevelopmentExpenses": 0, "generalAndAdministrativeExpenses": 277536000, "sellingAndMarketingExpenses": -125997000, "sellingGeneralAndAdministrativeExpenses": 151539000, "otherExpenses": 12736000, "operatingExpenses": 164275000, "costAndExpenses": 1604376000, "interestIncome": 0, "interestExpense": 3240000, "depreciationAndAmortization": 12736000, "ebitda": 4931000, "ebitdaratio": 0.003088494, "operatingIncome": 84795000, "operatingIncomeRatio": 0.0531106979, "totalOtherIncomeExpensesNet": -3240000, "incomeBeforeTax": 81555000, "incomeBeforeTaxRatio": 0.0510813487, "incomeTaxExpense": 30855000, "netIncome": 50700000, "netIncomeRatio": 0.0317555561, "eps": 0.82, "epsdiluted": 0.79, "weightedAverageShsOut": 61458000, "weightedAverageShsOutDil": 63840000, "link": "https://www.sec.gov/Archives/edgar/data/853816/000095014404001973/0000950144-04-001973-index.htm", "finalLink": "https://www.sec.gov/Archives/edgar/data/853816/000095014404001973/g87318e10vk.htm", "calculatedOtherExpenses": -79864000, "calculatedOperatingExpenses": 71675000, "calculatedNetInterest": -3240000, "calculatedOtherIncome": 0, "calculatedIncomeNonControlling": 0, "calculatedEbitda": 97531000}, {"date": "2002-12-28", "symbol": "LSTR", "reportedCurrency": "USD", "cik": "0000853816", "fillingDate": "2003-03-12", "acceptedDate": "2003-03-12 15:39:59", "calendarYear": "2002", "period": "FY", "revenue": 1506555000, "costOfRevenue": 1353574000, "grossProfit": 152981000, "grossProfitRatio": 0.1015435879, "researchAndDevelopmentExpenses": 0, "generalAndAdministrativeExpenses": 262970000, "sellingAndMarketingExpenses": -118864000, "sellingGeneralAndAdministrativeExpenses": 144106000, "otherExpenses": 11520000, "operatingExpenses": 155626000, "costAndExpenses": 1509200000, "interestIncome": 0, "interestExpense": 0, "depreciationAndAmortization": 11520000, "ebitda": 8875000, "ebitdaratio": 0.0058909233, "operatingIncome": 83681000, "operatingIncomeRatio": 0.0555446034, "totalOtherIncomeExpensesNet": -4292000, "incomeBeforeTax": 79389000, "incomeBeforeTaxRatio": 0.0526957197, "incomeTaxExpense": 30168000, "netIncome": 49221000, "netIncomeRatio": 0.0326712267, "eps": 0.76, "epsdiluted": 0.74, "weightedAverageShsOut": 64564000, "weightedAverageShsOutDil": 67070000, "link": "https://www.sec.gov/Archives/edgar/data/853816/000085381603000004/0000853816-03-000004-index.htm", "finalLink": "https://www.sec.gov/Archives/edgar/data/853816/000085381603000004/form_10k.txt", "calculatedOtherExpenses": -74806000, "calculatedOperatingExpenses": 69300000, "calculatedNetInterest": 0, "calculatedOtherIncome": -4292000, "calculatedIncomeNonControlling": 0, "calculatedEbitda": 95201000}, {"date": "2001-12-29", "symbol": "LSTR", "reportedCurrency": "USD", "cik": "0000853816", "fillingDate": "2002-03-21", "acceptedDate": "2002-03-21 00:00:00", "calendarYear": "2001", "period": "FY", "revenue": 1392771000, "costOfRevenue": 1239577000, "grossProfit": 153194000, "grossProfitRatio": 0.1099922385, "researchAndDevelopmentExpenses": 0, "generalAndAdministrativeExpenses": 243205000, "sellingAndMarketingExpenses": -110513000, "sellingGeneralAndAdministrativeExpenses": 132692000, "otherExpenses": 13543000, "operatingExpenses": 146235000, "costAndExpenses": 1385812000, "interestIncome": 0, "interestExpense": 0, "depreciationAndAmortization": 12327000, "ebitda": 20502000, "ebitdaratio": 0.014720295, "operatingIncome": 76386000, "operatingIncomeRatio": 0.0548446227, "totalOtherIncomeExpensesNet": -6802000, "incomeBeforeTax": 69584000, "incomeBeforeTaxRatio": 0.0499608335, "incomeTaxExpense": 26790000, "netIncome": 42794000, "netIncomeRatio": 0.0307257977, "eps": 0.64, "epsdiluted": 0.63, "weightedAverageShsOut": 66688000, "weightedAverageShsOutDil": 68368000, "link": "https://www.sec.gov/Archives/edgar/data/853816/000085381602000004/0000853816-02-000004-index.htm", "finalLink": "https://www.sec.gov/Archives/edgar/data/853816/000085381602000004/form_10k01.txt", "calculatedOtherExpenses": -55884000, "calculatedOperatingExpenses": 76808000, "calculatedNetInterest": 0, "calculatedOtherIncome": -6802000, "calculatedIncomeNonControlling": 0, "calculatedEbitda": 88713000}, {"date": "2000-12-30", "symbol": "LSTR", "reportedCurrency": "USD", "cik": "0000853816", "fillingDate": "2001-03-21", "acceptedDate": "2001-03-21 00:00:00", "calendarYear": "2000", "period": "FY", "revenue": 1418492000, "costOfRevenue": 1253342000, "grossProfit": 165150000, "grossProfitRatio": 0.1164264585, "researchAndDevelopmentExpenses": 0, "generalAndAdministrativeExpenses": 246172000, "sellingAndMarketingExpenses": -113721000, "sellingGeneralAndAdministrativeExpenses": 132451000, "otherExpenses": 18273000, "operatingExpenses": 150724000, "costAndExpenses": 1404066000, "interestIncome": 0, "interestExpense": 0, "depreciationAndAmortization": 11787000, "ebitda": 27429000, "ebitdaratio": 0.0193367322, "operatingIncome": 82613000, "operatingIncomeRatio": 0.0582400183, "totalOtherIncomeExpensesNet": -9127000, "incomeBeforeTax": 73486000, "incomeBeforeTaxRatio": 0.0518057204, "incomeTaxExpense": 28292000, "netIncome": 45194000, "netIncomeRatio": 0.0318605956, "eps": 0.64, "epsdiluted": 0.63, "weightedAverageShsOut": 70248000, "weightedAverageShsOutDil": 71848000, "link": "https://www.sec.gov/Archives/edgar/data/853816/000085381601000003/0000853816-01-000003-index.htm", "finalLink": "https://www.sec.gov/Archives/edgar/data/853816/000085381601000003/0000853816-01-000003-0001.txt", "calculatedOtherExpenses": -49914000, "calculatedOperatingExpenses": 82537000, "calculatedNetInterest": 0, "calculatedOtherIncome": -9127000, "calculatedIncomeNonControlling": 0, "calculatedEbitda": 94400000}, {"date": "1999-12-25", "symbol": "LSTR", "reportedCurrency": "USD", "cik": "0000853816", "fillingDate": "2000-03-22", "acceptedDate": "2000-03-22 00:00:00", "calendarYear": "1999", "period": "FY", "revenue": 1388083000, "costOfRevenue": 1232033000, "grossProfit": 156050000, "grossProfitRatio": 0.1124212313, "researchAndDevelopmentExpenses": 0, "generalAndAdministrativeExpenses": 245040000, "sellingAndMarketingExpenses": -111700000, "sellingGeneralAndAdministrativeExpenses": 133340000, "otherExpenses": 11698000, "operatingExpenses": 145038000, "costAndExpenses": 1377071000, "interestIncome": 0, "interestExpense": 0, "depreciationAndAmortization": 10482000, "ebitda": 22710000, "ebitdaratio": 0.0163606931, "operatingIncome": 81714000, "operatingIncomeRatio": 0.0588682377, "totalOtherIncomeExpensesNet": -4509000, "incomeBeforeTax": 77205000, "incomeBeforeTaxRatio": 0.0556198729, "incomeTaxExpense": 31268000, "netIncome": 45937000, "netIncomeRatio": 0.0330938424, "eps": 0.57, "epsdiluted": 0.57, "weightedAverageShsOut": 79856000, "weightedAverageShsOutDil": 80816000, "link": "https://www.sec.gov/Archives/edgar/data/853816/000085381600000011/0000853816-00-000011-index.html", "finalLink": "https://www.sec.gov/Archives/edgar/data/853816/000085381600000011/", "calculatedOtherExpenses": -59004000, "calculatedOperatingExpenses": 74336000, "calculatedNetInterest": 0, "calculatedOtherIncome": -4509000, "calculatedIncomeNonControlling": 0, "calculatedEbitda": 92196000}, {"date": "1998-12-26", "symbol": "LSTR", "reportedCurrency": "USD", "cik": "0000853816", "fillingDate": "1999-03-24", "acceptedDate": "1999-03-24 00:00:00", "calendarYear": "1998", "period": "FY", "revenue": 1283607000, "costOfRevenue": 1158056000, "grossProfit": 125551000, "grossProfitRatio": 0.0978110902, "researchAndDevelopmentExpenses": 0, "generalAndAdministrativeExpenses": 235828000, "sellingAndMarketingExpenses": -101400000, "sellingGeneralAndAdministrativeExpenses": 134428000, "otherExpenses": 10158000, "operatingExpenses": 144586000, "costAndExpenses": 1302642000, "interestIncome": 0, "interestExpense": 0, "depreciationAndAmortization": 8892000, "ebitda": -8877000, "ebitdaratio": -0.0069156681, "operatingIncome": 61454000, "operatingIncomeRatio": 0.0478760244, "totalOtherIncomeExpensesNet": -3503000, "incomeBeforeTax": 57951000, "incomeBeforeTaxRatio": 0.0451469959, "incomeTaxExpense": 23470000, "netIncome": 11892000, "netIncomeRatio": 0.0092645179, "eps": 0.14, "epsdiluted": 0.13, "weightedAverageShsOut": 88176000, "weightedAverageShsOutDil": 88984000, "link": "https://www.sec.gov/Archives/edgar/data/853816/0000853816-99-000010-index.html", "finalLink": "https://www.sec.gov/Archives/edgar/data/853816/0000853816-99-000010.txt", "calculatedOtherExpenses": -70331000, "calculatedOperatingExpenses": 64097000, "calculatedNetInterest": 0, "calculatedOtherIncome": -3503000, "calculatedIncomeNonControlling": 22589000, "calculatedEbitda": 70346000}, {"date": "1997-12-27", "symbol": "LSTR", "reportedCurrency": "USD", "cik": "0000853816", "fillingDate": "1998-03-25", "acceptedDate": "1998-03-25 00:00:00", "calendarYear": "1997", "period": "FY", "revenue": 1312704000, "costOfRevenue": 1196238000, "grossProfit": 116466000, "grossProfitRatio": 0.08872221, "researchAndDevelopmentExpenses": 0, "generalAndAdministrativeExpenses": 241014000, "sellingAndMarketingExpenses": -99800000, "sellingGeneralAndAdministrativeExpenses": 141214000, "otherExpenses": 20882000, "operatingExpenses": 162096000, "costAndExpenses": 1358334000, "interestIncome": 0, "interestExpense": 0, "depreciationAndAmortization": 18783000, "ebitda": -21512000, "ebitdaratio": -0.0163875481, "operatingIncome": 47170000, "operatingIncomeRatio": 0.0359334625, "totalOtherIncomeExpensesNet": -3200000, "incomeBeforeTax": 42568000, "incomeBeforeTaxRatio": 0.0324277217, "incomeTaxExpense": 17878000, "netIncome": 24690000, "netIncomeRatio": 0.0188085052, "eps": 0.25, "epsdiluted": 0.25, "weightedAverageShsOut": 100328000, "weightedAverageShsOutDil": 100640000, "link": "https://www.sec.gov/Archives/edgar/data/853816/000085381698000016/0000853816-98-000016-index.html", "finalLink": "https://www.sec.gov/Archives/edgar/data/853816/", "calculatedOtherExpenses": -71918000, "calculatedOperatingExpenses": 69296000, "calculatedNetInterest": 0, "calculatedOtherIncome": -4602000, "calculatedIncomeNonControlling": 0, "calculatedEbitda": 65953000}, {"date": "1996-12-28", "symbol": "LSTR", "reportedCurrency": "USD", "cik": "0000853816", "fillingDate": "1997-03-17", "acceptedDate": "1997-03-17 00:00:00", "calendarYear": "1996", "period": "FY", "revenue": 1283801000, "costOfRevenue": 1157847000, "grossProfit": 125954000, "grossProfitRatio": 0.0981102211, "researchAndDevelopmentExpenses": 0, "generalAndAdministrativeExpenses": 215667000, "sellingAndMarketingExpenses": -87900000, "sellingGeneralAndAdministrativeExpenses": 127767000, "otherExpenses": 23990000, "operatingExpenses": 151757000, "costAndExpenses": 1309604000, "interestIncome": 0, "interestExpense": 0, "depreciationAndAmortization": 21878000, "ebitda": 5524000, "ebitdaratio": 0.0043028476, "operatingIncome": 39897000, "operatingIncomeRatio": 0.0310772464, "totalOtherIncomeExpensesNet": -7300000, "incomeBeforeTax": 32350000, "incomeBeforeTaxRatio": 0.0251986094, "incomeTaxExpense": 13425000, "netIncome": 18925000, "netIncomeRatio": 0.0147413813, "eps": 0.19, "epsdiluted": 0.18, "weightedAverageShsOut": 102280000, "weightedAverageShsOutDil": 102648000, "link": "https://www.sec.gov/Archives/edgar/data/853816/000085381697000007/0000853816-97-000007-index.html", "finalLink": "https://www.sec.gov/Archives/edgar/data/853816/", "calculatedOtherExpenses": -41710000, "calculatedOperatingExpenses": 86057000, "calculatedNetInterest": 0, "calculatedOtherIncome": -7547000, "calculatedIncomeNonControlling": 0, "calculatedEbitda": 61775000}, {"date": "1995-12-31", "symbol": "LSTR", "reportedCurrency": "USD", "cik": "0000853816", "fillingDate": "1995-12-31", "acceptedDate": "1995-12-30 19:00:00", "calendarYear": "1995", "period": "FY", "revenue": 1204700000, "costOfRevenue": 918700000, "grossProfit": 286000000, "grossProfitRatio": 0.2374035029, "researchAndDevelopmentExpenses": 0, "generalAndAdministrativeExpenses": 205000000, "sellingAndMarketingExpenses": -74000000, "sellingGeneralAndAdministrativeExpenses": 131000000, "otherExpenses": 20800000, "operatingExpenses": 151800000, "costAndExpenses": 1070500000, "interestIncome": 0, "interestExpense": 0, "depreciationAndAmortization": -20800000, "ebitda": 155000000, "ebitdaratio": 0.1286627376, "operatingIncome": 134200000, "operatingIncomeRatio": 0.1113970283, "totalOtherIncomeExpensesNet": -91700000, "incomeBeforeTax": 42500000, "incomeBeforeTaxRatio": 0.0352784926, "incomeTaxExpense": 17500000, "netIncome": 24962000, "netIncomeRatio": 0.0207205113, "eps": 0.24, "epsdiluted": 0.24, "weightedAverageShsOut": 102456000, "weightedAverageShsOutDil": 102857143, "link": "", "finalLink": "", "calculatedOtherExpenses": 20800000, "calculatedOperatingExpenses": 151800000, "calculatedNetInterest": 0, "calculatedOtherIncome": -91700000, "calculatedIncomeNonControlling": 38000, "calculatedEbitda": 113400000}, {"date": "1994-12-31", "symbol": "LSTR", "reportedCurrency": "USD", "cik": "0000853816", "fillingDate": "1994-12-31", "acceptedDate": "1994-12-30 19:00:00", "calendarYear": "1994", "period": "FY", "revenue": 984400000, "costOfRevenue": 741700000, "grossProfit": 242700000, "grossProfitRatio": 0.2465461195, "researchAndDevelopmentExpenses": 0, "generalAndAdministrativeExpenses": 180000000, "sellingAndMarketingExpenses": -61500000, "sellingGeneralAndAdministrativeExpenses": 118500000, "otherExpenses": 14300000, "operatingExpenses": 132800000, "costAndExpenses": 874500000, "interestIncome": 0, "interestExpense": 0, "depreciationAndAmortization": -13900000, "ebitda": 123800000, "ebitdaratio": 0.1257618854, "operatingIncome": 109900000, "operatingIncomeRatio": 0.1116416091, "totalOtherIncomeExpensesNet": -68300000, "incomeBeforeTax": 41600000, "incomeBeforeTaxRatio": 0.0422592442, "incomeTaxExpense": 17200000, "netIncome": 24400000, "netIncomeRatio": 0.0247866721, "eps": 0.24, "epsdiluted": 0.24, "weightedAverageShsOut": 102736842, "weightedAverageShsOutDil": 103280423, "link": "", "finalLink": "", "calculatedOtherExpenses": 14300000, "calculatedOperatingExpenses": 132800000, "calculatedNetInterest": 0, "calculatedOtherIncome": -68300000, "calculatedIncomeNonControlling": 0, "calculatedEbitda": 96000000}, {"date": "1993-12-31", "symbol": "LSTR", "reportedCurrency": "USD", "cik": "0000853816", "fillingDate": "1993-12-31", "acceptedDate": "1993-12-30 19:00:00", "calendarYear": "1993", "period": "FY", "revenue": 780500000, "costOfRevenue": 589300000, "grossProfit": 191200000, "grossProfitRatio": 0.2449711723, "researchAndDevelopmentExpenses": 0, "generalAndAdministrativeExpenses": 0, "sellingAndMarketingExpenses": 0, "sellingGeneralAndAdministrativeExpenses": 143400000, "otherExpenses": 16400000, "operatingExpenses": 159800000, "costAndExpenses": 749100000, "interestIncome": 0, "interestExpense": 0, "depreciationAndAmortization": -16400000, "ebitda": 47800000, "ebitdaratio": 0.0612427931, "operatingIncome": 31400000, "operatingIncomeRatio": 0.0402306214, "totalOtherIncomeExpensesNet": -6800000, "incomeBeforeTax": 24600000, "incomeBeforeTaxRatio": 0.0315182575, "incomeTaxExpense": 11000000, "netIncome": 11800000, "netIncomeRatio": 0.0151185138, "eps": 0.12, "epsdiluted": 0.12, "weightedAverageShsOut": 95353535, "weightedAverageShsOutDil": 97319588, "link": "", "finalLink": "", "calculatedOtherExpenses": 16400000, "calculatedOperatingExpenses": 159800000, "calculatedNetInterest": 0, "calculatedOtherIncome": -6800000, "calculatedIncomeNonControlling": 1800000, "calculatedEbitda": 15000000}]}