{"originalCurrency": "USD", "convertedCurrency": "USD", "report": [{"date": "2023-12-31", "symbol": "LSXMK", "reportedCurrency": "USD", "cik": "0001560385", "fillingDate": "2024-02-28", "acceptedDate": "2024-02-28 16:25:20", "calendarYear": "2023", "period": "FY", "revenue": 8953000000, "costOfRevenue": 5192000000, "grossProfit": 3761000000, "grossProfitRatio": 0.4200826539, "researchAndDevelopmentExpenses": 0, "generalAndAdministrativeExpenses": 0, "sellingAndMarketingExpenses": 0, "sellingGeneralAndAdministrativeExpenses": 1534000000, "otherExpenses": -322000000, "operatingExpenses": 1856000000, "costAndExpenses": 7048000000, "interestIncome": 0, "interestExpense": 538000000, "depreciationAndAmortization": 624000000, "ebitda": 2529000000, "ebitdaratio": 0.282475148, "operatingIncome": 1905000000, "operatingIncomeRatio": 0.2127778398, "totalOtherIncomeExpensesNet": -637000000, "incomeBeforeTax": 1268000000, "incomeBeforeTaxRatio": 0.1416285044, "incomeTaxExpense": 237000000, "netIncome": 829000000, "netIncomeRatio": 0.092594661, "eps": 2.36, "epsdiluted": 0.32, "weightedAverageShsOut": 352000000, "weightedAverageShsOutDil": 352000000, "link": "https://www.sec.gov/Archives/edgar/data/1560385/000155837024002013/0001558370-24-002013-index.htm", "finalLink": "https://www.sec.gov/Archives/edgar/data/1560385/000155837024002013/lmca-20231231x10k.htm", "calculatedOtherExpenses": 322000000, "calculatedOperatingExpenses": 1856000000, "calculatedNetInterest": -538000000, "calculatedOtherIncome": -99000000, "calculatedIncomeNonControlling": 202000000, "calculatedEbitda": 2529000000}, {"date": "2022-12-31", "symbol": "LSXMK", "reportedCurrency": "USD", "cik": "0001560385", "fillingDate": "2023-03-01", "acceptedDate": "2023-03-01 12:00:48", "calendarYear": "2022", "period": "FY", "revenue": 9003000000, "costOfRevenue": 4482000000, "grossProfit": 4521000000, "grossProfitRatio": 0.5021659447, "researchAndDevelopmentExpenses": 0, "generalAndAdministrativeExpenses": 0, "sellingAndMarketingExpenses": 0, "sellingGeneralAndAdministrativeExpenses": 1638000000, "otherExpenses": 896000000, "operatingExpenses": 2534000000, "costAndExpenses": 7016000000, "interestIncome": 511000000, "interestExpense": 511000000, "depreciationAndAmortization": 759000000, "ebitda": 2678000000, "ebitdaratio": 0.2974564034, "operatingIncome": 1919000000, "operatingIncomeRatio": 0.2131511718, "totalOtherIncomeExpensesNet": 50000000, "incomeBeforeTax": 1969000000, "incomeBeforeTaxRatio": 0.2187048762, "incomeTaxExpense": 467000000, "netIncome": 1292000000, "netIncomeRatio": 0.1435077196, "eps": 3.94, "epsdiluted": 3.74, "weightedAverageShsOut": 328000000, "weightedAverageShsOutDil": 345000000, "link": "https://www.sec.gov/Archives/edgar/data/1560385/000155837023002514/0001558370-23-002514-index.htm", "finalLink": "https://www.sec.gov/Archives/edgar/data/1560385/000155837023002514/lmca-20221231x10k.htm", "calculatedOtherExpenses": 964000000, "calculatedOperatingExpenses": 2602000000, "calculatedNetInterest": 0, "calculatedOtherIncome": 50000000, "calculatedIncomeNonControlling": 210000000, "calculatedEbitda": 2678000000}, {"date": "2021-12-31", "symbol": "LSXMK", "reportedCurrency": "USD", "cik": "0001560385", "fillingDate": "2022-02-25", "acceptedDate": "2022-02-25 17:25:28", "calendarYear": "2021", "period": "FY", "revenue": 8696000000, "costOfRevenue": 4293000000, "grossProfit": 4403000000, "grossProfitRatio": 0.506324747, "researchAndDevelopmentExpenses": 0, "generalAndAdministrativeExpenses": 0, "sellingAndMarketingExpenses": 0, "sellingGeneralAndAdministrativeExpenses": 1598000000, "otherExpenses": 868000000, "operatingExpenses": 2466000000, "costAndExpenses": 6759000000, "interestIncome": 495000000, "interestExpense": 495000000, "depreciationAndAmortization": 431000000, "ebitda": 2348000000, "ebitdaratio": 0.2700091996, "operatingIncome": 1917000000, "operatingIncomeRatio": 0.2204461822, "totalOtherIncomeExpensesNet": -968000000, "incomeBeforeTax": 949000000, "incomeBeforeTaxRatio": 0.1091306348, "incomeTaxExpense": 74000000, "netIncome": 875000000, "netIncomeRatio": 0.1006209752, "eps": 2.61, "epsdiluted": 2.6, "weightedAverageShsOut": 335000000, "weightedAverageShsOutDil": 337000000, "link": "https://www.sec.gov/Archives/edgar/data/1560385/000155837022002199/0001558370-22-002199-index.htm", "finalLink": "https://www.sec.gov/Archives/edgar/data/1560385/000155837022002199/lmca-20211231x10k.htm", "calculatedOtherExpenses": 888000000, "calculatedOperatingExpenses": 2486000000, "calculatedNetInterest": 0, "calculatedOtherIncome": -968000000, "calculatedIncomeNonControlling": 0, "calculatedEbitda": 2348000000}, {"date": "2020-12-31", "symbol": "LSXMK", "reportedCurrency": "USD", "cik": "0001560385", "fillingDate": "2021-02-26", "acceptedDate": "2021-02-26 13:31:12", "calendarYear": "2020", "period": "FY", "revenue": 8040000000, "costOfRevenue": 3941000000, "grossProfit": 4099000000, "grossProfitRatio": 0.5098258706, "researchAndDevelopmentExpenses": 0, "generalAndAdministrativeExpenses": 0, "sellingAndMarketingExpenses": 0, "sellingGeneralAndAdministrativeExpenses": 1509000000, "otherExpenses": 837000000, "operatingExpenses": 2346000000, "costAndExpenses": 6287000000, "interestIncome": 469000000, "interestExpense": 469000000, "depreciationAndAmortization": 573000000, "ebitda": 1954000000, "ebitdaratio": 0.2430348259, "operatingIncome": 1381000000, "operatingIncomeRatio": 0.1717661692, "totalOtherIncomeExpensesNet": -1994000000, "incomeBeforeTax": -613000000, "incomeBeforeTaxRatio": -0.0762437811, "incomeTaxExpense": 106000000, "netIncome": -719000000, "netIncomeRatio": -0.0894278607, "eps": -2.15, "epsdiluted": -2.14, "weightedAverageShsOut": 334000000, "weightedAverageShsOutDil": 336000000, "link": "https://www.sec.gov/Archives/edgar/data/1560385/000155837021001967/0001558370-21-001967-index.htm", "finalLink": "https://www.sec.gov/Archives/edgar/data/1560385/000155837021001967/lmca-20201231x10k.htm", "calculatedOtherExpenses": 1209000000, "calculatedOperatingExpenses": 2718000000, "calculatedNetInterest": 0, "calculatedOtherIncome": -1994000000, "calculatedIncomeNonControlling": 0, "calculatedEbitda": 1954000000}, {"date": "2019-12-31", "symbol": "LSXMK", "reportedCurrency": "USD", "cik": "0001560385", "fillingDate": "2020-02-26", "acceptedDate": "2020-02-26 17:18:11", "calendarYear": "2019", "period": "FY", "revenue": 7794000000, "costOfRevenue": 3854000000, "grossProfit": 3940000000, "grossProfitRatio": 0.5055170644, "researchAndDevelopmentExpenses": 0, "generalAndAdministrativeExpenses": 0, "sellingAndMarketingExpenses": 0, "sellingGeneralAndAdministrativeExpenses": 1495000000, "otherExpenses": 817000000, "operatingExpenses": 2312000000, "costAndExpenses": 6166000000, "interestIncome": 435000000, "interestExpense": 435000000, "depreciationAndAmortization": 559000000, "ebitda": 2103000000, "ebitdaratio": 0.2698229407, "operatingIncome": 1544000000, "operatingIncomeRatio": 0.1981011034, "totalOtherIncomeExpensesNet": -538000000, "incomeBeforeTax": 1006000000, "incomeBeforeTaxRatio": 0.1290736464, "incomeTaxExpense": 271000000, "netIncome": 735000000, "netIncomeRatio": 0.0943033102, "eps": 2.27, "epsdiluted": 2.24, "weightedAverageShsOut": 324285766, "weightedAverageShsOutDil": 328352045, "link": "https://www.sec.gov/Archives/edgar/data/1560385/000155837020001494/0001558370-20-001494-index.htm", "finalLink": "https://www.sec.gov/Archives/edgar/data/1560385/000155837020001494/lmca-20191231x10ked33ee.htm", "calculatedOtherExpenses": 901000000, "calculatedOperatingExpenses": 2396000000, "calculatedNetInterest": 0, "calculatedOtherIncome": -538000000, "calculatedIncomeNonControlling": 0, "calculatedEbitda": 2103000000}, {"date": "2018-12-31", "symbol": "LSXMK", "reportedCurrency": "USD", "cik": "0001560385", "fillingDate": "2019-02-28", "acceptedDate": "2019-02-28 16:45:09", "calendarYear": "2018", "period": "FY", "revenue": 5771000000, "costOfRevenue": 2778000000, "grossProfit": 2993000000, "grossProfitRatio": 0.5186276209, "researchAndDevelopmentExpenses": 0, "generalAndAdministrativeExpenses": 0, "sellingAndMarketingExpenses": 0, "sellingGeneralAndAdministrativeExpenses": 881000000, "otherExpenses": 25000000, "operatingExpenses": 1373000000, "costAndExpenses": 4151000000, "interestIncome": 0, "interestExpense": 388000000, "depreciationAndAmortization": 369000000, "ebitda": 2003000000, "ebitdaratio": 0.3470802287, "operatingIncome": 1620000000, "operatingIncomeRatio": 0.2807139144, "totalOtherIncomeExpensesNet": 13000000, "incomeBeforeTax": 1245000000, "incomeBeforeTaxRatio": 0.2157338416, "incomeTaxExpense": 241000000, "netIncome": 676000000, "netIncomeRatio": 0.1171374112, "eps": 2.05, "epsdiluted": 2.05, "weightedAverageShsOut": 329293768, "weightedAverageShsOutDil": 329293768, "link": "https://www.sec.gov/Archives/edgar/data/1560385/000155837019001329/0001558370-19-001329-index.htm", "finalLink": "https://www.sec.gov/Archives/edgar/data/1560385/000155837019001329/lmca-20181231x10k.htm", "calculatedOtherExpenses": 492000000, "calculatedOperatingExpenses": 1373000000, "calculatedNetInterest": -388000000, "calculatedOtherIncome": 13000000, "calculatedIncomeNonControlling": 328000000, "calculatedEbitda": 1989000000}, {"date": "2017-12-31", "symbol": "LSXMK", "reportedCurrency": "USD", "cik": "0001560385", "fillingDate": "2018-03-01", "acceptedDate": "2018-02-28 21:43:46", "calendarYear": "2017", "period": "FY", "revenue": 5425000000, "costOfRevenue": 2601000000, "grossProfit": 2824000000, "grossProfitRatio": 0.5205529954, "researchAndDevelopmentExpenses": 0, "generalAndAdministrativeExpenses": 0, "sellingAndMarketingExpenses": 0, "sellingGeneralAndAdministrativeExpenses": 812000000, "otherExpenses": -11000000, "operatingExpenses": 1277000000, "costAndExpenses": 3878000000, "interestIncome": 0, "interestExpense": 356000000, "depreciationAndAmortization": 352000000, "ebitda": 1917000000, "ebitdaratio": 0.3533640553, "operatingIncome": 1547000000, "operatingIncomeRatio": 0.2851612903, "totalOtherIncomeExpensesNet": 2000000, "incomeBeforeTax": 1193000000, "incomeBeforeTaxRatio": 0.2199078341, "incomeTaxExpense": -466000000, "netIncome": 1124000000, "netIncomeRatio": 0.2071889401, "eps": 3.35, "epsdiluted": 3.31, "weightedAverageShsOut": 336000000, "weightedAverageShsOutDil": 340000000, "link": "https://www.sec.gov/Archives/edgar/data/1560385/000155837018001342/0001558370-18-001342-index.htm", "finalLink": "https://www.sec.gov/Archives/edgar/data/1560385/000155837018001342/lmc-20171231x10k.htm", "calculatedOtherExpenses": 465000000, "calculatedOperatingExpenses": 1277000000, "calculatedNetInterest": -356000000, "calculatedOtherIncome": 2000000, "calculatedIncomeNonControlling": 535000000, "calculatedEbitda": 1899000000}, {"date": "2016-12-31", "symbol": "LSXMK", "reportedCurrency": "USD", "cik": "0001560385", "fillingDate": "2017-02-28", "acceptedDate": "2017-02-28 16:21:11", "calendarYear": "2016", "period": "FY", "revenue": 5014000000, "costOfRevenue": 2507000000, "grossProfit": 2507000000, "grossProfitRatio": 0.5, "researchAndDevelopmentExpenses": 0, "generalAndAdministrativeExpenses": 511000000, "sellingAndMarketingExpenses": 250000000, "sellingGeneralAndAdministrativeExpenses": 761000000, "otherExpenses": -25000000, "operatingExpenses": 1155000000, "costAndExpenses": 3662000000, "interestIncome": 0, "interestExpense": 342000000, "depreciationAndAmortization": 312000000, "ebitda": 1652000000, "ebitdaratio": 0.3294774631, "operatingIncome": 1352000000, "operatingIncomeRatio": 0.269644994, "totalOtherIncomeExpensesNet": -12000000, "incomeBeforeTax": 998000000, "incomeBeforeTaxRatio": 0.1990426805, "incomeTaxExpense": 341000000, "netIncome": 413000000, "netIncomeRatio": 0.0823693658, "eps": 0.89, "epsdiluted": 0.88, "weightedAverageShsOut": 335000000, "weightedAverageShsOutDil": 337000000, "link": "https://www.sec.gov/Archives/edgar/data/1560385/000155837017001148/0001558370-17-001148-index.htm", "finalLink": "https://www.sec.gov/Archives/edgar/data/1560385/000155837017001148/lmca-20161231x10k.htm", "calculatedOtherExpenses": 394000000, "calculatedOperatingExpenses": 1155000000, "calculatedNetInterest": -342000000, "calculatedOtherIncome": -12000000, "calculatedIncomeNonControlling": 244000000, "calculatedEbitda": 1664000000}, {"date": "2015-12-31", "symbol": "LSXMK", "reportedCurrency": "USD", "cik": "0001560385", "fillingDate": "2016-02-26", "acceptedDate": "2016-02-26 14:38:16", "calendarYear": "2015", "period": "FY", "revenue": 4795000000, "costOfRevenue": 2356000000, "grossProfit": 2439000000, "grossProfitRatio": 0.5086548488, "researchAndDevelopmentExpenses": 0, "generalAndAdministrativeExpenses": 0, "sellingAndMarketingExpenses": 0, "sellingGeneralAndAdministrativeExpenses": 861000000, "otherExpenses": -1000000, "operatingExpenses": 1485000000, "costAndExpenses": 3841000000, "interestIncome": 17000000, "interestExpense": 328000000, "depreciationAndAmortization": 362000000, "ebitda": 1275000000, "ebitdaratio": 0.2659019812, "operatingIncome": 954000000, "operatingIncomeRatio": 0.1989572471, "totalOtherIncomeExpensesNet": -168000000, "incomeBeforeTax": 458000000, "incomeBeforeTaxRatio": 0.0955161627, "incomeTaxExpense": 210000000, "netIncome": 64000000, "netIncomeRatio": 0.0133472367, "eps": 0.76, "epsdiluted": 0.72, "weightedAverageShsOut": 342000000, "weightedAverageShsOutDil": 359000000, "link": "https://www.sec.gov/Archives/edgar/data/1560385/000155837016003609/0001558370-16-003609-index.htm", "finalLink": "https://www.sec.gov/Archives/edgar/data/1560385/000155837016003609/lmca-20151231x10k.htm", "calculatedOtherExpenses": 624000000, "calculatedOperatingExpenses": 1485000000, "calculatedNetInterest": -311000000, "calculatedOtherIncome": -185000000, "calculatedIncomeNonControlling": 184000000, "calculatedEbitda": 1316000000}, {"date": "2014-12-31", "symbol": "LSXMK", "reportedCurrency": "USD", "cik": "0001560385", "fillingDate": "2015-02-26", "acceptedDate": "2015-02-26 17:22:44", "calendarYear": "2014", "period": "FY", "revenue": 4450000000, "costOfRevenue": 2073000000, "grossProfit": 2377000000, "grossProfitRatio": 0.5341573034, "researchAndDevelopmentExpenses": 48843000, "generalAndAdministrativeExpenses": 261905000, "sellingAndMarketingExpenses": 248905000, "sellingGeneralAndAdministrativeExpenses": 873000000, "otherExpenses": -77000000, "operatingExpenses": 1536000000, "costAndExpenses": 3609000000, "interestIncome": 27000000, "interestExpense": 255000000, "depreciationAndAmortization": 359000000, "ebitda": 1010000000, "ebitdaratio": 0.2269662921, "operatingIncome": 841000000, "operatingIncomeRatio": 0.188988764, "totalOtherIncomeExpensesNet": -125000000, "incomeBeforeTax": 461000000, "incomeBeforeTaxRatio": 0.1035955056, "incomeTaxExpense": 66000000, "netIncome": 178000000, "netIncomeRatio": 0.04, "eps": 0.52, "epsdiluted": 0.52, "weightedAverageShsOut": 342000000, "weightedAverageShsOutDil": 359000000, "link": "https://www.sec.gov/Archives/edgar/data/1560385/000155837015000201/0001558370-15-000201-index.htm", "finalLink": "https://www.sec.gov/Archives/edgar/data/1560385/000155837015000201/lvnt-20141231x10k.htm", "calculatedOtherExpenses": 614157000, "calculatedOperatingExpenses": 1536000000, "calculatedNetInterest": -228000000, "calculatedOtherIncome": -152000000, "calculatedIncomeNonControlling": 217000000, "calculatedEbitda": 1200000000}, {"date": "2013-12-31", "symbol": "LSXMK", "reportedCurrency": "USD", "cik": "0001560385", "fillingDate": "2014-02-28", "acceptedDate": "2014-02-28 15:01:59", "calendarYear": "2013", "period": "FY", "revenue": 4002000000, "costOfRevenue": 1825000000, "grossProfit": 2177000000, "grossProfitRatio": 0.543978011, "researchAndDevelopmentExpenses": 0, "generalAndAdministrativeExpenses": 491000000, "sellingAndMarketingExpenses": 273000000, "sellingGeneralAndAdministrativeExpenses": 764000000, "otherExpenses": -115000000, "operatingExpenses": 1363000000, "costAndExpenses": 3188000000, "interestIncome": 48000000, "interestExpense": 132000000, "depreciationAndAmortization": 315000000, "ebitda": 982000000, "ebitdaratio": 0.2453773113, "operatingIncome": 814000000, "operatingIncomeRatio": 0.2033983008, "totalOtherIncomeExpensesNet": 8174000000, "incomeBeforeTax": 8856000000, "incomeBeforeTaxRatio": 2.2128935532, "incomeTaxExpense": -135000000, "netIncome": 8780000000, "netIncomeRatio": 2.1939030485, "eps": 25.67, "epsdiluted": 24.46, "weightedAverageShsOut": 342000000, "weightedAverageShsOutDil": 359000000, "link": "https://www.sec.gov/Archives/edgar/data/1560385/000156038514000012/0001560385-14-000012-index.htm", "finalLink": "https://www.sec.gov/Archives/edgar/data/1560385/000156038514000012/lmc1231201310k.htm", "calculatedOtherExpenses": 599000000, "calculatedOperatingExpenses": 1363000000, "calculatedNetInterest": -84000000, "calculatedOtherIncome": 8126000000, "calculatedIncomeNonControlling": 211000000, "calculatedEbitda": 1129000000}, {"date": "2012-12-31", "symbol": "LSXMK", "reportedCurrency": "USD", "cik": "0001560385", "fillingDate": "2013-02-28", "acceptedDate": "2013-02-27 17:47:46", "calendarYear": "2012", "period": "FY", "revenue": 1999000000, "costOfRevenue": 1201000000, "grossProfit": 798000000, "grossProfitRatio": 0.3991995998, "researchAndDevelopmentExpenses": 48843000000, "generalAndAdministrativeExpenses": 261905000000, "sellingAndMarketingExpenses": 248905000000, "sellingGeneralAndAdministrativeExpenses": 414000000, "otherExpenses": 41000000, "operatingExpenses": 472000000, "costAndExpenses": 1673000000, "interestIncome": 78000000, "interestExpense": 33000000, "depreciationAndAmortization": 817000000, "ebitda": 2530000000, "ebitdaratio": 1.2656328164, "operatingIncome": 326000000, "operatingIncomeRatio": 0.1630815408, "totalOtherIncomeExpensesNet": 1719000000, "incomeBeforeTax": 2012000000, "incomeBeforeTaxRatio": 1.0065032516, "incomeTaxExpense": 600000000, "netIncome": 1414000000, "netIncomeRatio": 0.7073536768, "eps": 4.13, "epsdiluted": 3.94, "weightedAverageShsOut": 342000000, "weightedAverageShsOutDil": 359000000, "link": "https://www.sec.gov/Archives/edgar/data/1560385/000156038513000012/0001560385-13-000012-index.htm", "finalLink": "https://www.sec.gov/Archives/edgar/data/1560385/000156038513000012/lmc1231201210k.htm", "calculatedOtherExpenses": -48785000000, "calculatedOperatingExpenses": 472000000, "calculatedNetInterest": 45000000, "calculatedOtherIncome": 1641000000, "calculatedIncomeNonControlling": -2000000, "calculatedEbitda": 1143000000}, {"date": "2011-12-31", "symbol": "LSXMK", "reportedCurrency": "USD", "cik": "0001560385", "fillingDate": "2011-12-31", "acceptedDate": "2011-12-30 19:00:00", "calendarYear": "2011", "period": "FY", "revenue": 1409000000, "costOfRevenue": 0, "grossProfit": 1409000000, "grossProfitRatio": 1, "researchAndDevelopmentExpenses": 0, "generalAndAdministrativeExpenses": 0, "sellingAndMarketingExpenses": 0, "sellingGeneralAndAdministrativeExpenses": 151000000, "otherExpenses": 8000000, "operatingExpenses": 878000000, "costAndExpenses": 878000000, "interestIncome": 0, "interestExpense": 16000000, "depreciationAndAmortization": 53000000, "ebitda": 679000000, "ebitdaratio": 0.4819020582, "operatingIncome": 531000000, "operatingIncomeRatio": 0.3768630234, "totalOtherIncomeExpensesNet": 243000000, "incomeBeforeTax": 758000000, "incomeBeforeTaxRatio": 0.5379701916, "incomeTaxExpense": 165000000, "netIncome": 836000000, "netIncomeRatio": 0.5933286018, "eps": 1.77, "epsdiluted": 1.69, "weightedAverageShsOut": 342000000, "weightedAverageShsOutDil": 359000000, "link": "", "finalLink": "", "calculatedOtherExpenses": 727000000, "calculatedOperatingExpenses": 878000000, "calculatedNetInterest": -16000000, "calculatedOtherIncome": 243000000, "calculatedIncomeNonControlling": -243000000, "calculatedEbitda": 584000000}, {"date": "2010-12-31", "symbol": "LSXMK", "reportedCurrency": "USD", "cik": "0001560385", "fillingDate": "2010-12-31", "acceptedDate": "2010-12-30 19:00:00", "calendarYear": "2010", "period": "FY", "revenue": 2050000000, "costOfRevenue": 1284000000, "grossProfit": 766000000, "grossProfitRatio": 0.3736585366, "researchAndDevelopmentExpenses": 0, "generalAndAdministrativeExpenses": 0, "sellingAndMarketingExpenses": 0, "sellingGeneralAndAdministrativeExpenses": 525000000, "otherExpenses": 10000000, "operatingExpenses": 619000000, "costAndExpenses": 1903000000, "interestIncome": 88000000, "interestExpense": 65000000, "depreciationAndAmortization": 823000000, "ebitda": 882000000, "ebitdaratio": 0.4302439024, "operatingIncome": 195000000, "operatingIncomeRatio": 0.0951219512, "totalOtherIncomeExpensesNet": 344000000, "incomeBeforeTax": 426000000, "incomeBeforeTaxRatio": 0.207804878, "incomeTaxExpense": -571000000, "netIncome": 1000000000, "netIncomeRatio": 0.487804878, "eps": 2.92, "epsdiluted": 2.79, "weightedAverageShsOut": 342000000, "weightedAverageShsOutDil": 359000000, "link": "", "finalLink": "", "calculatedOtherExpenses": 46000000, "calculatedOperatingExpenses": 571000000, "calculatedNetInterest": 23000000, "calculatedOtherIncome": 208000000, "calculatedIncomeNonControlling": -3000000, "calculatedEbitda": 1018000000}]}