{"originalCurrency": "USD", "convertedCurrency": "USD", "report": [{"date": "2024-01-28", "symbol": "LULU", "reportedCurrency": "USD", "cik": "0001397187", "fillingDate": "2024-03-21", "acceptedDate": "2024-03-21 16:12:29", "calendarYear": "2023", "period": "FY", "revenue": 9619278000, "costOfRevenue": 4014883000, "grossProfit": 5604395000, "grossProfitRatio": 0.5826211697, "researchAndDevelopmentExpenses": 0, "generalAndAdministrativeExpenses": 2967051000, "sellingAndMarketingExpenses": 429700000, "sellingGeneralAndAdministrativeExpenses": 3396751000, "otherExpenses": 43059000, "operatingExpenses": 3396751000, "costAndExpenses": 7411634000, "interestIncome": 0, "interestExpense": 0, "depreciationAndAmortization": 379384000, "ebitda": 2587028000, "ebitdaratio": 0.2689420142, "operatingIncome": 2207644000, "operatingIncomeRatio": 0.2295020479, "totalOtherIncomeExpensesNet": -31909000, "incomeBeforeTax": 2175735000, "incomeBeforeTaxRatio": 0.226184855, "incomeTaxExpense": 625545000, "netIncome": 1550190000, "netIncomeRatio": 0.1611545066, "eps": 12.23, "epsdiluted": 12.2, "weightedAverageShsOut": 126726000, "weightedAverageShsOutDil": 127060000, "link": "https://www.sec.gov/Archives/edgar/data/1397187/000139718724000010/0001397187-24-000010-index.htm", "finalLink": "https://www.sec.gov/Archives/edgar/data/1397187/000139718724000010/lulu-20240128.htm", "calculatedOtherExpenses": 0, "calculatedOperatingExpenses": 3396751000, "calculatedNetInterest": 0, "calculatedOtherIncome": -31909000, "calculatedIncomeNonControlling": 0, "calculatedEbitda": 2587028000}, {"date": "2023-01-29", "symbol": "LULU", "reportedCurrency": "USD", "cik": "0001397187", "fillingDate": "2023-03-28", "acceptedDate": "2023-03-28 16:13:10", "calendarYear": "2022", "period": "FY", "revenue": 8110518000, "costOfRevenue": 3618178000, "grossProfit": 4492340000, "grossProfitRatio": 0.5538906393, "researchAndDevelopmentExpenses": 0, "generalAndAdministrativeExpenses": 2428847000, "sellingAndMarketingExpenses": 328600000, "sellingGeneralAndAdministrativeExpenses": 2757447000, "otherExpenses": 4163000, "operatingExpenses": 2766199000, "costAndExpenses": 6384377000, "interestIncome": 0, "interestExpense": 0, "depreciationAndAmortization": 8752000, "ebitda": 2132626000, "ebitdaratio": 0.2629457206, "operatingIncome": 1328408000, "operatingIncomeRatio": 0.1637883055, "totalOtherIncomeExpensesNet": -393570000, "incomeBeforeTax": 1332571000, "incomeBeforeTaxRatio": 0.1643015896, "incomeTaxExpense": 477771000, "netIncome": 854800000, "netIncomeRatio": 0.1053940081, "eps": 6.7, "epsdiluted": 6.68, "weightedAverageShsOut": 127666000, "weightedAverageShsOutDil": 128017000, "link": "https://www.sec.gov/Archives/edgar/data/1397187/000139718723000012/0001397187-23-000012-index.htm", "finalLink": "https://www.sec.gov/Archives/edgar/data/1397187/000139718723000012/lulu-20230129.htm", "calculatedOtherExpenses": 406485000, "calculatedOperatingExpenses": 3163932000, "calculatedNetInterest": 0, "calculatedOtherIncome": 4163000, "calculatedIncomeNonControlling": 0, "calculatedEbitda": 1337160000}, {"date": "2022-01-30", "symbol": "LULU", "reportedCurrency": "USD", "cik": "0001397187", "fillingDate": "2022-03-29", "acceptedDate": "2022-03-29 16:16:02", "calendarYear": "2021", "period": "FY", "revenue": 6256617000, "costOfRevenue": 2648052000, "grossProfit": 3608565000, "grossProfitRatio": 0.5767597729, "researchAndDevelopmentExpenses": 0, "generalAndAdministrativeExpenses": 1927534000, "sellingAndMarketingExpenses": 297500000, "sellingGeneralAndAdministrativeExpenses": 2225034000, "otherExpenses": 514000, "operatingExpenses": 2233816000, "costAndExpenses": 4881868000, "interestIncome": 0, "interestExpense": 0, "depreciationAndAmortization": 8782000, "ebitda": 1424925000, "ebitdaratio": 0.2277468798, "operatingIncome": 1333355000, "operatingIncomeRatio": 0.2131111749, "totalOtherIncomeExpensesNet": -40880000, "incomeBeforeTax": 1333869000, "incomeBeforeTaxRatio": 0.213193328, "incomeTaxExpense": 358547000, "netIncome": 975322000, "netIncomeRatio": 0.1558864799, "eps": 7.52, "epsdiluted": 7.49, "weightedAverageShsOut": 129768000, "weightedAverageShsOutDil": 130294999, "link": "https://www.sec.gov/Archives/edgar/data/1397187/000139718722000014/0001397187-22-000014-index.htm", "finalLink": "https://www.sec.gov/Archives/edgar/data/1397187/000139718722000014/lulu-20220130.htm", "calculatedOtherExpenses": 50176000, "calculatedOperatingExpenses": 2275210000, "calculatedNetInterest": 0, "calculatedOtherIncome": 514000, "calculatedIncomeNonControlling": 0, "calculatedEbitda": 1342137000}, {"date": "2021-01-31", "symbol": "LULU", "reportedCurrency": "USD", "cik": "0001397187", "fillingDate": "2021-03-30", "acceptedDate": "2021-03-30 16:47:25", "calendarYear": "2020", "period": "FY", "revenue": 4401879000, "costOfRevenue": 1937888000, "grossProfit": 2463991000, "grossProfitRatio": 0.559758912, "researchAndDevelopmentExpenses": 0, "generalAndAdministrativeExpenses": 1393003000, "sellingAndMarketingExpenses": 216000000, "sellingGeneralAndAdministrativeExpenses": 1609003000, "otherExpenses": -636000, "operatingExpenses": 1614163000, "costAndExpenses": 3552051000, "interestIncome": 0, "interestExpense": 0, "depreciationAndAmortization": 5160000, "ebitda": 884830000, "ebitdaratio": 0.2010118861, "operatingIncome": 819986000, "operatingIncomeRatio": 0.1862809041, "totalOtherIncomeExpensesNet": -30478000, "incomeBeforeTax": 819350000, "incomeBeforeTaxRatio": 0.1861364204, "incomeTaxExpense": 230437000, "netIncome": 588913000, "netIncomeRatio": 0.1337867306, "eps": 4.52, "epsdiluted": 4.5, "weightedAverageShsOut": 130288999, "weightedAverageShsOutDil": 130871000, "link": "https://www.sec.gov/Archives/edgar/data/1397187/000139718721000009/0001397187-21-000009-index.htm", "finalLink": "https://www.sec.gov/Archives/edgar/data/1397187/000139718721000009/lulu-20210131.htm", "calculatedOtherExpenses": 35002000, "calculatedOperatingExpenses": 1644005000, "calculatedNetInterest": 0, "calculatedOtherIncome": -636000, "calculatedIncomeNonControlling": 0, "calculatedEbitda": 825146000}, {"date": "2020-02-02", "symbol": "LULU", "reportedCurrency": "USD", "cik": "0001397187", "fillingDate": "2020-03-26", "acceptedDate": "2020-03-26 16:18:13", "calendarYear": "2019", "period": "FY", "revenue": 3288319000, "costOfRevenue": 1472032000, "grossProfit": 1816287000, "grossProfitRatio": 0.5523451344, "researchAndDevelopmentExpenses": 0, "generalAndAdministrativeExpenses": 0, "sellingAndMarketingExpenses": 0, "sellingGeneralAndAdministrativeExpenses": 1110451000, "otherExpenses": 9414000, "operatingExpenses": 1110451000, "costAndExpenses": 2582483000, "interestIncome": 0, "interestExpense": 0, "depreciationAndAmortization": 122484000, "ebitda": 705836000, "ebitdaratio": 0.2146494911, "operatingIncome": 705836000, "operatingIncomeRatio": 0.2146494911, "totalOtherIncomeExpensesNet": 9414000, "incomeBeforeTax": 715250000, "incomeBeforeTaxRatio": 0.2175123521, "incomeTaxExpense": 231449000, "netIncome": 483801000, "netIncomeRatio": 0.1471271492, "eps": 3.71, "epsdiluted": 3.69, "weightedAverageShsOut": 130393000, "weightedAverageShsOutDil": 130955000, "link": "https://www.sec.gov/Archives/edgar/data/1397187/000139718720000012/0001397187-20-000012-index.htm", "finalLink": "https://www.sec.gov/Archives/edgar/data/1397187/000139718720000012/lulu-20200202x10k.htm", "calculatedOtherExpenses": 0, "calculatedOperatingExpenses": 1110451000, "calculatedNetInterest": 0, "calculatedOtherIncome": 9414000, "calculatedIncomeNonControlling": 0, "calculatedEbitda": 828320000}, {"date": "2019-02-03", "symbol": "LULU", "reportedCurrency": "USD", "cik": "0001397187", "fillingDate": "2019-03-27", "acceptedDate": "2019-03-27 16:14:50", "calendarYear": "2018", "period": "FY", "revenue": 3288319000, "costOfRevenue": 1472032000, "grossProfit": 1816287000, "grossProfitRatio": 0.5523451344, "researchAndDevelopmentExpenses": 0, "generalAndAdministrativeExpenses": 0, "sellingAndMarketingExpenses": 0, "sellingGeneralAndAdministrativeExpenses": 1110451000, "otherExpenses": 9414000, "operatingExpenses": 1110451000, "costAndExpenses": 2582483000, "interestIncome": 0, "interestExpense": 0, "depreciationAndAmortization": 122484000, "ebitda": 705836000, "ebitdaratio": 0.2146494911, "operatingIncome": 705836000, "operatingIncomeRatio": 0.2146494911, "totalOtherIncomeExpensesNet": 9414000, "incomeBeforeTax": 715250000, "incomeBeforeTaxRatio": 0.2175123521, "incomeTaxExpense": 231449000, "netIncome": 483801000, "netIncomeRatio": 0.1471271492, "eps": 3.63, "epsdiluted": 3.61, "weightedAverageShsOut": 133413000, "weightedAverageShsOutDil": 133971000, "link": "https://www.sec.gov/Archives/edgar/data/1397187/000139718719000011/0001397187-19-000011-index.htm", "finalLink": "https://www.sec.gov/Archives/edgar/data/1397187/000139718719000011/lulu-20190203x10k.htm", "calculatedOtherExpenses": 0, "calculatedOperatingExpenses": 1110451000, "calculatedNetInterest": 0, "calculatedOtherIncome": 9414000, "calculatedIncomeNonControlling": 0, "calculatedEbitda": 828320000}, {"date": "2018-01-28", "symbol": "LULU", "reportedCurrency": "USD", "cik": "0001397187", "fillingDate": "2018-03-27", "acceptedDate": "2018-03-27 16:17:01", "calendarYear": "2017", "period": "FY", "revenue": 2649181000, "costOfRevenue": 1250391000, "grossProfit": 1398790000, "grossProfitRatio": 0.5280084675, "researchAndDevelopmentExpenses": 0, "generalAndAdministrativeExpenses": 0, "sellingAndMarketingExpenses": 0, "sellingGeneralAndAdministrativeExpenses": 904264000, "otherExpenses": 3997000, "operatingExpenses": 904264000, "costAndExpenses": 2154655000, "interestIncome": 0, "interestExpense": 0, "depreciationAndAmortization": 108235000, "ebitda": 533051000, "ebitdaratio": 0.2012135071, "operatingIncome": 456001000, "operatingIncomeRatio": 0.1721290467, "totalOtherIncomeExpensesNet": -34528000, "incomeBeforeTax": 459998000, "incomeBeforeTaxRatio": 0.1736378149, "incomeTaxExpense": 201336000, "netIncome": 258662000, "netIncomeRatio": 0.0976384777, "eps": 1.9, "epsdiluted": 1.9, "weightedAverageShsOut": 135988000, "weightedAverageShsOutDil": 136198000, "link": "https://www.sec.gov/Archives/edgar/data/1397187/000139718718000013/0001397187-18-000013-index.htm", "finalLink": "https://www.sec.gov/Archives/edgar/data/1397187/000139718718000013/lulu-20180128x10k.htm", "calculatedOtherExpenses": 38525000, "calculatedOperatingExpenses": 942789000, "calculatedNetInterest": 0, "calculatedOtherIncome": 3997000, "calculatedIncomeNonControlling": 0, "calculatedEbitda": 564236000}, {"date": "2017-01-29", "symbol": "LULU", "reportedCurrency": "USD", "cik": "0001397187", "fillingDate": "2017-03-29", "acceptedDate": "2017-03-29 16:13:26", "calendarYear": "2016", "period": "FY", "revenue": 2344392000, "costOfRevenue": 1144775000, "grossProfit": 1199617000, "grossProfitRatio": 0.5116964228, "researchAndDevelopmentExpenses": 0, "generalAndAdministrativeExpenses": 0, "sellingAndMarketingExpenses": 0, "sellingGeneralAndAdministrativeExpenses": 778465000, "otherExpenses": 1577000, "operatingExpenses": 778465000, "costAndExpenses": 1923240000, "interestIncome": 0, "interestExpense": 0, "depreciationAndAmortization": 87697000, "ebitda": 421152000, "ebitdaratio": 0.1796423124, "operatingIncome": 421152000, "operatingIncomeRatio": 0.1796423124, "totalOtherIncomeExpensesNet": 1577000, "incomeBeforeTax": 422729000, "incomeBeforeTaxRatio": 0.1803149815, "incomeTaxExpense": 119348000, "netIncome": 303381000, "netIncomeRatio": 0.1294071128, "eps": 2.21, "epsdiluted": 2.21, "weightedAverageShsOut": 137086000, "weightedAverageShsOutDil": 137302000, "link": "https://www.sec.gov/Archives/edgar/data/1397187/000139718717000008/0001397187-17-000008-index.htm", "finalLink": "https://www.sec.gov/Archives/edgar/data/1397187/000139718717000008/lulu-20170129x10k.htm", "calculatedOtherExpenses": 0, "calculatedOperatingExpenses": 778465000, "calculatedNetInterest": 0, "calculatedOtherIncome": 1577000, "calculatedIncomeNonControlling": 0, "calculatedEbitda": 508849000}, {"date": "2016-01-31", "symbol": "LULU", "reportedCurrency": "USD", "cik": "0001397187", "fillingDate": "2016-03-30", "acceptedDate": "2016-03-30 08:25:20", "calendarYear": "2015", "period": "FY", "revenue": 2060523000, "costOfRevenue": 1063357000, "grossProfit": 997166000, "grossProfitRatio": 0.4839383011, "researchAndDevelopmentExpenses": 0, "generalAndAdministrativeExpenses": 0, "sellingAndMarketingExpenses": 0, "sellingGeneralAndAdministrativeExpenses": 628090000, "otherExpenses": -581000, "operatingExpenses": 628090000, "costAndExpenses": 1691447000, "interestIncome": 0, "interestExpense": 0, "depreciationAndAmortization": 73383000, "ebitda": 369076000, "ebitdaratio": 0.1791176318, "operatingIncome": 369076000, "operatingIncomeRatio": 0.1791176318, "totalOtherIncomeExpensesNet": -581000, "incomeBeforeTax": 368495000, "incomeBeforeTaxRatio": 0.1788356645, "incomeTaxExpense": 102448000, "netIncome": 266047000, "netIncomeRatio": 0.1291162486, "eps": 1.9, "epsdiluted": 1.89, "weightedAverageShsOut": 140365000, "weightedAverageShsOutDil": 140610000, "link": "https://www.sec.gov/Archives/edgar/data/1397187/000139718716000089/0001397187-16-000089-index.htm", "finalLink": "https://www.sec.gov/Archives/edgar/data/1397187/000139718716000089/lulu-20160131x10k.htm", "calculatedOtherExpenses": 0, "calculatedOperatingExpenses": 628090000, "calculatedNetInterest": 0, "calculatedOtherIncome": -581000, "calculatedIncomeNonControlling": 0, "calculatedEbitda": 442459000}, {"date": "2015-02-01", "symbol": "LULU", "reportedCurrency": "USD", "cik": "0001397187", "fillingDate": "2015-03-26", "acceptedDate": "2015-03-26 08:31:40", "calendarYear": "2014", "period": "FY", "revenue": 1797213000, "costOfRevenue": 883033000, "grossProfit": 914180000, "grossProfitRatio": 0.5086653613, "researchAndDevelopmentExpenses": 0, "generalAndAdministrativeExpenses": 0, "sellingAndMarketingExpenses": 0, "sellingGeneralAndAdministrativeExpenses": 538147000, "otherExpenses": 7102000, "operatingExpenses": 538147000, "costAndExpenses": 1421180000, "interestIncome": 0, "interestExpense": 0, "depreciationAndAmortization": 58364000, "ebitda": 376033000, "ebitdaratio": 0.2092311818, "operatingIncome": 376033000, "operatingIncomeRatio": 0.2092311818, "totalOtherIncomeExpensesNet": 7102000, "incomeBeforeTax": 383135000, "incomeBeforeTaxRatio": 0.2131828559, "incomeTaxExpense": 144102000, "netIncome": 239033000, "netIncomeRatio": 0.1330020426, "eps": 1.66, "epsdiluted": 1.66, "weightedAverageShsOut": 143935000, "weightedAverageShsOutDil": 144298000, "link": "https://www.sec.gov/Archives/edgar/data/1397187/000139718715000016/0001397187-15-000016-index.htm", "finalLink": "https://www.sec.gov/Archives/edgar/data/1397187/000139718715000016/lulu-20150201x10k.htm", "calculatedOtherExpenses": 0, "calculatedOperatingExpenses": 538147000, "calculatedNetInterest": 0, "calculatedOtherIncome": 7102000, "calculatedIncomeNonControlling": 0, "calculatedEbitda": 434397000}, {"date": "2014-02-02", "symbol": "LULU", "reportedCurrency": "USD", "cik": "0001397187", "fillingDate": "2014-03-27", "acceptedDate": "2014-03-27 08:45:48", "calendarYear": "2013", "period": "FY", "revenue": 1370358000, "costOfRevenue": 607532000, "grossProfit": 762826000, "grossProfitRatio": 0.5566618358, "researchAndDevelopmentExpenses": 0, "generalAndAdministrativeExpenses": 0, "sellingAndMarketingExpenses": 0, "sellingGeneralAndAdministrativeExpenses": 386387000, "otherExpenses": 4957000, "operatingExpenses": 386387000, "costAndExpenses": 993919000, "interestIncome": 0, "interestExpense": 0, "depreciationAndAmortization": 43000000, "ebitda": 419439000, "ebitdaratio": 0.3060798711, "operatingIncome": 376439000, "operatingIncomeRatio": 0.2747012095, "totalOtherIncomeExpensesNet": 4957000, "incomeBeforeTax": 381396000, "incomeBeforeTaxRatio": 0.2783185124, "incomeTaxExpense": 109965000, "netIncome": 279547000, "netIncomeRatio": 0.2039955982, "eps": 1.88, "epsdiluted": 1.85, "weightedAverageShsOut": 144000000, "weightedAverageShsOutDil": 145806000, "link": "https://www.sec.gov/Archives/edgar/data/1397187/000139718714000021/0001397187-14-000021-index.htm", "finalLink": "https://www.sec.gov/Archives/edgar/data/1397187/000139718714000021/lulu-20140202x10k.htm", "calculatedOtherExpenses": 0, "calculatedOperatingExpenses": 386387000, "calculatedNetInterest": 0, "calculatedOtherIncome": 4957000, "calculatedIncomeNonControlling": -8116000, "calculatedEbitda": 419439000}, {"date": "2013-02-03", "symbol": "LULU", "reportedCurrency": "USD", "cik": "0001397187", "fillingDate": "2013-03-21", "acceptedDate": "2013-03-21 08:50:22", "calendarYear": "2012", "period": "FY", "revenue": 1370358000, "costOfRevenue": 607532000, "grossProfit": 762826000, "grossProfitRatio": 0.5566618358, "researchAndDevelopmentExpenses": 0, "generalAndAdministrativeExpenses": 0, "sellingAndMarketingExpenses": 0, "sellingGeneralAndAdministrativeExpenses": 386387000, "otherExpenses": 4957000, "operatingExpenses": 386387000, "costAndExpenses": 993919000, "interestIncome": 0, "interestExpense": 0, "depreciationAndAmortization": 43000000, "ebitda": 419439000, "ebitdaratio": 0.3060798711, "operatingIncome": 376439000, "operatingIncomeRatio": 0.2747012095, "totalOtherIncomeExpensesNet": 4957000, "incomeBeforeTax": 381396000, "incomeBeforeTaxRatio": 0.2783185124, "incomeTaxExpense": 109965000, "netIncome": 270556000, "netIncomeRatio": 0.197434539, "eps": 1.88, "epsdiluted": 1.85, "weightedAverageShsOut": 144000000, "weightedAverageShsOutDil": 145806000, "link": "https://www.sec.gov/Archives/edgar/data/1397187/000119312513118393/0001193125-13-118393-index.htm", "finalLink": "https://www.sec.gov/Archives/edgar/data/1397187/000119312513118393/d475380d10k.htm", "calculatedOtherExpenses": 0, "calculatedOperatingExpenses": 386387000, "calculatedNetInterest": 0, "calculatedOtherIncome": 4957000, "calculatedIncomeNonControlling": 875000, "calculatedEbitda": 419439000}, {"date": "2012-01-29", "symbol": "LULU", "reportedCurrency": "USD", "cik": "0001397187", "fillingDate": "2012-03-22", "acceptedDate": "2012-03-22 08:45:47", "calendarYear": "2011", "period": "FY", "revenue": 1000839000, "costOfRevenue": 431569000, "grossProfit": 569270000, "grossProfitRatio": 0.5687927829, "researchAndDevelopmentExpenses": 0, "generalAndAdministrativeExpenses": 0, "sellingAndMarketingExpenses": 0, "sellingGeneralAndAdministrativeExpenses": 282312000, "otherExpenses": 2500000, "operatingExpenses": 282312000, "costAndExpenses": 713881000, "interestIncome": 0, "interestExpense": 0, "depreciationAndAmortization": 30259000, "ebitda": 317217000, "ebitdaratio": 0.316951078, "operatingIncome": 286958000, "operatingIncomeRatio": 0.2867174441, "totalOtherIncomeExpensesNet": 2500000, "incomeBeforeTax": 289458000, "incomeBeforeTaxRatio": 0.2892153483, "incomeTaxExpense": 104494000, "netIncome": 184063000, "netIncomeRatio": 0.1839087006, "eps": 1.29, "epsdiluted": 1.27, "weightedAverageShsOut": 143196000, "weightedAverageShsOutDil": 145278000, "link": "https://www.sec.gov/Archives/edgar/data/1397187/000119312512126444/0001193125-12-126444-index.htm", "finalLink": "https://www.sec.gov/Archives/edgar/data/1397187/000119312512126444/d277556d10k.htm", "calculatedOtherExpenses": 0, "calculatedOperatingExpenses": 282312000, "calculatedNetInterest": 0, "calculatedOtherIncome": 2500000, "calculatedIncomeNonControlling": 901000, "calculatedEbitda": 317217000}, {"date": "2011-01-30", "symbol": "LULU", "reportedCurrency": "USD", "cik": "0001397187", "fillingDate": "2011-03-17", "acceptedDate": "2011-03-17 08:48:56", "calendarYear": "2010", "period": "FY", "revenue": 711704000, "costOfRevenue": 316757000, "grossProfit": 394947000, "grossProfitRatio": 0.5549315446, "researchAndDevelopmentExpenses": 0, "generalAndAdministrativeExpenses": 0, "sellingAndMarketingExpenses": 0, "sellingGeneralAndAdministrativeExpenses": 212784000, "otherExpenses": 0, "operatingExpenses": 212784000, "costAndExpenses": 529541000, "interestIncome": 0, "interestExpense": 0, "depreciationAndAmortization": 24614000, "ebitda": 205663000, "ebitdaratio": 0.2889726628, "operatingIncome": 180391000, "operatingIncomeRatio": 0.2534635185, "totalOtherIncomeExpensesNet": 1114000, "incomeBeforeTax": 183277000, "incomeBeforeTaxRatio": 0.2575185751, "incomeTaxExpense": 61080000, "netIncome": 121847000, "netIncomeRatio": 0.1712046019, "eps": 0.86, "epsdiluted": 0.85, "weightedAverageShsOut": 141720000, "weightedAverageShsOutDil": 143858000, "link": "https://www.sec.gov/Archives/edgar/data/1397187/000095012311026220/0000950123-11-026220-index.htm", "finalLink": "https://www.sec.gov/Archives/edgar/data/1397187/000095012311026220/o67665e10vk.htm", "calculatedOtherExpenses": 1772000, "calculatedOperatingExpenses": 214556000, "calculatedNetInterest": 0, "calculatedOtherIncome": 2886000, "calculatedIncomeNonControlling": 350000, "calculatedEbitda": 205005000}, {"date": "2010-01-31", "symbol": "LULU", "reportedCurrency": "USD", "cik": "0001397187", "fillingDate": "2010-03-25", "acceptedDate": "2010-03-25 08:51:12", "calendarYear": "2009", "period": "FY", "revenue": 452898000, "costOfRevenue": 229812000, "grossProfit": 223086000, "grossProfitRatio": 0.492574487, "researchAndDevelopmentExpenses": 0, "generalAndAdministrativeExpenses": 0, "sellingAndMarketingExpenses": 0, "sellingGeneralAndAdministrativeExpenses": 136161000, "otherExpenses": 0, "operatingExpenses": 136161000, "costAndExpenses": 365973000, "interestIncome": 0, "interestExpense": 0, "depreciationAndAmortization": 20832000, "ebitda": 107972000, "ebitdaratio": 0.2384024659, "operatingIncome": 86546000, "operatingIncomeRatio": 0.1910938004, "totalOtherIncomeExpensesNet": -215000, "incomeBeforeTax": 86710000, "incomeBeforeTaxRatio": 0.1914559128, "incomeTaxExpense": 28429000, "netIncome": 58281000, "netIncomeRatio": 0.1286846045, "eps": 0.41, "epsdiluted": 0.41, "weightedAverageShsOut": 140502000, "weightedAverageShsOutDil": 141898000, "link": "https://www.sec.gov/Archives/edgar/data/1397187/000095012310028033/0000950123-10-028033-index.htm", "finalLink": "https://www.sec.gov/Archives/edgar/data/1397187/000095012310028033/o60149e10vk.htm", "calculatedOtherExpenses": 379000, "calculatedOperatingExpenses": 136540000, "calculatedNetInterest": 0, "calculatedOtherIncome": 164000, "calculatedIncomeNonControlling": 0, "calculatedEbitda": 107378000}, {"date": "2009-02-01", "symbol": "LULU", "reportedCurrency": "USD", "cik": "0001397187", "fillingDate": "2009-03-27", "acceptedDate": "2009-03-27 06:07:38", "calendarYear": "2008", "period": "FY", "revenue": 353488212, "costOfRevenue": 174420844, "grossProfit": 179067368, "grossProfitRatio": 0.5065723889, "researchAndDevelopmentExpenses": 0, "generalAndAdministrativeExpenses": 0, "sellingAndMarketingExpenses": 0, "sellingGeneralAndAdministrativeExpenses": 118098347, "otherExpenses": 4404855, "operatingExpenses": 122503202, "costAndExpenses": 296924046, "interestIncome": 0, "interestExpense": 0, "depreciationAndAmortization": 15822950, "ebitda": 75970559, "ebitdaratio": 0.2149168103, "operatingIncome": 56564166, "operatingIncomeRatio": 0.160017121, "totalOtherIncomeExpensesNet": -3583443, "incomeBeforeTax": 57385578, "incomeBeforeTaxRatio": 0.1623408534, "incomeTaxExpense": 16883986, "netIncome": 39363227, "netIncomeRatio": 0.1113565479, "eps": 0.28, "epsdiluted": 0.28, "weightedAverageShsOut": 137421492, "weightedAverageShsOutDil": 141884848, "link": "https://www.sec.gov/Archives/edgar/data/1397187/000090956709000292/0000909567-09-000292-index.htm", "finalLink": "https://www.sec.gov/Archives/edgar/data/1397187/000090956709000292/o54371e10vk.htm", "calculatedOtherExpenses": 4404855, "calculatedOperatingExpenses": 122503202, "calculatedNetInterest": 0, "calculatedOtherIncome": 821412, "calculatedIncomeNonControlling": 1138365, "calculatedEbitda": 72387116}, {"date": "2008-02-03", "symbol": "LULU", "reportedCurrency": "USD", "cik": "0001397187", "fillingDate": "2008-04-08", "acceptedDate": "2008-04-08 08:01:54", "calendarYear": "2007", "period": "FY", "revenue": 274713328, "costOfRevenue": 128411175, "grossProfit": 146302153, "grossProfitRatio": 0.532562996, "researchAndDevelopmentExpenses": 0, "generalAndAdministrativeExpenses": 0, "sellingAndMarketingExpenses": 0, "sellingGeneralAndAdministrativeExpenses": 96177348, "otherExpenses": 0, "operatingExpenses": 96177348, "costAndExpenses": 224588523, "interestIncome": 0, "interestExpense": 0, "depreciationAndAmortization": 8340732, "ebitda": 58465537, "ebitdaratio": 0.2128238096, "operatingIncome": 50124805, "operatingIncomeRatio": 0.1824622248, "totalOtherIncomeExpensesNet": 854088, "incomeBeforeTax": 50978893, "incomeBeforeTaxRatio": 0.1855712403, "incomeTaxExpense": 20470674, "netIncome": 30842439, "netIncomeRatio": 0.1122713602, "eps": 0.23, "epsdiluted": 0.23, "weightedAverageShsOut": 132860044, "weightedAverageShsOutDil": 138595756, "link": "https://www.sec.gov/Archives/edgar/data/1397187/000090956708000415/0000909567-08-000415-index.htm", "finalLink": "https://www.sec.gov/Archives/edgar/data/1397187/000090956708000415/o39896e10vk.htm", "calculatedOtherExpenses": 0, "calculatedOperatingExpenses": 96177348, "calculatedNetInterest": 0, "calculatedOtherIncome": 854088, "calculatedIncomeNonControlling": -334220, "calculatedEbitda": 58465537}, {"date": "2007-01-31", "symbol": "LULU", "reportedCurrency": "USD", "cik": "0001397187", "fillingDate": "2007-01-31", "acceptedDate": "2007-01-31 00:00:00", "calendarYear": "2006", "period": "FY", "revenue": 148884834, "costOfRevenue": 72903112, "grossProfit": 75981722, "grossProfitRatio": 0.5103388972, "researchAndDevelopmentExpenses": 0, "generalAndAdministrativeExpenses": 0, "sellingAndMarketingExpenses": 0, "sellingGeneralAndAdministrativeExpenses": 52539998, "otherExpenses": 7228310, "operatingExpenses": 59768308, "costAndExpenses": 132671420, "interestIncome": 0, "interestExpense": 0, "depreciationAndAmortization": 4618512, "ebitda": 28060236, "ebitdaratio": 0.1884694045, "operatingIncome": 16213414, "operatingIncomeRatio": 0.10889903, "totalOtherIncomeExpensesNet": -7228310, "incomeBeforeTax": 16307802, "incomeBeforeTaxRatio": 0.1095329965, "incomeTaxExpense": 8753336, "netIncome": 7666331, "netIncomeRatio": 0.0514916852, "eps": 0.06, "epsdiluted": 0.06, "weightedAverageShsOut": 130313250, "weightedAverageShsOutDil": 130607678, "link": null, "finalLink": null, "calculatedOtherExpenses": 7228310, "calculatedOperatingExpenses": 59768308, "calculatedNetInterest": 0, "calculatedOtherIncome": 94388, "calculatedIncomeNonControlling": -111865, "calculatedEbitda": 20831926}, {"date": "2006-01-31", "symbol": "LULU", "reportedCurrency": "USD", "cik": "0001397187", "fillingDate": "2006-01-31", "acceptedDate": "2006-01-31 00:00:00", "calendarYear": "2005", "period": "FY", "revenue": 84129093, "costOfRevenue": 41176981, "grossProfit": 42952112, "grossProfitRatio": 0.5105500424, "researchAndDevelopmentExpenses": 0, "generalAndAdministrativeExpenses": 0, "sellingAndMarketingExpenses": 0, "sellingGeneralAndAdministrativeExpenses": 39225404, "otherExpenses": 0, "operatingExpenses": 39225404, "costAndExpenses": 80402385, "interestIncome": 0, "interestExpense": 0, "depreciationAndAmortization": 2466298, "ebitda": 6193006, "ebitdaratio": 0.0736131317, "operatingIncome": 3726708, "operatingIncomeRatio": 0.0442974941, "totalOtherIncomeExpensesNet": 3542, "incomeBeforeTax": 3730250, "incomeBeforeTaxRatio": 0.0443395961, "incomeTaxExpense": 2336146, "netIncome": 1394104, "netIncomeRatio": 0.0165710095, "eps": 0.015, "epsdiluted": 0.015, "weightedAverageShsOut": 89549332, "weightedAverageShsOutDil": 89549332, "link": null, "finalLink": null, "calculatedOtherExpenses": 0, "calculatedOperatingExpenses": 39225404, "calculatedNetInterest": 0, "calculatedOtherIncome": 3542, "calculatedIncomeNonControlling": 0, "calculatedEbitda": 6193006}, {"date": "2005-01-31", "symbol": "LULU", "reportedCurrency": "USD", "cik": "0001397187", "fillingDate": "2005-01-31", "acceptedDate": "2005-01-31 00:00:00", "calendarYear": "2004", "period": "FY", "revenue": 40748376, "costOfRevenue": 0, "grossProfit": 40748376, "grossProfitRatio": 1, "researchAndDevelopmentExpenses": 0, "generalAndAdministrativeExpenses": 0, "sellingAndMarketingExpenses": 0, "sellingGeneralAndAdministrativeExpenses": 0, "otherExpenses": 0, "operatingExpenses": 0, "costAndExpenses": 0, "interestIncome": 0, "interestExpense": 0, "depreciationAndAmortization": 0, "ebitda": 40748376, "ebitdaratio": 1, "operatingIncome": 40748376, "operatingIncomeRatio": 1, "totalOtherIncomeExpensesNet": 0, "incomeBeforeTax": 0, "incomeBeforeTaxRatio": 0, "incomeTaxExpense": 1411032, "netIncome": -1411032, "netIncomeRatio": -0.0346279322, "eps": -0.0158, "epsdiluted": -0.0158, "weightedAverageShsOut": 89549332, "weightedAverageShsOutDil": 89549332, "link": null, "finalLink": null, "calculatedOtherExpenses": 0, "calculatedOperatingExpenses": 0, "calculatedNetInterest": 0, "calculatedOtherIncome": -40748376, "calculatedIncomeNonControlling": 0, "calculatedEbitda": 40748376}, {"date": "2004-01-31", "symbol": "LULU", "reportedCurrency": "USD", "cik": "0001397187", "fillingDate": "2004-01-31", "acceptedDate": "2004-01-31 00:00:00", "calendarYear": "2003", "period": "FY", "revenue": 18188000, "costOfRevenue": 0, "grossProfit": 18188000, "grossProfitRatio": 1, "researchAndDevelopmentExpenses": 0, "generalAndAdministrativeExpenses": 0, "sellingAndMarketingExpenses": 0, "sellingGeneralAndAdministrativeExpenses": 0, "otherExpenses": 17427000, "operatingExpenses": 17427000, "costAndExpenses": 17427000, "interestIncome": 0, "interestExpense": 4000, "depreciationAndAmortization": 0, "ebitda": 761000, "ebitdaratio": 0.0418407741, "operatingIncome": 761000, "operatingIncomeRatio": 0.0418407741, "totalOtherIncomeExpensesNet": -4000, "incomeBeforeTax": 757000, "incomeBeforeTaxRatio": 0.0416208489, "incomeTaxExpense": 438000, "netIncome": 319000, "netIncomeRatio": 0.0175390367, "eps": 0.005, "epsdiluted": 0.005, "weightedAverageShsOut": 67690788, "weightedAverageShsOutDil": 67690788, "link": null, "finalLink": null, "calculatedOtherExpenses": 17427000, "calculatedOperatingExpenses": 17427000, "calculatedNetInterest": -4000, "calculatedOtherIncome": 0, "calculatedIncomeNonControlling": 0, "calculatedEbitda": 761000}]}