{"originalCurrency": "USD", "convertedCurrency": "USD", "report": [{"date": "2023-12-31", "symbol": "LUV", "reportedCurrency": "USD", "cik": "0000092380", "fillingDate": "2024-02-06", "acceptedDate": "2024-02-06 17:09:57", "calendarYear": "2023", "period": "FY", "revenue": 26091000000, "costOfRevenue": 21868000000, "grossProfit": 4223000000, "grossProfitRatio": 0.1618565789, "researchAndDevelopmentExpenses": 0, "generalAndAdministrativeExpenses": 3726000000, "sellingAndMarketingExpenses": 266000000, "sellingGeneralAndAdministrativeExpenses": 3992000000, "otherExpenses": 2000000, "operatingExpenses": 3999000000, "costAndExpenses": 25867000000, "interestIncome": 583000000, "interestExpense": 236000000, "depreciationAndAmortization": 1522000000, "ebitda": 2331000000, "ebitdaratio": 0.0893411521, "operatingIncome": 224000000, "operatingIncomeRatio": 0.0085853359, "totalOtherIncomeExpensesNet": 62000000, "incomeBeforeTax": 633000000, "incomeBeforeTaxRatio": 0.0242612395, "incomeTaxExpense": 168000000, "netIncome": 465000000, "netIncomeRatio": 0.0178222376, "eps": 0.78, "epsdiluted": 0.73, "weightedAverageShsOut": 595000000, "weightedAverageShsOutDil": 640000000, "link": "https://www.sec.gov/Archives/edgar/data/92380/000009238024000027/0000092380-24-000027-index.htm", "finalLink": "https://www.sec.gov/Archives/edgar/data/92380/000009238024000027/luv-20231231.htm", "calculatedOtherExpenses": 7000000, "calculatedOperatingExpenses": 3999000000, "calculatedNetInterest": 347000000, "calculatedOtherIncome": 62000000, "calculatedIncomeNonControlling": 0, "calculatedEbitda": 1746000000}, {"date": "2022-12-31", "symbol": "LUV", "reportedCurrency": "USD", "cik": "0000092380", "fillingDate": "2023-02-07", "acceptedDate": "2023-02-06 17:38:32", "calendarYear": "2022", "period": "FY", "revenue": 23814000000, "costOfRevenue": 19062000000, "grossProfit": 4752000000, "grossProfitRatio": 0.1995464853, "researchAndDevelopmentExpenses": 0, "generalAndAdministrativeExpenses": 3511000000, "sellingAndMarketingExpenses": 224000000, "sellingGeneralAndAdministrativeExpenses": 3735000000, "otherExpenses": 3735000000, "operatingExpenses": 3735000000, "costAndExpenses": 22797000000, "interestIncome": 217000000, "interestExpense": 301000000, "depreciationAndAmortization": 1556000000, "ebitda": 2573000000, "ebitdaratio": 0.1080456874, "operatingIncome": 1017000000, "operatingIncomeRatio": 0.0427059713, "totalOtherIncomeExpensesNet": -289000000, "incomeBeforeTax": 728000000, "incomeBeforeTaxRatio": 0.0305702528, "incomeTaxExpense": 189000000, "netIncome": 539000000, "netIncomeRatio": 0.0226337449, "eps": 0.91, "epsdiluted": 0.84, "weightedAverageShsOut": 593000000, "weightedAverageShsOutDil": 642000000, "link": "https://www.sec.gov/Archives/edgar/data/92380/000009238023000010/0000092380-23-000010-index.htm", "finalLink": "https://www.sec.gov/Archives/edgar/data/92380/000009238023000010/luv-20221231.htm", "calculatedOtherExpenses": 0, "calculatedOperatingExpenses": 3735000000, "calculatedNetInterest": -84000000, "calculatedOtherIncome": -205000000, "calculatedIncomeNonControlling": 0, "calculatedEbitda": 2573000000}, {"date": "2021-12-31", "symbol": "LUV", "reportedCurrency": "USD", "cik": "0000092380", "fillingDate": "2022-02-07", "acceptedDate": "2022-02-04 17:59:21", "calendarYear": "2021", "period": "FY", "revenue": 15790000000, "costOfRevenue": 11675000000, "grossProfit": 4115000000, "grossProfitRatio": 0.2606079797, "researchAndDevelopmentExpenses": 0, "generalAndAdministrativeExpenses": 2203000000, "sellingAndMarketingExpenses": 185000000, "sellingGeneralAndAdministrativeExpenses": 2388000000, "otherExpenses": 2394000000, "operatingExpenses": 2394000000, "costAndExpenses": 14069000000, "interestIncome": 13000000, "interestExpense": 431000000, "depreciationAndAmortization": 1307000000, "ebitda": 3028000000, "ebitdaratio": 0.1917669411, "operatingIncome": 1721000000, "operatingIncomeRatio": 0.1089930336, "totalOtherIncomeExpensesNet": -396000000, "incomeBeforeTax": 1325000000, "incomeBeforeTaxRatio": 0.0839138695, "incomeTaxExpense": 348000000, "netIncome": 977000000, "netIncomeRatio": 0.0618746042, "eps": 1.65, "epsdiluted": 1.6, "weightedAverageShsOut": 592000000, "weightedAverageShsOutDil": 609000000, "link": "https://www.sec.gov/Archives/edgar/data/92380/000009238022000007/0000092380-22-000007-index.htm", "finalLink": "https://www.sec.gov/Archives/edgar/data/92380/000009238022000007/luv-20211231.htm", "calculatedOtherExpenses": 6000000, "calculatedOperatingExpenses": 2394000000, "calculatedNetInterest": -418000000, "calculatedOtherIncome": 22000000, "calculatedIncomeNonControlling": 0, "calculatedEbitda": 3028000000}, {"date": "2020-12-31", "symbol": "LUV", "reportedCurrency": "USD", "cik": "0000092380", "fillingDate": "2021-02-08", "acceptedDate": "2021-02-08 13:37:31", "calendarYear": "2020", "period": "FY", "revenue": 9048000000, "costOfRevenue": 10938000000, "grossProfit": -1890000000, "grossProfitRatio": -0.2088859416, "researchAndDevelopmentExpenses": 0, "generalAndAdministrativeExpenses": 1770000000, "sellingAndMarketingExpenses": 156000000, "sellingGeneralAndAdministrativeExpenses": 1926000000, "otherExpenses": 1926000000, "operatingExpenses": 1926000000, "costAndExpenses": 12864000000, "interestIncome": 32000000, "interestExpense": 314000000, "depreciationAndAmortization": 1129000000, "ebitda": -2687000000, "ebitdaratio": -0.2969717065, "operatingIncome": -3816000000, "operatingIncomeRatio": -0.4217506631, "totalOtherIncomeExpensesNet": -440000000, "incomeBeforeTax": -4256000000, "incomeBeforeTaxRatio": -0.4703801945, "incomeTaxExpense": -1182000000, "netIncome": -3074000000, "netIncomeRatio": -0.3397435897, "eps": -5.44, "epsdiluted": -5.44, "weightedAverageShsOut": 565000000, "weightedAverageShsOutDil": 565000000, "link": "https://www.sec.gov/Archives/edgar/data/92380/000009238021000033/0000092380-21-000033-index.htm", "finalLink": "https://www.sec.gov/Archives/edgar/data/92380/000009238021000033/luv-20201231.htm", "calculatedOtherExpenses": 0, "calculatedOperatingExpenses": 1926000000, "calculatedNetInterest": -282000000, "calculatedOtherIncome": -158000000, "calculatedIncomeNonControlling": 0, "calculatedEbitda": -2687000000}, {"date": "2019-12-31", "symbol": "LUV", "reportedCurrency": "USD", "cik": "0000092380", "fillingDate": "2020-02-04", "acceptedDate": "2020-02-03 18:19:28", "calendarYear": "2019", "period": "FY", "revenue": 22428000000, "costOfRevenue": 16445000000, "grossProfit": 5983000000, "grossProfitRatio": 0.2667647583, "researchAndDevelopmentExpenses": 0, "generalAndAdministrativeExpenses": 2814000000, "sellingAndMarketingExpenses": 212000000, "sellingGeneralAndAdministrativeExpenses": 3026000000, "otherExpenses": 3026000000, "operatingExpenses": 3026000000, "costAndExpenses": 19471000000, "interestIncome": 90000000, "interestExpense": 82000000, "depreciationAndAmortization": 1301000000, "ebitda": 4258000000, "ebitdaratio": 0.1898519708, "operatingIncome": 2957000000, "operatingIncomeRatio": 0.1318441234, "totalOtherIncomeExpensesNet": -8000000, "incomeBeforeTax": 2957000000, "incomeBeforeTaxRatio": 0.1318441234, "incomeTaxExpense": 657000000, "netIncome": 2300000000, "netIncomeRatio": 0.1025503834, "eps": 4.28, "epsdiluted": 4.27, "weightedAverageShsOut": 538000000, "weightedAverageShsOutDil": 539000000, "link": "https://www.sec.gov/Archives/edgar/data/92380/000009238020000024/0000092380-20-000024-index.htm", "finalLink": "https://www.sec.gov/Archives/edgar/data/92380/000009238020000024/luv-12312019x10k.htm", "calculatedOtherExpenses": 0, "calculatedOperatingExpenses": 3026000000, "calculatedNetInterest": 8000000, "calculatedOtherIncome": -8000000, "calculatedIncomeNonControlling": 0, "calculatedEbitda": 4258000000}, {"date": "2018-12-31", "symbol": "LUV", "reportedCurrency": "USD", "cik": "0000092380", "fillingDate": "2019-02-05", "acceptedDate": "2019-02-05 09:00:47", "calendarYear": "2018", "period": "FY", "revenue": 21965000000, "costOfRevenue": 15907000000, "grossProfit": 6058000000, "grossProfitRatio": 0.2758024129, "researchAndDevelopmentExpenses": 0, "generalAndAdministrativeExpenses": 2637000000, "sellingAndMarketingExpenses": 215000000, "sellingGeneralAndAdministrativeExpenses": 2852000000, "otherExpenses": 2852000000, "operatingExpenses": 2852000000, "costAndExpenses": 18759000000, "interestIncome": 69000000, "interestExpense": 93000000, "depreciationAndAmortization": 1252000000, "ebitda": 4458000000, "ebitdaratio": 0.2029592534, "operatingIncome": 3206000000, "operatingIncomeRatio": 0.145959481, "totalOtherIncomeExpensesNet": -42000000, "incomeBeforeTax": 3164000000, "incomeBeforeTaxRatio": 0.1440473481, "incomeTaxExpense": 699000000, "netIncome": 2465000000, "netIncomeRatio": 0.1122239927, "eps": 4.3, "epsdiluted": 4.29, "weightedAverageShsOut": 573000000, "weightedAverageShsOutDil": 574000000, "link": "https://www.sec.gov/Archives/edgar/data/92380/000009238019000022/0000092380-19-000022-index.htm", "finalLink": "https://www.sec.gov/Archives/edgar/data/92380/000009238019000022/luv-12312018x10k.htm", "calculatedOtherExpenses": 0, "calculatedOperatingExpenses": 2852000000, "calculatedNetInterest": -24000000, "calculatedOtherIncome": -18000000, "calculatedIncomeNonControlling": 0, "calculatedEbitda": 4458000000}, {"date": "2017-12-31", "symbol": "LUV", "reportedCurrency": "USD", "cik": "0000092380", "fillingDate": "2018-02-07", "acceptedDate": "2018-02-07 12:58:11", "calendarYear": "2017", "period": "FY", "revenue": 21171000000, "costOfRevenue": 14968000000, "grossProfit": 6203000000, "grossProfitRatio": 0.2929951349, "researchAndDevelopmentExpenses": 0, "generalAndAdministrativeExpenses": 2623000000, "sellingAndMarketingExpenses": 224000000, "sellingGeneralAndAdministrativeExpenses": 2847000000, "otherExpenses": -234000000, "operatingExpenses": 2688000000, "costAndExpenses": 17656000000, "interestIncome": 35000000, "interestExpense": 65000000, "depreciationAndAmortization": 1218000000, "ebitda": 4534000000, "ebitdaratio": 0.2141608804, "operatingIncome": 3515000000, "operatingIncomeRatio": 0.1660290019, "totalOtherIncomeExpensesNet": -234000000, "incomeBeforeTax": 3251000000, "incomeBeforeTaxRatio": 0.1535591139, "incomeTaxExpense": -237000000, "netIncome": 3488000000, "netIncomeRatio": 0.1647536725, "eps": 5.8, "epsdiluted": 5.78, "weightedAverageShsOut": 601000000, "weightedAverageShsOutDil": 603000000, "link": "https://www.sec.gov/Archives/edgar/data/92380/000009238018000031/0000092380-18-000031-index.htm", "finalLink": "https://www.sec.gov/Archives/edgar/data/92380/000009238018000031/luv-12312017x10k.htm", "calculatedOtherExpenses": -159000000, "calculatedOperatingExpenses": 2688000000, "calculatedNetInterest": -30000000, "calculatedOtherIncome": -234000000, "calculatedIncomeNonControlling": 0, "calculatedEbitda": 4733000000}, {"date": "2016-12-31", "symbol": "LUV", "reportedCurrency": "USD", "cik": "0000092380", "fillingDate": "2017-02-07", "acceptedDate": "2017-02-07 16:34:39", "calendarYear": "2016", "period": "FY", "revenue": 20425000000, "costOfRevenue": 14151000000, "grossProfit": 6274000000, "grossProfitRatio": 0.3071725826, "researchAndDevelopmentExpenses": 0, "generalAndAdministrativeExpenses": 2471000000, "sellingAndMarketingExpenses": 232000000, "sellingGeneralAndAdministrativeExpenses": 2703000000, "otherExpenses": -162000000, "operatingExpenses": 2514000000, "costAndExpenses": 16665000000, "interestIncome": 24000000, "interestExpense": 75000000, "depreciationAndAmortization": 1221000000, "ebitda": 4843000000, "ebitdaratio": 0.2371113831, "operatingIncome": 3760000000, "operatingIncomeRatio": 0.1840881273, "totalOtherIncomeExpensesNet": -162000000, "incomeBeforeTax": 3547000000, "incomeBeforeTaxRatio": 0.1736597307, "incomeTaxExpense": 1303000000, "netIncome": 2244000000, "netIncomeRatio": 0.1098653611, "eps": 3.58, "epsdiluted": 3.55, "weightedAverageShsOut": 627000000, "weightedAverageShsOutDil": 633000000, "link": "https://www.sec.gov/Archives/edgar/data/92380/000009238017000029/0000092380-17-000029-index.htm", "finalLink": "https://www.sec.gov/Archives/edgar/data/92380/000009238017000029/luv-12312016x10k.htm", "calculatedOtherExpenses": -189000000, "calculatedOperatingExpenses": 2514000000, "calculatedNetInterest": -51000000, "calculatedOtherIncome": -162000000, "calculatedIncomeNonControlling": 0, "calculatedEbitda": 4981000000}, {"date": "2015-12-31", "symbol": "LUV", "reportedCurrency": "USD", "cik": "0000092380", "fillingDate": "2016-02-03", "acceptedDate": "2016-02-02 19:09:00", "calendarYear": "2015", "period": "FY", "revenue": 19820000000, "costOfRevenue": 13423000000, "grossProfit": 6397000000, "grossProfitRatio": 0.3227547931, "researchAndDevelopmentExpenses": 0, "generalAndAdministrativeExpenses": 0, "sellingAndMarketingExpenses": 218000000, "sellingGeneralAndAdministrativeExpenses": 218000000, "otherExpenses": -556000000, "operatingExpenses": 2242000000, "costAndExpenses": 15665000000, "interestIncome": 9000000, "interestExpense": 90000000, "depreciationAndAmortization": 1015000000, "ebitda": 4623000000, "ebitdaratio": 0.2332492432, "operatingIncome": 4116000000, "operatingIncomeRatio": 0.2076690212, "totalOtherIncomeExpensesNet": -595000000, "incomeBeforeTax": 3479000000, "incomeBeforeTaxRatio": 0.1755297679, "incomeTaxExpense": 1298000000, "netIncome": 2181000000, "netIncomeRatio": 0.1100403633, "eps": 3.3, "epsdiluted": 3.26, "weightedAverageShsOut": 661000000, "weightedAverageShsOutDil": 669000000, "link": "https://www.sec.gov/Archives/edgar/data/92380/000009238016000175/0000092380-16-000175-index.htm", "finalLink": "https://www.sec.gov/Archives/edgar/data/92380/000009238016000175/luv-12312015x10k.htm", "calculatedOtherExpenses": 2063000000, "calculatedOperatingExpenses": 2281000000, "calculatedNetInterest": -81000000, "calculatedOtherIncome": -556000000, "calculatedIncomeNonControlling": 0, "calculatedEbitda": 5131000000}, {"date": "2014-12-31", "symbol": "LUV", "reportedCurrency": "USD", "cik": "0000092380", "fillingDate": "2015-02-06", "acceptedDate": "2015-02-06 15:40:48", "calendarYear": "2014", "period": "FY", "revenue": 18605000000, "costOfRevenue": 14049000000, "grossProfit": 4556000000, "grossProfitRatio": 0.2448804085, "researchAndDevelopmentExpenses": 0, "generalAndAdministrativeExpenses": 0, "sellingAndMarketingExpenses": 207000000, "sellingGeneralAndAdministrativeExpenses": 207000000, "otherExpenses": -309000000, "operatingExpenses": 2205000000, "costAndExpenses": 16254000000, "interestIncome": 7000000, "interestExpense": 107000000, "depreciationAndAmortization": 938000000, "ebitda": 2987000000, "ebitdaratio": 0.1605482397, "operatingIncome": 2225000000, "operatingIncomeRatio": 0.1195915077, "totalOtherIncomeExpensesNet": -435000000, "incomeBeforeTax": 1816000000, "incomeBeforeTaxRatio": 0.0976081698, "incomeTaxExpense": 680000000, "netIncome": 1136000000, "netIncomeRatio": 0.0610588551, "eps": 1.65, "epsdiluted": 1.63, "weightedAverageShsOut": 687000000, "weightedAverageShsOutDil": 696000000, "link": "https://www.sec.gov/Archives/edgar/data/92380/000009238015000027/0000092380-15-000027-index.htm", "finalLink": "https://www.sec.gov/Archives/edgar/data/92380/000009238015000027/luv-12312014x10k.htm", "calculatedOtherExpenses": 2124000000, "calculatedOperatingExpenses": 2331000000, "calculatedNetInterest": -100000000, "calculatedOtherIncome": -309000000, "calculatedIncomeNonControlling": 0, "calculatedEbitda": 3163000000}, {"date": "2013-12-31", "symbol": "LUV", "reportedCurrency": "USD", "cik": "0000092380", "fillingDate": "2014-02-04", "acceptedDate": "2014-02-03 20:12:25", "calendarYear": "2013", "period": "FY", "revenue": 17699000000, "costOfRevenue": 14209000000, "grossProfit": 3490000000, "grossProfitRatio": 0.1971862817, "researchAndDevelopmentExpenses": 0, "generalAndAdministrativeExpenses": 0, "sellingAndMarketingExpenses": 208000000, "sellingGeneralAndAdministrativeExpenses": 208000000, "otherExpenses": 32000000, "operatingExpenses": 2126000000, "costAndExpenses": 16335000000, "interestIncome": 6000000, "interestExpense": 107000000, "depreciationAndAmortization": 867000000, "ebitda": 2269000000, "ebitdaratio": 0.1281993333, "operatingIncome": 1278000000, "operatingIncomeRatio": 0.0722074693, "totalOtherIncomeExpensesNet": -54000000, "incomeBeforeTax": 1209000000, "incomeBeforeTaxRatio": 0.068308944, "incomeTaxExpense": 455000000, "netIncome": 754000000, "netIncomeRatio": 0.0426012769, "eps": 1.06, "epsdiluted": 1.05, "weightedAverageShsOut": 710000000, "weightedAverageShsOutDil": 718000000, "link": "https://www.sec.gov/Archives/edgar/data/92380/000009238014000010/0000092380-14-000010-index.htm", "finalLink": "https://www.sec.gov/Archives/edgar/data/92380/000009238014000010/luv-12312013x10k.htm", "calculatedOtherExpenses": 2004000000, "calculatedOperatingExpenses": 2212000000, "calculatedNetInterest": -101000000, "calculatedOtherIncome": 32000000, "calculatedIncomeNonControlling": 0, "calculatedEbitda": 2145000000}, {"date": "2012-12-31", "symbol": "LUV", "reportedCurrency": "USD", "cik": "0000092380", "fillingDate": "2013-02-07", "acceptedDate": "2013-02-06 19:28:58", "calendarYear": "2012", "period": "FY", "revenue": 17088000000, "costOfRevenue": 14243000000, "grossProfit": 2845000000, "grossProfitRatio": 0.1664911049, "researchAndDevelopmentExpenses": 0, "generalAndAdministrativeExpenses": 0, "sellingAndMarketingExpenses": 223000000, "sellingGeneralAndAdministrativeExpenses": 223000000, "otherExpenses": 181000000, "operatingExpenses": 2039000000, "costAndExpenses": 16282000000, "interestIncome": 7000000, "interestExpense": 126000000, "depreciationAndAmortization": 844000000, "ebitda": 1838000000, "ebitdaratio": 0.1075608614, "operatingIncome": 623000000, "operatingIncomeRatio": 0.0364583333, "totalOtherIncomeExpensesNet": -2000000, "incomeBeforeTax": 685000000, "incomeBeforeTaxRatio": 0.0400866105, "incomeTaxExpense": 264000000, "netIncome": 421000000, "netIncomeRatio": 0.0246371723, "eps": 0.56, "epsdiluted": 0.56, "weightedAverageShsOut": 750000000, "weightedAverageShsOutDil": 757000000, "link": "https://www.sec.gov/Archives/edgar/data/92380/000119312513041608/0001193125-13-041608-index.htm", "finalLink": "https://www.sec.gov/Archives/edgar/data/92380/000119312513041608/d480533d10k.htm", "calculatedOtherExpenses": 1999000000, "calculatedOperatingExpenses": 2222000000, "calculatedNetInterest": -119000000, "calculatedOtherIncome": 181000000, "calculatedIncomeNonControlling": 0, "calculatedEbitda": 1467000000}, {"date": "2011-12-31", "symbol": "LUV", "reportedCurrency": "USD", "cik": "0000092380", "fillingDate": "2012-02-09", "acceptedDate": "2012-02-09 17:23:28", "calendarYear": "2011", "period": "FY", "revenue": 15658000000, "costOfRevenue": 7866000000, "grossProfit": 7792000000, "grossProfitRatio": 0.4976369907, "researchAndDevelopmentExpenses": 0, "generalAndAdministrativeExpenses": 4371000000, "sellingAndMarketingExpenses": 0, "sellingGeneralAndAdministrativeExpenses": 4371000000, "otherExpenses": 2594000000, "operatingExpenses": 6965000000, "costAndExpenses": 14831000000, "interestIncome": 10000000, "interestExpense": 182000000, "depreciationAndAmortization": 715000000, "ebitda": 1552000000, "ebitdaratio": 0.0991186614, "operatingIncome": 693000000, "operatingIncomeRatio": 0.044258526, "totalOtherIncomeExpensesNet": -332000000, "incomeBeforeTax": 323000000, "incomeBeforeTaxRatio": 0.0206284328, "incomeTaxExpense": 145000000, "netIncome": 178000000, "netIncomeRatio": 0.0113679908, "eps": 0.23, "epsdiluted": 0.23, "weightedAverageShsOut": 774000000, "weightedAverageShsOutDil": 775000000, "link": "https://www.sec.gov/Archives/edgar/data/92380/000119312512049647/0001193125-12-049647-index.htm", "finalLink": "https://www.sec.gov/Archives/edgar/data/92380/000119312512049647/d293991d10k.htm", "calculatedOtherExpenses": 2728000000, "calculatedOperatingExpenses": 7099000000, "calculatedNetInterest": -172000000, "calculatedOtherIncome": -198000000, "calculatedIncomeNonControlling": 0, "calculatedEbitda": 1408000000}, {"date": "2010-12-31", "symbol": "LUV", "reportedCurrency": "USD", "cik": "0000092380", "fillingDate": "2011-02-08", "acceptedDate": "2011-02-07 19:13:03", "calendarYear": "2010", "period": "FY", "revenue": 12104000000, "costOfRevenue": 3384000000, "grossProfit": 8720000000, "grossProfitRatio": 0.7204230007, "researchAndDevelopmentExpenses": 0, "generalAndAdministrativeExpenses": 3704000000, "sellingAndMarketingExpenses": 0, "sellingGeneralAndAdministrativeExpenses": 3704000000, "otherExpenses": 2054000000, "operatingExpenses": 5758000000, "costAndExpenses": 9142000000, "interestIncome": 30000000, "interestExpense": 167000000, "depreciationAndAmortization": 628000000, "ebitda": 1646000000, "ebitdaratio": 0.1359881031, "operatingIncome": 988000000, "operatingIncomeRatio": 0.0816259088, "totalOtherIncomeExpensesNet": -106000000, "incomeBeforeTax": 745000000, "incomeBeforeTaxRatio": 0.0615499009, "incomeTaxExpense": 286000000, "netIncome": 459000000, "netIncomeRatio": 0.0379213483, "eps": 0.62, "epsdiluted": 0.61, "weightedAverageShsOut": 746000000, "weightedAverageShsOutDil": 747000000, "link": "https://www.sec.gov/Archives/edgar/data/92380/000119312511026045/0001193125-11-026045-index.htm", "finalLink": "https://www.sec.gov/Archives/edgar/data/92380/000119312511026045/d10k.htm", "calculatedOtherExpenses": 4028000000, "calculatedOperatingExpenses": 7732000000, "calculatedNetInterest": -137000000, "calculatedOtherIncome": -106000000, "calculatedIncomeNonControlling": 0, "calculatedEbitda": 1616000000}, {"date": "2009-12-31", "symbol": "LUV", "reportedCurrency": "USD", "cik": "0000092380", "fillingDate": "2010-01-29", "acceptedDate": "2010-01-29 17:14:04", "calendarYear": "2009", "period": "FY", "revenue": 10350000000, "costOfRevenue": 2859000000, "grossProfit": 7491000000, "grossProfitRatio": 0.7237681159, "researchAndDevelopmentExpenses": 0, "generalAndAdministrativeExpenses": 3468000000, "sellingAndMarketingExpenses": 0, "sellingGeneralAndAdministrativeExpenses": 3468000000, "otherExpenses": 1953000000, "operatingExpenses": 5421000000, "costAndExpenses": 8280000000, "interestIncome": 13000000, "interestExpense": 165000000, "depreciationAndAmortization": 616000000, "ebitda": 891000000, "ebitdaratio": 0.0860869565, "operatingIncome": 262000000, "operatingIncomeRatio": 0.0253140097, "totalOtherIncomeExpensesNet": 54000000, "incomeBeforeTax": 164000000, "incomeBeforeTaxRatio": 0.0158454106, "incomeTaxExpense": 65000000, "netIncome": 99000000, "netIncomeRatio": 0.0095652174, "eps": 0.13, "epsdiluted": 0.13, "weightedAverageShsOut": 741000000, "weightedAverageShsOutDil": 741000000, "link": "https://www.sec.gov/Archives/edgar/data/92380/000119312510017191/0001193125-10-017191-index.htm", "finalLink": "https://www.sec.gov/Archives/edgar/data/92380/000119312510017191/d10k.htm", "calculatedOtherExpenses": 3761000000, "calculatedOperatingExpenses": 7229000000, "calculatedNetInterest": -152000000, "calculatedOtherIncome": 54000000, "calculatedIncomeNonControlling": 0, "calculatedEbitda": 878000000}, {"date": "2008-12-31", "symbol": "LUV", "reportedCurrency": "USD", "cik": "0000092380", "fillingDate": "2009-02-02", "acceptedDate": "2009-01-30 19:54:01", "calendarYear": "2008", "period": "FY", "revenue": 11023000000, "costOfRevenue": 3618000000, "grossProfit": 7405000000, "grossProfitRatio": 0.6717771931, "researchAndDevelopmentExpenses": 0, "generalAndAdministrativeExpenses": 4156000000, "sellingAndMarketingExpenses": 0, "sellingGeneralAndAdministrativeExpenses": 4156000000, "otherExpenses": 1984000000, "operatingExpenses": 9758000000, "costAndExpenses": 9758000000, "interestIncome": 51000000, "interestExpense": 130000000, "depreciationAndAmortization": 587000000, "ebitda": 1772000000, "ebitdaratio": 0.1607547854, "operatingIncome": 449000000, "operatingIncomeRatio": 0.0407330128, "totalOtherIncomeExpensesNet": 92000000, "incomeBeforeTax": 278000000, "incomeBeforeTaxRatio": 0.0252199946, "incomeTaxExpense": 100000000, "netIncome": 178000000, "netIncomeRatio": 0.0161480541, "eps": 0.24, "epsdiluted": 0.24, "weightedAverageShsOut": 735000000, "weightedAverageShsOutDil": 739000000, "link": "https://www.sec.gov/Archives/edgar/data/92380/000119312509015591/0001193125-09-015591-index.htm", "finalLink": "https://www.sec.gov/Archives/edgar/data/92380/000119312509015591/d10k.htm", "calculatedOtherExpenses": 2800000000, "calculatedOperatingExpenses": 6956000000, "calculatedNetInterest": -79000000, "calculatedOtherIncome": -92000000, "calculatedIncomeNonControlling": 0, "calculatedEbitda": 1036000000}, {"date": "2007-12-31", "symbol": "LUV", "reportedCurrency": "USD", "cik": "0000092380", "fillingDate": "2008-02-04", "acceptedDate": "2008-02-04 12:25:23", "calendarYear": "2007", "period": "FY", "revenue": 9861000000, "costOfRevenue": 6018000000, "grossProfit": 3843000000, "grossProfitRatio": 0.3897170672, "researchAndDevelopmentExpenses": 0, "generalAndAdministrativeExpenses": 3929000000, "sellingAndMarketingExpenses": 0, "sellingGeneralAndAdministrativeExpenses": 3929000000, "otherExpenses": 5857000000, "operatingExpenses": 9786000000, "costAndExpenses": 15804000000, "interestIncome": -44000000, "interestExpense": 119000000, "depreciationAndAmortization": 555000000, "ebitda": -5196000000, "ebitdaratio": -0.526924247, "operatingIncome": 791000000, "operatingIncomeRatio": 0.0802149883, "totalOtherIncomeExpensesNet": -192000000, "incomeBeforeTax": 1058000000, "incomeBeforeTaxRatio": 0.1072913498, "incomeTaxExpense": 413000000, "netIncome": 645000000, "netIncomeRatio": 0.0654091877, "eps": 0.85, "epsdiluted": 0.84, "weightedAverageShsOut": 758823529, "weightedAverageShsOutDil": 767857143, "link": "https://www.sec.gov/Archives/edgar/data/92380/000095013408001572/0000950134-08-001572-index.htm", "finalLink": "https://www.sec.gov/Archives/edgar/data/92380/000095013408001572/d53331e10vk.htm", "calculatedOtherExpenses": -877000000, "calculatedOperatingExpenses": 3052000000, "calculatedNetInterest": -163000000, "calculatedOtherIncome": 430000000, "calculatedIncomeNonControlling": 0, "calculatedEbitda": 1346000000}, {"date": "2006-12-31", "symbol": "LUV", "reportedCurrency": "USD", "cik": "0000092380", "fillingDate": "2007-02-01", "acceptedDate": "2007-02-01 06:03:01", "calendarYear": "2006", "period": "FY", "revenue": 9086000000, "costOfRevenue": 5238000000, "grossProfit": 3848000000, "grossProfitRatio": 0.4235086947, "researchAndDevelopmentExpenses": 0, "generalAndAdministrativeExpenses": 3705000000, "sellingAndMarketingExpenses": 0, "sellingGeneralAndAdministrativeExpenses": 3705000000, "otherExpenses": 5100000000, "operatingExpenses": 8805000000, "costAndExpenses": 14043000000, "interestIncome": -84000000, "interestExpense": 128000000, "depreciationAndAmortization": 515000000, "ebitda": -4630000000, "ebitdaratio": -0.5095751706, "operatingIncome": 934000000, "operatingIncomeRatio": 0.1027955096, "totalOtherIncomeExpensesNet": 188000000, "incomeBeforeTax": 790000000, "incomeBeforeTaxRatio": 0.0869469514, "incomeTaxExpense": 291000000, "netIncome": 499000000, "netIncomeRatio": 0.0549196566, "eps": 0.63, "epsdiluted": 0.61, "weightedAverageShsOut": 792063492, "weightedAverageShsOutDil": 818032787, "link": "https://www.sec.gov/Archives/edgar/data/92380/000095013407001724/0000950134-07-001724-index.htm", "finalLink": "https://www.sec.gov/Archives/edgar/data/92380/000095013407001724/d42975e10vk.htm", "calculatedOtherExpenses": -791000000, "calculatedOperatingExpenses": 2914000000, "calculatedNetInterest": -212000000, "calculatedOtherIncome": 68000000, "calculatedIncomeNonControlling": 0, "calculatedEbitda": 1449000000}, {"date": "2005-12-31", "symbol": "LUV", "reportedCurrency": "USD", "cik": "0000092380", "fillingDate": "2006-02-01", "acceptedDate": "2006-01-31 20:32:27", "calendarYear": "2005", "period": "FY", "revenue": 7584000000, "costOfRevenue": 4210000000, "grossProfit": 3374000000, "grossProfitRatio": 0.4448839662, "researchAndDevelopmentExpenses": 0, "generalAndAdministrativeExpenses": 3319000000, "sellingAndMarketingExpenses": 0, "sellingGeneralAndAdministrativeExpenses": 3319000000, "otherExpenses": 4062000000, "operatingExpenses": 7381000000, "costAndExpenses": 11591000000, "interestIncome": -47000000, "interestExpense": 122000000, "depreciationAndAmortization": 469000000, "ebitda": -3559000000, "ebitdaratio": -0.4692774262, "operatingIncome": 820000000, "operatingIncomeRatio": 0.1081223629, "totalOtherIncomeExpensesNet": 21000000, "incomeBeforeTax": 874000000, "incomeBeforeTaxRatio": 0.115242616, "incomeTaxExpense": 326000000, "netIncome": 548000000, "netIncomeRatio": 0.072257384, "eps": 0.69, "epsdiluted": 0.68, "weightedAverageShsOut": 793442623, "weightedAverageShsOutDil": 806666667, "link": "https://www.sec.gov/Archives/edgar/data/92380/000095013406001553/0000950134-06-001553-index.htm", "finalLink": "https://www.sec.gov/Archives/edgar/data/92380/000095013406001553/d32370e10vk.htm", "calculatedOtherExpenses": -765000000, "calculatedOperatingExpenses": 2554000000, "calculatedNetInterest": -169000000, "calculatedOtherIncome": 223000000, "calculatedIncomeNonControlling": 0, "calculatedEbitda": 1289000000}, {"date": "2004-12-31", "symbol": "LUV", "reportedCurrency": "USD", "cik": "0000092380", "fillingDate": "2005-02-04", "acceptedDate": "2005-02-04 15:24:39", "calendarYear": "2004", "period": "FY", "revenue": 6530000000, "costOfRevenue": 3687000000, "grossProfit": 2843000000, "grossProfitRatio": 0.4353751914, "researchAndDevelopmentExpenses": 0, "generalAndAdministrativeExpenses": 3034000000, "sellingAndMarketingExpenses": -2000000, "sellingGeneralAndAdministrativeExpenses": 3032000000, "otherExpenses": 3531000000, "operatingExpenses": 6563000000, "costAndExpenses": 10250000000, "interestIncome": -21000000, "interestExpense": 88000000, "depreciationAndAmortization": 431000000, "ebitda": -3421000000, "ebitdaratio": -0.5238897397, "operatingIncome": 554000000, "operatingIncomeRatio": 0.0848392037, "totalOtherIncomeExpensesNet": 132000000, "incomeBeforeTax": 489000000, "incomeBeforeTaxRatio": 0.0748851455, "incomeTaxExpense": 176000000, "netIncome": 313000000, "netIncomeRatio": 0.0479326187, "eps": 0.4, "epsdiluted": 0.38, "weightedAverageShsOut": 782500000, "weightedAverageShsOutDil": 823684211, "link": "https://www.sec.gov/Archives/edgar/data/92380/000095013405002093/0000950134-05-002093-index.htm", "finalLink": "https://www.sec.gov/Archives/edgar/data/92380/000095013405002093/d21965e10vk.htm", "calculatedOtherExpenses": -743000000, "calculatedOperatingExpenses": 2289000000, "calculatedNetInterest": -109000000, "calculatedOtherIncome": 44000000, "calculatedIncomeNonControlling": 0, "calculatedEbitda": 985000000}, {"date": "2003-12-31", "symbol": "LUV", "reportedCurrency": "USD", "cik": "0000092380", "fillingDate": "2004-01-29", "acceptedDate": "2004-01-29 09:32:47", "calendarYear": "2003", "period": "FY", "revenue": 5937000000, "costOfRevenue": 3353000000, "grossProfit": 2584000000, "grossProfitRatio": 0.4352366515, "researchAndDevelopmentExpenses": 0, "generalAndAdministrativeExpenses": 2875000000, "sellingAndMarketingExpenses": -48000000, "sellingGeneralAndAdministrativeExpenses": 2827000000, "otherExpenses": 3566000000, "operatingExpenses": 6393000000, "costAndExpenses": 9746000000, "interestIncome": -24000000, "interestExpense": 91000000, "depreciationAndAmortization": 384000000, "ebitda": -3267000000, "ebitdaratio": -0.5502779181, "operatingIncome": 483000000, "operatingIncomeRatio": 0.0813542193, "totalOtherIncomeExpensesNet": -158000000, "incomeBeforeTax": 708000000, "incomeBeforeTaxRatio": 0.1192521475, "incomeTaxExpense": 266000000, "netIncome": 442000000, "netIncomeRatio": 0.0744483746, "eps": 0.57, "epsdiluted": 0.55, "weightedAverageShsOut": 775000000, "weightedAverageShsOutDil": 808695652, "link": "https://www.sec.gov/Archives/edgar/data/92380/000095013404000842/0000950134-04-000842-index.htm", "finalLink": "https://www.sec.gov/Archives/edgar/data/92380/000095013404000842/d11818e10vk.htm", "calculatedOtherExpenses": -726000000, "calculatedOperatingExpenses": 2101000000, "calculatedNetInterest": -115000000, "calculatedOtherIncome": 340000000, "calculatedIncomeNonControlling": 0, "calculatedEbitda": 867000000}, {"date": "2002-12-31", "symbol": "LUV", "reportedCurrency": "USD", "cik": "0000092380", "fillingDate": "2003-02-05", "acceptedDate": "2003-02-05 15:23:06", "calendarYear": "2002", "period": "FY", "revenue": 5521771000, "costOfRevenue": 3232627000, "grossProfit": 2289144000, "grossProfitRatio": 0.4145669931, "researchAndDevelopmentExpenses": 0, "generalAndAdministrativeExpenses": 2578806000, "sellingAndMarketingExpenses": -54669000, "sellingGeneralAndAdministrativeExpenses": 2524137000, "otherExpenses": 3111948000, "operatingExpenses": 5636085000, "costAndExpenses": 8868712000, "interestIncome": 0, "interestExpense": 0, "depreciationAndAmortization": 356304000, "ebitda": -3035040000, "ebitdaratio": -0.549649741, "operatingIncome": 417338000, "operatingIncomeRatio": 0.0755804614, "totalOtherIncomeExpensesNet": 44403000, "incomeBeforeTax": 392682000, "incomeBeforeTaxRatio": 0.0711152273, "incomeTaxExpense": 151713000, "netIncome": 240969000, "netIncomeRatio": 0.0436398032, "eps": 0.24, "epsdiluted": 0.24, "weightedAverageShsOut": 1004166667, "weightedAverageShsOutDil": 1004166667, "link": "https://www.sec.gov/Archives/edgar/data/92380/000095013403001681/0000950134-03-001681-index.htm", "finalLink": "https://www.sec.gov/Archives/edgar/data/92380/000095013403001681/d02829e10vk.txt", "calculatedOtherExpenses": -652331000, "calculatedOperatingExpenses": 1871806000, "calculatedNetInterest": 0, "calculatedOtherIncome": -24656000, "calculatedIncomeNonControlling": 0, "calculatedEbitda": 773642000}, {"date": "2001-12-31", "symbol": "LUV", "reportedCurrency": "USD", "cik": "0000092380", "fillingDate": "2002-02-04", "acceptedDate": "2002-02-04 00:00:00", "calendarYear": "2001", "period": "FY", "revenue": 5555174000, "costOfRevenue": 3150046000, "grossProfit": 2405128000, "grossProfitRatio": 0.4329527752, "researchAndDevelopmentExpenses": 0, "generalAndAdministrativeExpenses": 2462429000, "sellingAndMarketingExpenses": -103014000, "sellingGeneralAndAdministrativeExpenses": 2359415000, "otherExpenses": 3067764000, "operatingExpenses": 5427179000, "costAndExpenses": 8577225000, "interestIncome": 0, "interestExpense": 0, "depreciationAndAmortization": 317831000, "ebitda": -2928022000, "ebitdaratio": -0.5270801599, "operatingIncome": 631122000, "operatingIncomeRatio": 0.1136097627, "totalOtherIncomeExpensesNet": 223802000, "incomeBeforeTax": 827659000, "incomeBeforeTaxRatio": 0.1489888526, "incomeTaxExpense": 316512000, "netIncome": 511147000, "netIncomeRatio": 0.0920127794, "eps": 0.67, "epsdiluted": 0.63, "weightedAverageShsOut": 762905970, "weightedAverageShsOutDil": 811344444, "link": "https://www.sec.gov/Archives/edgar/data/92380/000095013402000776/0000950134-02-000776-index.htm", "finalLink": "https://www.sec.gov/Archives/edgar/data/92380/000095013402000776/d93658e10-k.txt", "calculatedOtherExpenses": -585409000, "calculatedOperatingExpenses": 1774006000, "calculatedNetInterest": 0, "calculatedOtherIncome": 196537000, "calculatedIncomeNonControlling": 0, "calculatedEbitda": 948953000}, {"date": "2000-12-31", "symbol": "LUV", "reportedCurrency": "USD", "cik": "0000092380", "fillingDate": "2001-01-26", "acceptedDate": "2001-01-26 00:00:00", "calendarYear": "2000", "period": "FY", "revenue": 5649560000, "costOfRevenue": 2965575000, "grossProfit": 2683985000, "grossProfitRatio": 0.4750785902, "researchAndDevelopmentExpenses": 0, "generalAndAdministrativeExpenses": 2304432000, "sellingAndMarketingExpenses": -159309000, "sellingGeneralAndAdministrativeExpenses": 2145123000, "otherExpenses": 2944726000, "operatingExpenses": 5089849000, "costAndExpenses": 8055424000, "interestIncome": 0, "interestExpense": 0, "depreciationAndAmortization": 281276000, "ebitda": -2150624000, "ebitdaratio": -0.3806710611, "operatingIncome": 1021145000, "operatingIncomeRatio": 0.1807477042, "totalOtherIncomeExpensesNet": 26036000, "incomeBeforeTax": 1017364000, "incomeBeforeTaxRatio": 0.1800784486, "incomeTaxExpense": 392140000, "netIncome": 603093000, "netIncomeRatio": 0.1067504372, "eps": 0.81, "epsdiluted": 0.76, "weightedAverageShsOut": 745238095, "weightedAverageShsOutDil": 792405063, "link": "https://www.sec.gov/Archives/edgar/data/92380/000095013401000502/0000950134-01-000502-index.htm", "finalLink": "https://www.sec.gov/Archives/edgar/data/92380/000095013401000502/d83557e10-k.txt", "calculatedOtherExpenses": -482283000, "calculatedOperatingExpenses": 1662840000, "calculatedNetInterest": 0, "calculatedOtherIncome": -3781000, "calculatedIncomeNonControlling": 22131000, "calculatedEbitda": 1302421000}, {"date": "1999-12-31", "symbol": "LUV", "reportedCurrency": "USD", "cik": "0000092380", "fillingDate": "2000-03-28", "acceptedDate": "2000-03-28 00:00:00", "calendarYear": "1999", "period": "FY", "revenue": 4735587000, "costOfRevenue": 2535300000, "grossProfit": 2200287000, "grossProfitRatio": 0.4646281443, "researchAndDevelopmentExpenses": 0, "generalAndAdministrativeExpenses": 2053337000, "sellingAndMarketingExpenses": -156400000, "sellingGeneralAndAdministrativeExpenses": 1896937000, "otherExpenses": 2498774000, "operatingExpenses": 4395711000, "costAndExpenses": 6931011000, "interestIncome": 0, "interestExpense": 0, "depreciationAndAmortization": 248660000, "ebitda": -1967744000, "ebitdaratio": -0.4155227219, "operatingIncome": 781576000, "operatingIncomeRatio": 0.1650431087, "totalOtherIncomeExpensesNet": 20980000, "incomeBeforeTax": 773611000, "incomeBeforeTaxRatio": 0.163361163, "incomeTaxExpense": 299233000, "netIncome": 474378000, "netIncomeRatio": 0.1001730092, "eps": 0.63, "epsdiluted": 0.59, "weightedAverageShsOut": 753968254, "weightedAverageShsOutDil": 805084746, "link": "https://www.sec.gov/Archives/edgar/data/92380/000095013400002530/0000950134-00-002530-index.html", "finalLink": "https://www.sec.gov/Archives/edgar/data/92380/000095013400002530/", "calculatedOtherExpenses": -478226000, "calculatedOperatingExpenses": 1418711000, "calculatedNetInterest": 0, "calculatedOtherIncome": -7965000, "calculatedIncomeNonControlling": 0, "calculatedEbitda": 1030236000}, {"date": "1998-12-31", "symbol": "LUV", "reportedCurrency": "USD", "cik": "0000092380", "fillingDate": "1999-03-26", "acceptedDate": "1999-03-26 00:00:00", "calendarYear": "1998", "period": "FY", "revenue": 4163980000, "costOfRevenue": 2228503000, "grossProfit": 1935477000, "grossProfitRatio": 0.4648141922, "researchAndDevelopmentExpenses": 0, "generalAndAdministrativeExpenses": 2018600000, "sellingAndMarketingExpenses": -157800000, "sellingGeneralAndAdministrativeExpenses": 1860800000, "otherExpenses": 2036669000, "operatingExpenses": 3897469000, "costAndExpenses": 6125972000, "interestIncome": 0, "interestExpense": 0, "depreciationAndAmortization": 225212000, "ebitda": -1740472000, "ebitdaratio": -0.4179827953, "operatingIncome": 683611000, "operatingIncomeRatio": 0.1641724984, "totalOtherIncomeExpensesNet": 3692000, "incomeBeforeTax": 705112000, "incomeBeforeTaxRatio": 0.1693360679, "incomeTaxExpense": 271681000, "netIncome": 433431000, "netIncomeRatio": 0.1040905576, "eps": 0.58, "epsdiluted": 0.55, "weightedAverageShsOut": 747294828, "weightedAverageShsOutDil": 792861585, "link": "https://www.sec.gov/Archives/edgar/data/92380/000095013499002046/0000950134-99-002046-index.html", "finalLink": "https://www.sec.gov/Archives/edgar/data/92380/", "calculatedOtherExpenses": -608934000, "calculatedOperatingExpenses": 1251866000, "calculatedNetInterest": 0, "calculatedOtherIncome": 21501000, "calculatedIncomeNonControlling": 0, "calculatedEbitda": 908823000}, {"date": "1997-12-31", "symbol": "LUV", "reportedCurrency": "USD", "cik": "0000092380", "fillingDate": "1998-03-19", "acceptedDate": "1998-03-19 00:00:00", "calendarYear": "1997", "period": "FY", "revenue": 3816821000, "costOfRevenue": 2204000000, "grossProfit": 1612821000, "grossProfitRatio": 0.422556101, "researchAndDevelopmentExpenses": 0, "generalAndAdministrativeExpenses": 1699542000, "sellingAndMarketingExpenses": -157200000, "sellingGeneralAndAdministrativeExpenses": 1542342000, "otherExpenses": 2156043000, "operatingExpenses": 3698385000, "costAndExpenses": 5902385000, "interestIncome": 0, "interestExpense": 0, "depreciationAndAmortization": 195568000, "ebitda": -1909554000, "ebitdaratio": -0.5002995949, "operatingIncome": 524236000, "operatingIncomeRatio": 0.1373488565, "totalOtherIncomeExpensesNet": 19558000, "incomeBeforeTax": 516956000, "incomeBeforeTaxRatio": 0.1354415101, "incomeTaxExpense": 199184000, "netIncome": 317772000, "netIncomeRatio": 0.0832556727, "eps": 0.43, "epsdiluted": 0.41, "weightedAverageShsOut": 739641724, "weightedAverageShsOutDil": 766057500, "link": "https://www.sec.gov/Archives/edgar/data/92380/000095013498002150/0000950134-98-002150-index.html", "finalLink": "https://www.sec.gov/Archives/edgar/data/92380/", "calculatedOtherExpenses": -453757000, "calculatedOperatingExpenses": 1088585000, "calculatedNetInterest": 0, "calculatedOtherIncome": -7280000, "calculatedIncomeNonControlling": 0, "calculatedEbitda": 719804000}, {"date": "1996-12-31", "symbol": "LUV", "reportedCurrency": "USD", "cik": "0000092380", "fillingDate": "1997-03-21", "acceptedDate": "1997-03-21 00:00:00", "calendarYear": "1996", "period": "FY", "revenue": 3406170000, "costOfRevenue": 2107300000, "grossProfit": 1298870000, "grossProfitRatio": 0.381328589, "researchAndDevelopmentExpenses": 0, "generalAndAdministrativeExpenses": 1659800000, "sellingAndMarketingExpenses": -140900000, "sellingGeneralAndAdministrativeExpenses": 1518900000, "otherExpenses": 1914735000, "operatingExpenses": 3433635000, "costAndExpenses": 5540935000, "interestIncome": 0, "interestExpense": 0, "depreciationAndAmortization": 183470000, "ebitda": -1994240000, "ebitdaratio": -0.5854787048, "operatingIncome": 350835000, "operatingIncomeRatio": 0.1029998503, "totalOtherIncomeExpensesNet": 42945000, "incomeBeforeTax": 341362000, "incomeBeforeTaxRatio": 0.1002187207, "incomeTaxExpense": 134025000, "netIncome": 207337000, "netIncomeRatio": 0.0608710076, "eps": 0.27, "epsdiluted": 0.27, "weightedAverageShsOut": 766163184, "weightedAverageShsOutDil": 779130435, "link": "https://www.sec.gov/Archives/edgar/data/92380/000095013497002019/0000950134-97-002019-index.html", "finalLink": "https://www.sec.gov/Archives/edgar/data/92380/", "calculatedOtherExpenses": -570865000, "calculatedOperatingExpenses": 948035000, "calculatedNetInterest": 0, "calculatedOtherIncome": -9473000, "calculatedIncomeNonControlling": 0, "calculatedEbitda": 534305000}, {"date": "1995-12-31", "symbol": "LUV", "reportedCurrency": "USD", "cik": "0000092380", "fillingDate": "1996-03-28", "acceptedDate": "1996-03-28 00:00:00", "calendarYear": "1995", "period": "FY", "revenue": 2872751000, "costOfRevenue": 1748000000, "grossProfit": 1124751000, "grossProfitRatio": 0.391524013, "researchAndDevelopmentExpenses": 0, "generalAndAdministrativeExpenses": 1444600000, "sellingAndMarketingExpenses": -123400000, "sellingGeneralAndAdministrativeExpenses": 1321200000, "otherExpenses": 1567820000, "operatingExpenses": 2889020000, "costAndExpenses": 4637020000, "interestIncome": 0, "interestExpense": 0, "depreciationAndAmortization": 156771000, "ebitda": -1654604000, "ebitdaratio": -0.5759649897, "operatingIncome": 313531000, "operatingIncomeRatio": 0.1091396365, "totalOtherIncomeExpensesNet": 47106000, "incomeBeforeTax": 305140000, "incomeBeforeTaxRatio": 0.1062187429, "incomeTaxExpense": 122514000, "netIncome": 182626000, "netIncomeRatio": 0.0635718167, "eps": 0.25, "epsdiluted": 0.25, "weightedAverageShsOut": 730400000, "weightedAverageShsOutDil": 730400000, "link": "https://www.sec.gov/Archives/edgar/data/92380/000095013496000944/0000950134-96-000944-index.html", "finalLink": "https://www.sec.gov/Archives/edgar/data/92380/", "calculatedOtherExpenses": -509980000, "calculatedOperatingExpenses": 811220000, "calculatedNetInterest": 0, "calculatedOtherIncome": -8391000, "calculatedIncomeNonControlling": 0, "calculatedEbitda": 470302000}, {"date": "1994-12-31", "symbol": "LUV", "reportedCurrency": "USD", "cik": "0000092380", "fillingDate": "1995-03-30", "acceptedDate": "1995-03-30 00:00:00", "calendarYear": "1994", "period": "FY", "revenue": 2591933000, "costOfRevenue": 1526200000, "grossProfit": 1065733000, "grossProfitRatio": 0.4111730512, "researchAndDevelopmentExpenses": 0, "generalAndAdministrativeExpenses": 1339500000, "sellingAndMarketingExpenses": -151200000, "sellingGeneralAndAdministrativeExpenses": 1188300000, "otherExpenses": 1368024000, "operatingExpenses": 2556324000, "costAndExpenses": 4082524000, "interestIncome": 0, "interestExpense": 0, "depreciationAndAmortization": 139045000, "ebitda": -1412934000, "ebitdaratio": -0.5451275168, "operatingIncome": 316709000, "operatingIncomeRatio": 0.1221902727, "totalOtherIncomeExpensesNet": 61388000, "incomeBeforeTax": 299523000, "incomeBeforeTaxRatio": 0.1155597, "incomeTaxExpense": 120192000, "netIncome": 179331000, "netIncomeRatio": 0.069188131, "eps": 0.24, "epsdiluted": 0.24, "weightedAverageShsOut": 747083333, "weightedAverageShsOutDil": 747083333, "link": "https://www.sec.gov/Archives/edgar/data/92380/000093066195000050/0000930661-95-000050-index.html", "finalLink": "https://www.sec.gov/Archives/edgar/data/92380/", "calculatedOtherExpenses": -439276000, "calculatedOperatingExpenses": 749024000, "calculatedNetInterest": 0, "calculatedOtherIncome": -17186000, "calculatedIncomeNonControlling": 0, "calculatedEbitda": 455754000}, {"date": "1993-12-31", "symbol": "LUV", "reportedCurrency": "USD", "cik": "0000092380", "fillingDate": "1993-12-31", "acceptedDate": "1993-12-30 19:00:00", "calendarYear": "1993", "period": "FY", "revenue": 2296700000, "costOfRevenue": 1098700000, "grossProfit": 1198000000, "grossProfitRatio": 0.5216179736, "researchAndDevelopmentExpenses": 0, "generalAndAdministrativeExpenses": 0, "sellingAndMarketingExpenses": 0, "sellingGeneralAndAdministrativeExpenses": 786700000, "otherExpenses": 119300000, "operatingExpenses": 906000000, "costAndExpenses": 2004700000, "interestIncome": 0, "interestExpense": 0, "depreciationAndAmortization": -119300000, "ebitda": 402900000, "ebitdaratio": 0.1754256107, "operatingIncome": 292000000, "operatingIncomeRatio": 0.1271389385, "totalOtherIncomeExpensesNet": 8400000, "incomeBeforeTax": 259700000, "incomeBeforeTaxRatio": 0.1130752819, "incomeTaxExpense": 105400000, "netIncome": 169600000, "netIncomeRatio": 0.0738450821, "eps": 0.23, "epsdiluted": 0.23, "weightedAverageShsOut": 737391304, "weightedAverageShsOutDil": 737391304, "link": "", "finalLink": "", "calculatedOtherExpenses": 119300000, "calculatedOperatingExpenses": 906000000, "calculatedNetInterest": 0, "calculatedOtherIncome": -32300000, "calculatedIncomeNonControlling": -15300000, "calculatedEbitda": 172700000}, {"date": "1992-12-31", "symbol": "LUV", "reportedCurrency": "USD", "cik": "0000092380", "fillingDate": "1992-12-31", "acceptedDate": "1992-12-30 19:00:00", "calendarYear": "1992", "period": "FY", "revenue": 1685200000, "costOfRevenue": 793100000, "grossProfit": 892100000, "grossProfitRatio": 0.5293733681, "researchAndDevelopmentExpenses": 0, "generalAndAdministrativeExpenses": 0, "sellingAndMarketingExpenses": 0, "sellingGeneralAndAdministrativeExpenses": 608200000, "otherExpenses": 101200000, "operatingExpenses": 709400000, "costAndExpenses": 1502500000, "interestIncome": 0, "interestExpense": 0, "depreciationAndAmortization": -101200000, "ebitda": 276100000, "ebitdaratio": 0.1638381201, "operatingIncome": 182700000, "operatingIncomeRatio": 0.1084144315, "totalOtherIncomeExpensesNet": 7800000, "incomeBeforeTax": 146800000, "incomeBeforeTaxRatio": 0.0871113221, "incomeTaxExpense": 55800000, "netIncome": 103500000, "netIncomeRatio": 0.0614170425, "eps": 0.15, "epsdiluted": 0.15, "weightedAverageShsOut": 690000000, "weightedAverageShsOutDil": 690000000, "link": "", "finalLink": "", "calculatedOtherExpenses": 101200000, "calculatedOperatingExpenses": 709400000, "calculatedNetInterest": 0, "calculatedOtherIncome": -35900000, "calculatedIncomeNonControlling": -12500000, "calculatedEbitda": 81500000}, {"date": "1991-12-31", "symbol": "LUV", "reportedCurrency": "USD", "cik": "0000092380", "fillingDate": "1991-12-31", "acceptedDate": "1991-12-30 19:00:00", "calendarYear": "1991", "period": "FY", "revenue": 1313600000, "costOfRevenue": 675300000, "grossProfit": 638300000, "grossProfitRatio": 0.4859165652, "researchAndDevelopmentExpenses": 0, "generalAndAdministrativeExpenses": 0, "sellingAndMarketingExpenses": 0, "sellingGeneralAndAdministrativeExpenses": 489200000, "otherExpenses": 86200000, "operatingExpenses": 575400000, "costAndExpenses": 1250700000, "interestIncome": 0, "interestExpense": 0, "depreciationAndAmortization": -86200000, "ebitda": 139600000, "ebitdaratio": 0.106272838, "operatingIncome": 62900000, "operatingIncomeRatio": 0.0478836784, "totalOtherIncomeExpensesNet": 9500000, "incomeBeforeTax": 43800000, "incomeBeforeTaxRatio": 0.0333434836, "incomeTaxExpense": 16900000, "netIncome": 26900000, "netIncomeRatio": 0.0204780755, "eps": 0.04, "epsdiluted": 0.04, "weightedAverageShsOut": 672500000, "weightedAverageShsOutDil": 672500000, "link": "", "finalLink": "", "calculatedOtherExpenses": 86200000, "calculatedOperatingExpenses": 575400000, "calculatedNetInterest": 0, "calculatedOtherIncome": -19100000, "calculatedIncomeNonControlling": 0, "calculatedEbitda": -23300000}, {"date": "1990-12-31", "symbol": "LUV", "reportedCurrency": "USD", "cik": "0000092380", "fillingDate": "1990-12-31", "acceptedDate": "1990-12-30 19:00:00", "calendarYear": "1990", "period": "FY", "revenue": 1186800000, "costOfRevenue": 596000000, "grossProfit": 590800000, "grossProfitRatio": 0.4978092349, "researchAndDevelopmentExpenses": 0, "generalAndAdministrativeExpenses": 0, "sellingAndMarketingExpenses": 0, "sellingGeneralAndAdministrativeExpenses": 429400000, "otherExpenses": 79400000, "operatingExpenses": 508800000, "costAndExpenses": 1104800000, "interestIncome": 0, "interestExpense": 0, "depreciationAndAmortization": -79400000, "ebitda": 150300000, "ebitdaratio": 0.1266430738, "operatingIncome": 82000000, "operatingIncomeRatio": 0.0690933603, "totalOtherIncomeExpensesNet": 11100000, "incomeBeforeTax": 74800000, "incomeBeforeTaxRatio": 0.0630266262, "incomeTaxExpense": 27700000, "netIncome": 47100000, "netIncomeRatio": 0.0396865521, "eps": 0.07, "epsdiluted": 0.07, "weightedAverageShsOut": 672857143, "weightedAverageShsOutDil": 672857143, "link": "", "finalLink": "", "calculatedOtherExpenses": 79400000, "calculatedOperatingExpenses": 508800000, "calculatedNetInterest": 0, "calculatedOtherIncome": -7200000, "calculatedIncomeNonControlling": 0, "calculatedEbitda": 2600000}, {"date": "1989-12-31", "symbol": "LUV", "reportedCurrency": "USD", "cik": "0000092380", "fillingDate": "1989-12-31", "acceptedDate": "1989-12-30 19:00:00", "calendarYear": "1989", "period": "FY", "revenue": 1015100000, "costOfRevenue": 482700000, "grossProfit": 532400000, "grossProfitRatio": 0.5244803468, "researchAndDevelopmentExpenses": 0, "generalAndAdministrativeExpenses": 0, "sellingAndMarketingExpenses": 0, "sellingGeneralAndAdministrativeExpenses": 362400000, "otherExpenses": 72300000, "operatingExpenses": 434700000, "costAndExpenses": 917400000, "interestIncome": 0, "interestExpense": 0, "depreciationAndAmortization": -72300000, "ebitda": 133400000, "ebitdaratio": 0.1314156241, "operatingIncome": 97700000, "operatingIncomeRatio": 0.0962466752, "totalOtherIncomeExpensesNet": 36600000, "incomeBeforeTax": 111000000, "incomeBeforeTaxRatio": 0.1093488326, "incomeTaxExpense": 39400000, "netIncome": 71600000, "netIncomeRatio": 0.0705349227, "eps": 0.1, "epsdiluted": 0.1, "weightedAverageShsOut": 716000000, "weightedAverageShsOutDil": 716000000, "link": "", "finalLink": "", "calculatedOtherExpenses": 72300000, "calculatedOperatingExpenses": 434700000, "calculatedNetInterest": 0, "calculatedOtherIncome": 13300000, "calculatedIncomeNonControlling": 0, "calculatedEbitda": 25400000}, {"date": "1988-12-31", "symbol": "LUV", "reportedCurrency": "USD", "cik": "0000092380", "fillingDate": "1988-12-31", "acceptedDate": "1988-12-30 19:00:00", "calendarYear": "1988", "period": "FY", "revenue": 860400000, "costOfRevenue": 400200000, "grossProfit": 460200000, "grossProfitRatio": 0.5348675035, "researchAndDevelopmentExpenses": 0, "generalAndAdministrativeExpenses": 0, "sellingAndMarketingExpenses": 0, "sellingGeneralAndAdministrativeExpenses": 308100000, "otherExpenses": 66200000, "operatingExpenses": 374300000, "costAndExpenses": 774500000, "interestIncome": 0, "interestExpense": 0, "depreciationAndAmortization": 66200000, "ebitda": 132800000, "ebitdaratio": 0.1543468154, "operatingIncome": 85900000, "operatingIncomeRatio": 0.099837285, "totalOtherIncomeExpensesNet": 19300000, "incomeBeforeTax": 85400000, "incomeBeforeTaxRatio": 0.0992561599, "incomeTaxExpense": 27400000, "netIncome": 58000000, "netIncomeRatio": 0.0674105067, "eps": 0.08, "epsdiluted": 0.08, "weightedAverageShsOut": 725000000, "weightedAverageShsOutDil": 725000000, "link": "", "finalLink": "", "calculatedOtherExpenses": 66200000, "calculatedOperatingExpenses": 374300000, "calculatedNetInterest": 0, "calculatedOtherIncome": -500000, "calculatedIncomeNonControlling": 0, "calculatedEbitda": 152100000}, {"date": "1987-12-31", "symbol": "LUV", "reportedCurrency": "USD", "cik": "0000092380", "fillingDate": "1987-12-31", "acceptedDate": "1987-12-30 19:00:00", "calendarYear": "1987", "period": "FY", "revenue": 765100000, "costOfRevenue": 351600000, "grossProfit": 413500000, "grossProfitRatio": 0.5404522285, "researchAndDevelopmentExpenses": 0, "generalAndAdministrativeExpenses": 0, "sellingAndMarketingExpenses": 0, "sellingGeneralAndAdministrativeExpenses": 330800000, "otherExpenses": 65500000, "operatingExpenses": 396300000, "costAndExpenses": 747900000, "interestIncome": 0, "interestExpense": 0, "depreciationAndAmortization": 65500000, "ebitda": 48200000, "ebitdaratio": 0.0629983009, "operatingIncome": 17200000, "operatingIncomeRatio": 0.0224807215, "totalOtherIncomeExpensesNet": 34500000, "incomeBeforeTax": 29100000, "incomeBeforeTaxRatio": 0.0380342439, "incomeTaxExpense": 8900000, "netIncome": 20200000, "netIncomeRatio": 0.0264017775, "eps": 0.03, "epsdiluted": 0.03, "weightedAverageShsOut": 673333333, "weightedAverageShsOutDil": 673333333, "link": "", "finalLink": "", "calculatedOtherExpenses": 65500000, "calculatedOperatingExpenses": 396300000, "calculatedNetInterest": 0, "calculatedOtherIncome": 11900000, "calculatedIncomeNonControlling": 0, "calculatedEbitda": 82700000}, {"date": "1986-12-31", "symbol": "LUV", "reportedCurrency": "USD", "cik": "0000092380", "fillingDate": "1986-12-31", "acceptedDate": "1986-12-30 19:00:00", "calendarYear": "1986", "period": "FY", "revenue": 755900000, "costOfRevenue": 267200000, "grossProfit": 488700000, "grossProfitRatio": 0.6465140892, "researchAndDevelopmentExpenses": 0, "generalAndAdministrativeExpenses": 0, "sellingAndMarketingExpenses": 0, "sellingGeneralAndAdministrativeExpenses": 345100000, "otherExpenses": 67500000, "operatingExpenses": 412600000, "costAndExpenses": 679800000, "interestIncome": 0, "interestExpense": 0, "depreciationAndAmortization": 67500000, "ebitda": 116900000, "ebitdaratio": 0.154650086, "operatingIncome": 76100000, "operatingIncomeRatio": 0.1006746924, "totalOtherIncomeExpensesNet": 26700000, "incomeBeforeTax": 65400000, "incomeBeforeTaxRatio": 0.0865193809, "incomeTaxExpense": 15400000, "netIncome": 50000000, "netIncomeRatio": 0.0661463157, "eps": 0.07, "epsdiluted": 0.07, "weightedAverageShsOut": 714285714, "weightedAverageShsOutDil": 714285714, "link": "", "finalLink": "", "calculatedOtherExpenses": 67500000, "calculatedOperatingExpenses": 412600000, "calculatedNetInterest": 0, "calculatedOtherIncome": -10700000, "calculatedIncomeNonControlling": 0, "calculatedEbitda": 143600000}, {"date": "1985-12-31", "symbol": "LUV", "reportedCurrency": "USD", "cik": "0000092380", "fillingDate": "1985-12-31", "acceptedDate": "1985-12-30 19:00:00", "calendarYear": "1985", "period": "FY", "revenue": 679700000, "costOfRevenue": 311200000, "grossProfit": 368500000, "grossProfitRatio": 0.5421509489, "researchAndDevelopmentExpenses": 0, "generalAndAdministrativeExpenses": 0, "sellingAndMarketingExpenses": 0, "sellingGeneralAndAdministrativeExpenses": 236300000, "otherExpenses": 53600000, "operatingExpenses": 289900000, "costAndExpenses": 601100000, "interestIncome": 0, "interestExpense": 0, "depreciationAndAmortization": 53600000, "ebitda": 130100000, "ebitdaratio": 0.1914079741, "operatingIncome": 78600000, "operatingIncomeRatio": 0.1156392526, "totalOtherIncomeExpensesNet": 2100000, "incomeBeforeTax": 60800000, "incomeBeforeTaxRatio": 0.0894512285, "incomeTaxExpense": 13500000, "netIncome": 47300000, "netIncomeRatio": 0.0695895248, "eps": 0.07, "epsdiluted": 0.07, "weightedAverageShsOut": 675714286, "weightedAverageShsOutDil": 675714286, "link": "", "finalLink": "", "calculatedOtherExpenses": 53600000, "calculatedOperatingExpenses": 289900000, "calculatedNetInterest": 0, "calculatedOtherIncome": -17800000, "calculatedIncomeNonControlling": 0, "calculatedEbitda": 132200000}]}