{"originalCurrency": "USD", "convertedCurrency": "USD", "report": [{"date": "2023-12-31", "symbol": "LVS", "reportedCurrency": "USD", "cik": "0001300514", "fillingDate": "2024-02-07", "acceptedDate": "2024-02-07 16:47:16", "calendarYear": "2023", "period": "FY", "revenue": 10372000000, "costOfRevenue": 5205000000, "grossProfit": 5167000000, "grossProfitRatio": 0.498168145, "researchAndDevelopmentExpenses": 205000000, "generalAndAdministrativeExpenses": 1107000000, "sellingAndMarketingExpenses": 205000000, "sellingGeneralAndAdministrativeExpenses": 1107000000, "otherExpenses": -8000000, "operatingExpenses": 2827000000, "costAndExpenses": 8032000000, "interestIncome": 288000000, "interestExpense": 818000000, "depreciationAndAmortization": 1266000000, "ebitda": 3886000000, "ebitdaratio": 0.374662553, "operatingIncome": 2313000000, "operatingIncomeRatio": 0.2230042422, "totalOtherIncomeExpensesNet": -35000000, "incomeBeforeTax": 1775000000, "incomeBeforeTaxRatio": 0.1711338218, "incomeTaxExpense": 344000000, "netIncome": 1221000000, "netIncomeRatio": 0.1177207867, "eps": 1.6, "epsdiluted": 1.6, "weightedAverageShsOut": 763000000, "weightedAverageShsOutDil": 765000000, "link": "https://www.sec.gov/Archives/edgar/data/1300514/000130051424000048/0001300514-24-000048-index.htm", "finalLink": "https://www.sec.gov/Archives/edgar/data/1300514/000130051424000048/lvs-20231231.htm", "calculatedOtherExpenses": 1542000000, "calculatedOperatingExpenses": 2854000000, "calculatedNetInterest": -530000000, "calculatedOtherIncome": -8000000, "calculatedIncomeNonControlling": 210000000, "calculatedEbitda": 3579000000}, {"date": "2022-12-31", "symbol": "LVS", "reportedCurrency": "USD", "cik": "0001300514", "fillingDate": "2023-02-03", "acceptedDate": "2023-02-03 16:02:55", "calendarYear": "2022", "period": "FY", "revenue": 4110000000, "costOfRevenue": 1525000000, "grossProfit": 2585000000, "grossProfitRatio": 0.6289537713, "researchAndDevelopmentExpenses": 143000000, "generalAndAdministrativeExpenses": 1171000000, "sellingAndMarketingExpenses": 143000000, "sellingGeneralAndAdministrativeExpenses": 1397000000, "otherExpenses": -9000000, "operatingExpenses": 3386000000, "costAndExpenses": 4911000000, "interestIncome": 116000000, "interestExpense": 702000000, "depreciationAndAmortization": 1036000000, "ebitda": 253000000, "ebitdaratio": 0.0615571776, "operatingIncome": -783000000, "operatingIncomeRatio": -0.1905109489, "totalOtherIncomeExpensesNet": -604000000, "incomeBeforeTax": -1387000000, "incomeBeforeTaxRatio": -0.3374695864, "incomeTaxExpense": 154000000, "netIncome": -1066000000, "netIncomeRatio": -0.2593673966, "eps": -1.4, "epsdiluted": -1.4, "weightedAverageShsOut": 764000000, "weightedAverageShsOutDil": 764000000, "link": "https://www.sec.gov/Archives/edgar/data/1300514/000130051423000021/0001300514-23-000021-index.htm", "finalLink": "https://www.sec.gov/Archives/edgar/data/1300514/000130051423000021/lvs-20221231.htm", "calculatedOtherExpenses": 1828000000, "calculatedOperatingExpenses": 3368000000, "calculatedNetInterest": -586000000, "calculatedOtherIncome": -18000000, "calculatedIncomeNonControlling": -475000000, "calculatedEbitda": 253000000}, {"date": "2021-12-31", "symbol": "LVS", "reportedCurrency": "USD", "cik": "0001300514", "fillingDate": "2022-02-04", "acceptedDate": "2022-02-04 16:29:50", "calendarYear": "2021", "period": "FY", "revenue": 4234000000, "costOfRevenue": 1406000000, "grossProfit": 2828000000, "grossProfitRatio": 0.6679263108, "researchAndDevelopmentExpenses": 109000000, "generalAndAdministrativeExpenses": 1042000000, "sellingAndMarketingExpenses": 109000000, "sellingGeneralAndAdministrativeExpenses": 1229000000, "otherExpenses": -31000000, "operatingExpenses": 3685000000, "costAndExpenses": 5091000000, "interestIncome": 4000000, "interestExpense": 621000000, "depreciationAndAmortization": 1041000000, "ebitda": 379000000, "ebitdaratio": 0.0895134624, "operatingIncome": -662000000, "operatingIncomeRatio": -0.1563533302, "totalOtherIncomeExpensesNet": -812000000, "incomeBeforeTax": -1474000000, "incomeBeforeTaxRatio": -0.3481341521, "incomeTaxExpense": 5000000, "netIncome": -1154000000, "netIncomeRatio": -0.2725555031, "eps": -1.51, "epsdiluted": -1.51, "weightedAverageShsOut": 764000000, "weightedAverageShsOutDil": 764000000, "link": "https://www.sec.gov/Archives/edgar/data/1300514/000130051422000007/0001300514-22-000007-index.htm", "finalLink": "https://www.sec.gov/Archives/edgar/data/1300514/000130051422000007/lvs-20211231.htm", "calculatedOtherExpenses": 2152000000, "calculatedOperatingExpenses": 3490000000, "calculatedNetInterest": -617000000, "calculatedOtherIncome": -195000000, "calculatedIncomeNonControlling": -325000000, "calculatedEbitda": 379000000}, {"date": "2020-12-31", "symbol": "LVS", "reportedCurrency": "USD", "cik": "0001300514", "fillingDate": "2021-02-05", "acceptedDate": "2021-02-05 16:49:15", "calendarYear": "2020", "period": "FY", "revenue": 2940000000, "costOfRevenue": 1307000000, "grossProfit": 1633000000, "grossProfitRatio": 0.5554421769, "researchAndDevelopmentExpenses": 18000000, "generalAndAdministrativeExpenses": 966000000, "sellingAndMarketingExpenses": 18000000, "sellingGeneralAndAdministrativeExpenses": 1144000000, "otherExpenses": 19000000, "operatingExpenses": 3007000000, "costAndExpenses": 4314000000, "interestIncome": 21000000, "interestExpense": 536000000, "depreciationAndAmortization": 997000000, "ebitda": -323000000, "ebitdaratio": -0.1098639456, "operatingIncome": -1320000000, "operatingIncomeRatio": -0.4489795918, "totalOtherIncomeExpensesNet": -556000000, "incomeBeforeTax": -1876000000, "incomeBeforeTaxRatio": -0.6380952381, "incomeTaxExpense": 24000000, "netIncome": -1442000000, "netIncomeRatio": -0.4904761905, "eps": -1.89, "epsdiluted": -1.89, "weightedAverageShsOut": 764000000, "weightedAverageShsOutDil": 764000000, "link": "https://www.sec.gov/Archives/edgar/data/1300514/000130051421000033/0001300514-21-000033-index.htm", "finalLink": "https://www.sec.gov/Archives/edgar/data/1300514/000130051421000033/lvs-20201231.htm", "calculatedOtherExpenses": 1791000000, "calculatedOperatingExpenses": 2953000000, "calculatedNetInterest": -515000000, "calculatedOtherIncome": -41000000, "calculatedIncomeNonControlling": -458000000, "calculatedEbitda": -323000000}, {"date": "2019-12-31", "symbol": "LVS", "reportedCurrency": "USD", "cik": "0001300514", "fillingDate": "2020-02-07", "acceptedDate": "2020-02-07 17:14:01", "calendarYear": "2019", "period": "FY", "revenue": 12127000000, "costOfRevenue": 2169000000, "grossProfit": 9958000000, "grossProfitRatio": 0.8211429043, "researchAndDevelopmentExpenses": 24000000, "generalAndAdministrativeExpenses": 1431000000, "sellingAndMarketingExpenses": 24000000, "sellingGeneralAndAdministrativeExpenses": 1562000000, "otherExpenses": 56000000, "operatingExpenses": 5983000000, "costAndExpenses": 8152000000, "interestIncome": 74000000, "interestExpense": 555000000, "depreciationAndAmortization": 1020000000, "ebitda": 4466000000, "ebitdaratio": 0.3682691515, "operatingIncome": 3446000000, "operatingIncomeRatio": 0.2841593139, "totalOtherIncomeExpensesNet": 154000000, "incomeBeforeTax": 3600000000, "incomeBeforeTaxRatio": 0.2968582502, "incomeTaxExpense": 432000000, "netIncome": 2698000000, "netIncomeRatio": 0.2224787664, "eps": 3.5, "epsdiluted": 3.5, "weightedAverageShsOut": 771000000, "weightedAverageShsOutDil": 771000000, "link": "https://www.sec.gov/Archives/edgar/data/1300514/000130051420000011/0001300514-20-000011-index.htm", "finalLink": "https://www.sec.gov/Archives/edgar/data/1300514/000130051420000011/lvs-20191231x10k.htm", "calculatedOtherExpenses": 4926000000, "calculatedOperatingExpenses": 6512000000, "calculatedNetInterest": -481000000, "calculatedOtherIncome": 635000000, "calculatedIncomeNonControlling": 470000000, "calculatedEbitda": 4466000000}, {"date": "2018-12-31", "symbol": "LVS", "reportedCurrency": "USD", "cik": "0001300514", "fillingDate": "2019-02-22", "acceptedDate": "2019-02-22 16:04:56", "calendarYear": "2018", "period": "FY", "revenue": 13729000000, "costOfRevenue": 2884000000, "grossProfit": 10845000000, "grossProfitRatio": 0.7899337169, "researchAndDevelopmentExpenses": 12000000, "generalAndAdministrativeExpenses": 1685000000, "sellingAndMarketingExpenses": 12000000, "sellingGeneralAndAdministrativeExpenses": 1743000000, "otherExpenses": 26000000, "operatingExpenses": 7132000000, "costAndExpenses": 10016000000, "interestIncome": 59000000, "interestExpense": 446000000, "depreciationAndAmortization": 1146000000, "ebitda": 5047000000, "ebitdaratio": 0.3676159953, "operatingIncome": 3901000000, "operatingIncomeRatio": 0.2841430548, "totalOtherIncomeExpensesNet": -575000000, "incomeBeforeTax": 3326000000, "incomeBeforeTaxRatio": 0.2422609076, "incomeTaxExpense": 375000000, "netIncome": 2413000000, "netIncomeRatio": 0.1757593415, "eps": 3.07, "epsdiluted": 3.07, "weightedAverageShsOut": 786000000, "weightedAverageShsOutDil": 786000000, "link": "https://www.sec.gov/Archives/edgar/data/1300514/000130051419000021/0001300514-19-000021-index.htm", "finalLink": "https://www.sec.gov/Archives/edgar/data/1300514/000130051419000021/lvs-20181231x10k.htm", "calculatedOtherExpenses": 5189000000, "calculatedOperatingExpenses": 6944000000, "calculatedNetInterest": -387000000, "calculatedOtherIncome": -188000000, "calculatedIncomeNonControlling": 538000000, "calculatedEbitda": 5047000000}, {"date": "2017-12-31", "symbol": "LVS", "reportedCurrency": "USD", "cik": "0001300514", "fillingDate": "2018-02-23", "acceptedDate": "2018-02-23 16:14:21", "calendarYear": "2017", "period": "FY", "revenue": 12728000000, "costOfRevenue": 6329000000, "grossProfit": 6399000000, "grossProfitRatio": 0.5027498429, "researchAndDevelopmentExpenses": 13000000, "generalAndAdministrativeExpenses": 1417000000, "sellingAndMarketingExpenses": 13000000, "sellingGeneralAndAdministrativeExpenses": 1417000000, "otherExpenses": -94000000, "operatingExpenses": 2915000000, "costAndExpenses": 9244000000, "interestIncome": 16000000, "interestExpense": 327000000, "depreciationAndAmortization": 1208000000, "ebitda": 4614000000, "ebitdaratio": 0.3625078567, "operatingIncome": 3464000000, "operatingIncomeRatio": 0.2721558768, "totalOtherIncomeExpensesNet": -119000000, "incomeBeforeTax": 3054000000, "incomeBeforeTaxRatio": 0.2399434318, "incomeTaxExpense": -209000000, "netIncome": 2808000000, "netIncomeRatio": 0.2206159648, "eps": 3.54, "epsdiluted": 3.54, "weightedAverageShsOut": 792000000, "weightedAverageShsOutDil": 792000000, "link": "https://www.sec.gov/Archives/edgar/data/1300514/000130051418000022/0001300514-18-000022-index.htm", "finalLink": "https://www.sec.gov/Archives/edgar/data/1300514/000130051418000022/lvs-20171231x10k.htm", "calculatedOtherExpenses": 1505000000, "calculatedOperatingExpenses": 2935000000, "calculatedNetInterest": -311000000, "calculatedOtherIncome": -99000000, "calculatedIncomeNonControlling": 455000000, "calculatedEbitda": 4672000000}, {"date": "2016-12-31", "symbol": "LVS", "reportedCurrency": "USD", "cik": "0001300514", "fillingDate": "2017-02-24", "acceptedDate": "2017-02-24 16:24:52", "calendarYear": "2016", "period": "FY", "revenue": 11271000000, "costOfRevenue": 5686000000, "grossProfit": 5585000000, "grossProfitRatio": 0.4955194748, "researchAndDevelopmentExpenses": 9000000, "generalAndAdministrativeExpenses": 1287000000, "sellingAndMarketingExpenses": 130000000, "sellingGeneralAndAdministrativeExpenses": 1287000000, "otherExpenses": 31000000, "operatingExpenses": 3004000000, "costAndExpenses": 8690000000, "interestIncome": 10000000, "interestExpense": 274000000, "depreciationAndAmortization": 1149000000, "ebitda": 3771000000, "ebitdaratio": 0.3345754591, "operatingIncome": 2502000000, "operatingIncomeRatio": 0.2219856268, "totalOtherIncomeExpensesNet": -53000000, "incomeBeforeTax": 2264000000, "incomeBeforeTaxRatio": 0.2008694881, "incomeTaxExpense": 239000000, "netIncome": 1679000000, "netIncomeRatio": 0.1489663739, "eps": 2.1, "epsdiluted": 2.1, "weightedAverageShsOut": 794627349, "weightedAverageShsOutDil": 795210673, "link": "https://www.sec.gov/Archives/edgar/data/1300514/000130051417000005/0001300514-17-000005-index.htm", "finalLink": "https://www.sec.gov/Archives/edgar/data/1300514/000130051417000005/lvs-20161231x10k.htm", "calculatedOtherExpenses": 1787000000, "calculatedOperatingExpenses": 3083000000, "calculatedNetInterest": -264000000, "calculatedOtherIncome": 26000000, "calculatedIncomeNonControlling": 346000000, "calculatedEbitda": 3651000000}, {"date": "2015-12-31", "symbol": "LVS", "reportedCurrency": "USD", "cik": "0001300514", "fillingDate": "2016-02-26", "acceptedDate": "2016-02-26 17:23:25", "calendarYear": "2015", "period": "FY", "revenue": 11688000000, "costOfRevenue": 6117000000, "grossProfit": 5571000000, "grossProfitRatio": 0.4766427105, "researchAndDevelopmentExpenses": 10000000, "generalAndAdministrativeExpenses": 1267000000, "sellingAndMarketingExpenses": 134000000, "sellingGeneralAndAdministrativeExpenses": 1267000000, "otherExpenses": 31000000, "operatingExpenses": 2695000000, "costAndExpenses": 8812000000, "interestIncome": 15000000, "interestExpense": 265000000, "depreciationAndAmortization": 1038000000, "ebitda": 3960000000, "ebitdaratio": 0.3388090349, "operatingIncome": 2841000000, "operatingIncomeRatio": 0.2430698152, "totalOtherIncomeExpensesNet": -4000000, "incomeBeforeTax": 2622000000, "incomeBeforeTaxRatio": 0.2243326489, "incomeTaxExpense": 236000000, "netIncome": 1966000000, "netIncomeRatio": 0.1682067077, "eps": 2.47, "epsdiluted": 2.47, "weightedAverageShsOut": 796785900, "weightedAverageShsOutDil": 797596082, "link": "https://www.sec.gov/Archives/edgar/data/1300514/000130051416000023/0001300514-16-000023-index.htm", "finalLink": "https://www.sec.gov/Archives/edgar/data/1300514/000130051416000023/lvs-20151231x10k.htm", "calculatedOtherExpenses": 1453000000, "calculatedOperatingExpenses": 2730000000, "calculatedNetInterest": -250000000, "calculatedOtherIncome": 31000000, "calculatedIncomeNonControlling": 420000000, "calculatedEbitda": 3879000000}, {"date": "2014-12-31", "symbol": "LVS", "reportedCurrency": "USD", "cik": "0001300514", "fillingDate": "2015-02-27", "acceptedDate": "2015-02-27 08:29:28", "calendarYear": "2014", "period": "FY", "revenue": 14584000000, "costOfRevenue": 7746000000, "grossProfit": 6838000000, "grossProfitRatio": 0.4688699945, "researchAndDevelopmentExpenses": 14000000, "generalAndAdministrativeExpenses": 1258000000, "sellingAndMarketingExpenses": 14000000, "sellingGeneralAndAdministrativeExpenses": 1258000000, "otherExpenses": 2000000, "operatingExpenses": 2732000000, "costAndExpenses": 10478000000, "interestIncome": 26000000, "interestExpense": 274000000, "depreciationAndAmortization": 1072000000, "ebitda": 5206000000, "ebitdaratio": 0.3569665387, "operatingIncome": 4099000000, "operatingIncomeRatio": 0.2810614372, "totalOtherIncomeExpensesNet": -25000000, "incomeBeforeTax": 3833000000, "incomeBeforeTaxRatio": 0.262822271, "incomeTaxExpense": 245000000, "netIncome": 2841000000, "netIncomeRatio": 0.1948025233, "eps": 3.52, "epsdiluted": 3.52, "weightedAverageShsOut": 806130838, "weightedAverageShsOutDil": 808019219, "link": "https://www.sec.gov/Archives/edgar/data/1300514/000130051415000005/0001300514-15-000005-index.htm", "finalLink": "https://www.sec.gov/Archives/edgar/data/1300514/000130051415000005/lvs-20141231x10k.htm", "calculatedOtherExpenses": 1467000000, "calculatedOperatingExpenses": 2739000000, "calculatedNetInterest": -248000000, "calculatedOtherIncome": -18000000, "calculatedIncomeNonControlling": 747000000, "calculatedEbitda": 5171000000}, {"date": "2013-12-31", "symbol": "LVS", "reportedCurrency": "USD", "cik": "0001300514", "fillingDate": "2014-02-28", "acceptedDate": "2014-02-28 16:24:12", "calendarYear": "2013", "period": "FY", "revenue": 13769885000, "costOfRevenue": 7516457000, "grossProfit": 6253428000, "grossProfitRatio": 0.4541379975, "researchAndDevelopmentExpenses": 15809000, "generalAndAdministrativeExpenses": 1329740000, "sellingAndMarketingExpenses": 15809000, "sellingGeneralAndAdministrativeExpenses": 1329740000, "otherExpenses": 4321000, "operatingExpenses": 2834029000, "costAndExpenses": 10350486000, "interestIncome": 16337000, "interestExpense": 271211000, "depreciationAndAmortization": 1047820000, "ebitda": 4487877000, "ebitdaratio": 0.3259197154, "operatingIncome": 3408243000, "operatingIncomeRatio": 0.2475142675, "totalOtherIncomeExpensesNet": -21013000, "incomeBeforeTax": 3143512000, "incomeBeforeTaxRatio": 0.2282889073, "incomeTaxExpense": 188836000, "netIncome": 2305997000, "netIncomeRatio": 0.1674666855, "eps": 2.8, "epsdiluted": 2.79, "weightedAverageShsOut": 822282515, "weightedAverageShsOutDil": 826316108, "link": "https://www.sec.gov/Archives/edgar/data/1300514/000144530514000758/0001445305-14-000758-index.htm", "finalLink": "https://www.sec.gov/Archives/edgar/data/1300514/000144530514000758/lvs-20131231x10k.htm", "calculatedOtherExpenses": 1499636000, "calculatedOperatingExpenses": 2845185000, "calculatedNetInterest": -254874000, "calculatedOtherIncome": -9857000, "calculatedIncomeNonControlling": 648679000, "calculatedEbitda": 4456063000}, {"date": "2012-12-31", "symbol": "LVS", "reportedCurrency": "USD", "cik": "0001300514", "fillingDate": "2013-03-01", "acceptedDate": "2013-03-01 16:44:45", "calendarYear": "2012", "period": "FY", "revenue": 11131132000, "costOfRevenue": 6069575000, "grossProfit": 5061557000, "grossProfitRatio": 0.4547207777, "researchAndDevelopmentExpenses": 19958000, "generalAndAdministrativeExpenses": 1061935000, "sellingAndMarketingExpenses": 117758000, "sellingGeneralAndAdministrativeExpenses": 1061935000, "otherExpenses": 5740000, "operatingExpenses": 2604261000, "costAndExpenses": 8673836000, "interestIncome": 23252000, "interestExpense": 258564000, "depreciationAndAmortization": 932211000, "ebitda": 3418499000, "ebitdaratio": 0.3071115319, "operatingIncome": 2311382000, "operatingIncomeRatio": 0.2076502192, "totalOtherIncomeExpensesNet": -159408000, "incomeBeforeTax": 2062576000, "incomeBeforeTaxRatio": 0.1852979553, "incomeTaxExpense": 180763000, "netIncome": 1524093000, "netIncomeRatio": 0.1369216536, "eps": 1.89, "epsdiluted": 1.85, "weightedAverageShsOut": 806395660, "weightedAverageShsOutDil": 824556036, "link": "https://www.sec.gov/Archives/edgar/data/1300514/000119312513087854/0001193125-13-087854-index.htm", "finalLink": "https://www.sec.gov/Archives/edgar/data/1300514/000119312513087854/d448401d10k.htm", "calculatedOtherExpenses": 1668282000, "calculatedOperatingExpenses": 2750175000, "calculatedNetInterest": -235312000, "calculatedOtherIncome": -13494000, "calculatedIncomeNonControlling": 357720000, "calculatedEbitda": 3243593000}, {"date": "2011-12-31", "symbol": "LVS", "reportedCurrency": "USD", "cik": "0001300514", "fillingDate": "2012-02-29", "acceptedDate": "2012-02-29 16:06:03", "calendarYear": "2011", "period": "FY", "revenue": 9410745000, "costOfRevenue": 4922677000, "grossProfit": 4488068000, "grossProfitRatio": 0.4769088951, "researchAndDevelopmentExpenses": 11309000, "generalAndAdministrativeExpenses": 836924000, "sellingAndMarketingExpenses": 0, "sellingGeneralAndAdministrativeExpenses": 836924000, "otherExpenses": -3955000, "operatingExpenses": 2087978000, "costAndExpenses": 7010655000, "interestIncome": 14394000, "interestExpense": 282949000, "depreciationAndAmortization": 837770000, "ebitda": 3248299000, "ebitdaratio": 0.3451691657, "operatingIncome": 2389887000, "operatingIncomeRatio": 0.253953008, "totalOtherIncomeExpensesNet": -36712000, "incomeBeforeTax": 2094823000, "incomeBeforeTaxRatio": 0.222599061, "incomeTaxExpense": 211704000, "netIncome": 1560123000, "netIncomeRatio": 0.1657810301, "eps": 1.74, "epsdiluted": 1.56, "weightedAverageShsOut": 728343428, "weightedAverageShsOutDil": 811816687, "link": "https://www.sec.gov/Archives/edgar/data/1300514/000095012312004305/0000950123-12-004305-index.htm", "finalLink": "https://www.sec.gov/Archives/edgar/data/1300514/000095012312004305/c24987e10vk.htm", "calculatedOtherExpenses": 1249948000, "calculatedOperatingExpenses": 2098181000, "calculatedNetInterest": -268555000, "calculatedOtherIncome": -26509000, "calculatedIncomeNonControlling": 322996000, "calculatedEbitda": 3227657000}, {"date": "2010-12-31", "symbol": "LVS", "reportedCurrency": "USD", "cik": "0001300514", "fillingDate": "2011-03-01", "acceptedDate": "2011-03-01 06:01:12", "calendarYear": "2010", "period": "FY", "revenue": 6853182000, "costOfRevenue": 3875187000, "grossProfit": 2977995000, "grossProfitRatio": 0.4345419398, "researchAndDevelopmentExpenses": 1783000, "generalAndAdministrativeExpenses": 683298000, "sellingAndMarketingExpenses": 0, "sellingGeneralAndAdministrativeExpenses": 683298000, "otherExpenses": -8260000, "operatingExpenses": 1742797000, "costAndExpenses": 5617984000, "interestIncome": 8947000, "interestExpense": 306813000, "depreciationAndAmortization": 736273000, "ebitda": 1972158000, "ebitdaratio": 0.2877725996, "operatingIncome": 1180586000, "operatingIncomeRatio": 0.1722682981, "totalOtherIncomeExpensesNet": -81427000, "incomeBeforeTax": 855905000, "incomeBeforeTaxRatio": 0.1248916197, "incomeTaxExpense": 74302000, "netIncome": 599394000, "netIncomeRatio": 0.0874621453, "eps": 0.61, "epsdiluted": 0.51, "weightedAverageShsOut": 667463535, "weightedAverageShsOutDil": 791760624, "link": "https://www.sec.gov/Archives/edgar/data/1300514/000095012311020089/0000950123-11-020089-index.htm", "finalLink": "https://www.sec.gov/Archives/edgar/data/1300514/000095012311020089/c08516e10vk.htm", "calculatedOtherExpenses": 1112328000, "calculatedOperatingExpenses": 1797409000, "calculatedNetInterest": -297866000, "calculatedOtherIncome": -26815000, "calculatedIncomeNonControlling": 182209000, "calculatedEbitda": 1916859000}, {"date": "2009-12-31", "symbol": "LVS", "reportedCurrency": "USD", "cik": "0001300514", "fillingDate": "2010-03-01", "acceptedDate": "2010-02-26 19:59:58", "calendarYear": "2009", "period": "FY", "revenue": 4563105000, "costOfRevenue": 2876873000, "grossProfit": 1686232000, "grossProfitRatio": 0.3695360944, "researchAndDevelopmentExpenses": 533000, "generalAndAdministrativeExpenses": 845927000, "sellingAndMarketingExpenses": 0, "sellingGeneralAndAdministrativeExpenses": 845927000, "otherExpenses": 0, "operatingExpenses": 1545504000, "costAndExpenses": 4422377000, "interestIncome": 11122000, "interestExpense": 321870000, "depreciationAndAmortization": 586041000, "ebitda": 737891000, "ebitdaratio": 0.1617080913, "operatingIncome": -28740000, "operatingIncomeRatio": -0.0062983429, "totalOtherIncomeExpensesNet": -202607000, "incomeBeforeTax": -372627000, "incomeBeforeTaxRatio": -0.0816608428, "incomeTaxExpense": -3884000, "netIncome": -354479000, "netIncomeRatio": -0.0776837263, "eps": -0.54, "epsdiluted": -0.54, "weightedAverageShsOut": 656836950, "weightedAverageShsOutDil": 656836950, "link": "https://www.sec.gov/Archives/edgar/data/1300514/000095012310018509/0000950123-10-018509-index.htm", "finalLink": "https://www.sec.gov/Archives/edgar/data/1300514/000095012310018509/c96835e10vk.htm", "calculatedOtherExpenses": 868512000, "calculatedOperatingExpenses": 1714972000, "calculatedNetInterest": -310748000, "calculatedOtherIncome": -33139000, "calculatedIncomeNonControlling": -14264000, "calculatedEbitda": 557301000}, {"date": "2008-12-31", "symbol": "LVS", "reportedCurrency": "USD", "cik": "0001300514", "fillingDate": "2009-03-02", "acceptedDate": "2009-02-27 20:34:56", "calendarYear": "2008", "period": "FY", "revenue": 4389946000, "costOfRevenue": 2768752000, "grossProfit": 1621194000, "grossProfitRatio": 0.3692970255, "researchAndDevelopmentExpenses": 12789000, "generalAndAdministrativeExpenses": 850746000, "sellingAndMarketingExpenses": 0, "sellingGeneralAndAdministrativeExpenses": 850746000, "otherExpenses": 0, "operatingExpenses": 1419963000, "costAndExpenses": 4188715000, "interestIncome": 19786000, "interestExpense": 421825000, "depreciationAndAmortization": 533151000, "ebitda": 754168000, "ebitdaratio": 0.1717943683, "operatingIncome": 163663000, "operatingIncomeRatio": 0.0372813242, "totalOtherIncomeExpensesNet": -27217000, "incomeBeforeTax": -228025000, "incomeBeforeTaxRatio": -0.0519425524, "incomeTaxExpense": -59700000, "netIncome": -163558000, "netIncomeRatio": -0.0372574059, "eps": -0.42, "epsdiluted": -0.42, "weightedAverageShsOut": 392131375, "weightedAverageShsOutDil": 392131375, "link": "https://www.sec.gov/Archives/edgar/data/1300514/000095015309000169/0000950153-09-000169-index.htm", "finalLink": "https://www.sec.gov/Archives/edgar/data/1300514/000095015309000169/p14105e10vk.htm", "calculatedOtherExpenses": 593996000, "calculatedOperatingExpenses": 1457531000, "calculatedNetInterest": -402039000, "calculatedOtherIncome": 10351000, "calculatedIncomeNonControlling": -4767000, "calculatedEbitda": 696814000}, {"date": "2007-12-31", "symbol": "LVS", "reportedCurrency": "USD", "cik": "0001300514", "fillingDate": "2008-02-29", "acceptedDate": "2008-02-29 06:10:18", "calendarYear": "2007", "period": "FY", "revenue": 2950567000, "costOfRevenue": 1745843000, "grossProfit": 1204724000, "grossProfitRatio": 0.4083025398, "researchAndDevelopmentExpenses": 9728000, "generalAndAdministrativeExpenses": 319357000, "sellingAndMarketingExpenses": 341950000, "sellingGeneralAndAdministrativeExpenses": 661307000, "otherExpenses": 0, "operatingExpenses": 874714000, "costAndExpenses": 2620557000, "interestIncome": 72464000, "interestExpense": -244808000, "depreciationAndAmortization": 252782000, "ebitda": 603301000, "ebitdaratio": 0.2044695138, "operatingIncome": 330010000, "operatingIncomeRatio": 0.1118462994, "totalOtherIncomeExpensesNet": -20509000, "incomeBeforeTax": 138279000, "incomeBeforeTaxRatio": 0.0468652296, "incomeTaxExpense": 21591000, "netIncome": 116688000, "netIncomeRatio": 0.039547653, "eps": 0.33, "epsdiluted": 0.33, "weightedAverageShsOut": 354807700, "weightedAverageShsOutDil": 355789619, "link": "https://www.sec.gov/Archives/edgar/data/1300514/000095012408000952/0000950124-08-000952-index.htm", "finalLink": "https://www.sec.gov/Archives/edgar/data/1300514/000095012408000952/p75030e10vk.htm", "calculatedOtherExpenses": 203679000, "calculatedOperatingExpenses": 874714000, "calculatedNetInterest": 317272000, "calculatedOtherIncome": -509003000, "calculatedIncomeNonControlling": 0, "calculatedEbitda": 582792000}, {"date": "2006-12-31", "symbol": "LVS", "reportedCurrency": "USD", "cik": "0001300514", "fillingDate": "2007-02-28", "acceptedDate": "2007-02-28 16:09:56", "calendarYear": "2006", "period": "FY", "revenue": 2236859000, "costOfRevenue": 1164112000, "grossProfit": 1072747000, "grossProfitRatio": 0.4795773895, "researchAndDevelopmentExpenses": 0, "generalAndAdministrativeExpenses": 230355000, "sellingAndMarketingExpenses": 154900000, "sellingGeneralAndAdministrativeExpenses": 385255000, "otherExpenses": 0, "operatingExpenses": 498650000, "costAndExpenses": 1662762000, "interestIncome": 66191000, "interestExpense": -135853000, "depreciationAndAmortization": 119977000, "ebitda": 696887000, "ebitdaratio": 0.3115471293, "operatingIncome": 574097000, "operatingIncomeRatio": 0.2566531909, "totalOtherIncomeExpensesNet": -2813000, "incomeBeforeTax": 504246000, "incomeBeforeTaxRatio": 0.2254259209, "incomeTaxExpense": 62243000, "netIncome": 442003000, "netIncomeRatio": 0.1975998487, "eps": 1.25, "epsdiluted": 1.24, "weightedAverageShsOut": 354277941, "weightedAverageShsOutDil": 355264444, "link": "https://www.sec.gov/Archives/edgar/data/1300514/000095015307000439/0000950153-07-000439-index.htm", "finalLink": "https://www.sec.gov/Archives/edgar/data/1300514/000095015307000439/p73516e10vk.htm", "calculatedOtherExpenses": 113395000, "calculatedOperatingExpenses": 498650000, "calculatedNetInterest": 202044000, "calculatedOtherIncome": -271895000, "calculatedIncomeNonControlling": 0, "calculatedEbitda": 694074000}, {"date": "2005-12-31", "symbol": "LVS", "reportedCurrency": "USD", "cik": "0001300514", "fillingDate": "2006-03-02", "acceptedDate": "2006-03-02 16:48:45", "calendarYear": "2005", "period": "FY", "revenue": 1740912000, "costOfRevenue": 873452000, "grossProfit": 867460000, "grossProfitRatio": 0.4982790629, "researchAndDevelopmentExpenses": 0, "generalAndAdministrativeExpenses": 192806000, "sellingAndMarketingExpenses": 88466000, "sellingGeneralAndAdministrativeExpenses": 281272000, "otherExpenses": 0, "operatingExpenses": 378009000, "costAndExpenses": 1251461000, "interestIncome": 33111000, "interestExpense": -96292000, "depreciationAndAmortization": 99796000, "ebitda": 729022000, "ebitdaratio": 0.4187586736, "operatingIncome": 489451000, "operatingIncomeRatio": 0.2811463187, "totalOtherIncomeExpensesNet": -139775000, "incomeBeforeTax": 287936000, "incomeBeforeTaxRatio": 0.1653937706, "incomeTaxExpense": 4250000, "netIncome": 283686000, "netIncomeRatio": 0.1629525214, "eps": 0.8, "epsdiluted": 0.8, "weightedAverageShsOut": 354161165, "weightedAverageShsOutDil": 354526604, "link": "https://www.sec.gov/Archives/edgar/data/1300514/000095012306002497/0000950123-06-002497-index.htm", "finalLink": "https://www.sec.gov/Archives/edgar/data/1300514/000095012306002497/p71940e10vk.htm", "calculatedOtherExpenses": 96737000, "calculatedOperatingExpenses": 378009000, "calculatedNetInterest": 129403000, "calculatedOtherIncome": -330918000, "calculatedIncomeNonControlling": 0, "calculatedEbitda": 589247000}, {"date": "2004-12-31", "symbol": "LVS", "reportedCurrency": "USD", "cik": "0001300514", "fillingDate": "2005-03-31", "acceptedDate": "2005-04-01 06:27:46", "calendarYear": "2004", "period": "FY", "revenue": 1197056000, "costOfRevenue": 541721000, "grossProfit": 655335000, "grossProfitRatio": 0.5474555911, "researchAndDevelopmentExpenses": 0, "generalAndAdministrativeExpenses": 173088000, "sellingAndMarketingExpenses": 180274000, "sellingGeneralAndAdministrativeExpenses": 353362000, "otherExpenses": 0, "operatingExpenses": 36867000, "costAndExpenses": 578588000, "interestIncome": 7740000, "interestExpense": -138077000, "depreciationAndAmortization": 76324000, "ebitda": 315549000, "ebitdaratio": 0.263604209, "operatingIncome": 618468000, "operatingIncomeRatio": 0.5166575331, "totalOtherIncomeExpensesNet": 379243000, "incomeBeforeTax": 481447000, "incomeBeforeTaxRatio": 0.4021925457, "incomeTaxExpense": -13736000, "netIncome": 495183000, "netIncomeRatio": 0.4136673639, "eps": 1.52, "epsdiluted": 1.52, "weightedAverageShsOut": 326486740, "weightedAverageShsOutDil": 326848911, "link": "https://www.sec.gov/Archives/edgar/data/1300514/000119312505067595/0001193125-05-067595-index.htm", "finalLink": "https://www.sec.gov/Archives/edgar/data/1300514/000119312505067595/d10k.htm", "calculatedOtherExpenses": -316495000, "calculatedOperatingExpenses": 36867000, "calculatedNetInterest": 145817000, "calculatedOtherIncome": -282838000, "calculatedIncomeNonControlling": 0, "calculatedEbitda": 694792000}, {"date": "2003-12-31", "symbol": "LVS", "reportedCurrency": "USD", "cik": "0001300514", "fillingDate": "2003-12-31", "acceptedDate": "2003-12-30 19:00:00", "calendarYear": "2003", "period": "FY", "revenue": 691754000, "costOfRevenue": 0, "grossProfit": 691754000, "grossProfitRatio": 1, "researchAndDevelopmentExpenses": 0, "generalAndAdministrativeExpenses": 0, "sellingAndMarketingExpenses": 0, "sellingGeneralAndAdministrativeExpenses": 126134000, "otherExpenses": 0, "operatingExpenses": 505628000, "costAndExpenses": 505628000, "interestIncome": 0, "interestExpense": 0, "depreciationAndAmortization": 53859000, "ebitda": 239160000, "ebitdaratio": 0.3457298404, "operatingIncome": 186126000, "operatingIncomeRatio": 0.269063858, "totalOtherIncomeExpensesNet": 825000, "incomeBeforeTax": 66634000, "incomeBeforeTaxRatio": 0.0963261506, "incomeTaxExpense": 119492000, "netIncome": 66634000, "netIncomeRatio": 0.0963261506, "eps": 0.21, "epsdiluted": 0.2, "weightedAverageShsOut": 324658394, "weightedAverageShsOutDil": 325190459, "link": null, "finalLink": null, "calculatedOtherExpenses": 379494000, "calculatedOperatingExpenses": 505628000, "calculatedNetInterest": 0, "calculatedOtherIncome": -119492000, "calculatedIncomeNonControlling": -119492000, "calculatedEbitda": 239985000}, {"date": "2002-12-31", "symbol": "LVS", "reportedCurrency": "USD", "cik": "0001300514", "fillingDate": "2002-12-31", "acceptedDate": "2002-12-30 19:00:00", "calendarYear": "2002", "period": "FY", "revenue": 623336000, "costOfRevenue": 0, "grossProfit": 623336000, "grossProfitRatio": 1, "researchAndDevelopmentExpenses": 0, "generalAndAdministrativeExpenses": 0, "sellingAndMarketingExpenses": 0, "sellingGeneralAndAdministrativeExpenses": 112913000, "otherExpenses": 0, "operatingExpenses": 463401000, "costAndExpenses": 463401000, "interestIncome": 0, "interestExpense": 0, "depreciationAndAmortization": 46662000, "ebitda": 205552000, "ebitdaratio": 0.3297611561, "operatingIncome": 159935000, "operatingIncomeRatio": 0.2565791162, "totalOtherIncomeExpensesNet": 1045000, "incomeBeforeTax": 160980000, "incomeBeforeTaxRatio": 0.2582555797, "incomeTaxExpense": 171779000, "netIncome": -11844000, "netIncomeRatio": -0.0190009882, "eps": -9.71, "epsdiluted": -9.71, "weightedAverageShsOut": 1220370, "weightedAverageShsOutDil": 1220370, "link": null, "finalLink": null, "calculatedOtherExpenses": 350488000, "calculatedOperatingExpenses": 463401000, "calculatedNetInterest": 0, "calculatedOtherIncome": 1045000, "calculatedIncomeNonControlling": 1045000, "calculatedEbitda": 206597000}, {"date": "2001-12-31", "symbol": "LVS", "reportedCurrency": "USD", "cik": "0001300514", "fillingDate": "2001-12-31", "acceptedDate": "2001-12-30 19:00:00", "calendarYear": "2001", "period": "FY", "revenue": 586973000, "costOfRevenue": 0, "grossProfit": 586973000, "grossProfitRatio": 1, "researchAndDevelopmentExpenses": 0, "generalAndAdministrativeExpenses": 0, "sellingAndMarketingExpenses": 0, "sellingGeneralAndAdministrativeExpenses": 0, "otherExpenses": 0, "operatingExpenses": 456771000, "costAndExpenses": 456771000, "interestIncome": 0, "interestExpense": 0, "depreciationAndAmortization": 1938000, "ebitda": 132140000, "ebitdaratio": 0.2251210873, "operatingIncome": 130202000, "operatingIncomeRatio": 0.2218194023, "totalOtherIncomeExpensesNet": -1938000, "incomeBeforeTax": 7874000, "incomeBeforeTaxRatio": 0.0134145864, "incomeTaxExpense": 120390000, "netIncome": 7874000, "netIncomeRatio": 0.0134145864, "eps": 0.02, "epsdiluted": 0.02, "weightedAverageShsOut": 393700000, "weightedAverageShsOutDil": 393700000, "link": null, "finalLink": null, "calculatedOtherExpenses": 456771000, "calculatedOperatingExpenses": 456771000, "calculatedNetInterest": 0, "calculatedOtherIncome": -122328000, "calculatedIncomeNonControlling": -120390000, "calculatedEbitda": 132140000}, {"date": "2000-12-31", "symbol": "LVS", "reportedCurrency": "USD", "cik": "0001300514", "fillingDate": "2000-12-31", "acceptedDate": "2000-12-30 19:00:00", "calendarYear": "2000", "period": "FY", "revenue": 641199000, "costOfRevenue": 0, "grossProfit": 641199000, "grossProfitRatio": 1, "researchAndDevelopmentExpenses": 0, "generalAndAdministrativeExpenses": 0, "sellingAndMarketingExpenses": 0, "sellingGeneralAndAdministrativeExpenses": 0, "otherExpenses": 0, "operatingExpenses": 490239000, "costAndExpenses": 490239000, "interestIncome": 0, "interestExpense": 0, "depreciationAndAmortization": 0, "ebitda": 150960000, "ebitdaratio": 0.2354339292, "operatingIncome": 150960000, "operatingIncomeRatio": 0.2354339292, "totalOtherIncomeExpensesNet": -134098000, "incomeBeforeTax": 16862000, "incomeBeforeTaxRatio": 0.0262976081, "incomeTaxExpense": 0, "netIncome": 16862000, "netIncomeRatio": 0.0262976081, "eps": 0.05, "epsdiluted": 0.05, "weightedAverageShsOut": 337240000, "weightedAverageShsOutDil": 337240000, "link": null, "finalLink": null, "calculatedOtherExpenses": 490239000, "calculatedOperatingExpenses": 490239000, "calculatedNetInterest": 0, "calculatedOtherIncome": -134098000, "calculatedIncomeNonControlling": 0, "calculatedEbitda": 150960000}]}