{"originalCurrency": "USD", "convertedCurrency": "USD", "report": [{"date": "2023-12-31", "symbol": "LXP", "reportedCurrency": "USD", "cik": "0000910108", "fillingDate": "2024-02-15", "acceptedDate": "2024-02-15 14:15:12", "calendarYear": "2023", "period": "FY", "revenue": 340503000, "costOfRevenue": 241918000, "grossProfit": 98585000, "grossProfitRatio": 0.2895275519, "researchAndDevelopmentExpenses": 0, "generalAndAdministrativeExpenses": 36334000, "sellingAndMarketingExpenses": 0, "sellingGeneralAndAdministrativeExpenses": 36334000, "otherExpenses": 2982000, "operatingExpenses": 36302000, "costAndExpenses": 278220000, "interestIncome": 0, "interestExpense": 46389000, "depreciationAndAmortization": 190676000, "ebitda": 255941000, "ebitdaratio": 0.7516556389, "operatingIncome": 2982000, "operatingIncomeRatio": 0.0087576321, "totalOtherIncomeExpensesNet": 19366000, "incomeBeforeTax": 35260000, "incomeBeforeTaxRatio": 0.1035526853, "incomeTaxExpense": 703000, "netIncome": 23863000, "netIncomeRatio": 0.0700816146, "eps": 0.0822, "epsdiluted": 0.0819, "weightedAverageShsOut": 290245877, "weightedAverageShsOutDil": 291193514, "link": "https://www.sec.gov/Archives/edgar/data/910108/000144483824000053/0001444838-24-000053-index.htm", "finalLink": "https://www.sec.gov/Archives/edgar/data/910108/000144483824000053/lxp-20231231.htm", "calculatedOtherExpenses": 59269000, "calculatedOperatingExpenses": 95603000, "calculatedNetInterest": -46389000, "calculatedOtherIncome": 78667000, "calculatedIncomeNonControlling": 10694000, "calculatedEbitda": 193658000}, {"date": "2022-12-31", "symbol": "LXP", "reportedCurrency": "USD", "cik": "0000910108", "fillingDate": "2023-02-16", "acceptedDate": "2023-02-16 13:35:25", "calendarYear": "2022", "period": "FY", "revenue": 321245000, "costOfRevenue": 235437000, "grossProfit": 85808000, "grossProfitRatio": 0.2671107722, "researchAndDevelopmentExpenses": 0, "generalAndAdministrativeExpenses": 38714000, "sellingAndMarketingExpenses": 47059000, "sellingGeneralAndAdministrativeExpenses": 38714000, "otherExpenses": 93000, "operatingExpenses": 38807000, "costAndExpenses": 274244000, "interestIncome": 45417000, "interestExpense": 45417000, "depreciationAndAmortization": 187399000, "ebitda": 47936000, "ebitdaratio": 0.1492194431, "operatingIncome": -139463000, "operatingIncomeRatio": -0.434132827, "totalOtherIncomeExpensesNet": 240802000, "incomeBeforeTax": 101339000, "incomeBeforeTaxRatio": 0.3154570499, "incomeTaxExpense": 1102000, "netIncome": 113783000, "netIncomeRatio": 0.3541938396, "eps": 0.38, "epsdiluted": 0.38, "weightedAverageShsOut": 279887760, "weightedAverageShsOutDil": 282473458, "link": "https://www.sec.gov/Archives/edgar/data/910108/000144483823000006/0001444838-23-000006-index.htm", "finalLink": "https://www.sec.gov/Archives/edgar/data/910108/000144483823000006/lxp-20221231.htm", "calculatedOtherExpenses": 186557000, "calculatedOperatingExpenses": 225271000, "calculatedNetInterest": 0, "calculatedOtherIncome": 240802000, "calculatedIncomeNonControlling": -13546000, "calculatedEbitda": 47936000}, {"date": "2021-12-31", "symbol": "LXP", "reportedCurrency": "USD", "cik": "0000910108", "fillingDate": "2022-02-24", "acceptedDate": "2022-02-24 15:39:10", "calendarYear": "2021", "period": "FY", "revenue": 343997000, "costOfRevenue": 224460000, "grossProfit": 119537000, "grossProfitRatio": 0.3474943095, "researchAndDevelopmentExpenses": 0, "generalAndAdministrativeExpenses": 35458000, "sellingAndMarketingExpenses": 0, "sellingGeneralAndAdministrativeExpenses": 35458000, "otherExpenses": 1364000, "operatingExpenses": 35458000, "costAndExpenses": 259918000, "interestIncome": 46708000, "interestExpense": 46708000, "depreciationAndAmortization": 183249000, "ebitda": 85443000, "ebitdaratio": 0.2483829801, "operatingIncome": -97806000, "operatingIncomeRatio": -0.284322247, "totalOtherIncomeExpensesNet": 484380000, "incomeBeforeTax": 386574000, "incomeBeforeTaxRatio": 1.1237714282, "incomeTaxExpense": 1293000, "netIncome": 382648000, "netIncomeRatio": 1.112358538, "eps": 1.35, "epsdiluted": 1.34, "weightedAverageShsOut": 277640835, "weightedAverageShsOutDil": 287369742, "link": "https://www.sec.gov/Archives/edgar/data/910108/000144483822000004/0001444838-22-000004-index.htm", "finalLink": "https://www.sec.gov/Archives/edgar/data/910108/000144483822000004/lxp-20211231.htm", "calculatedOtherExpenses": 181885000, "calculatedOperatingExpenses": 217343000, "calculatedNetInterest": 0, "calculatedOtherIncome": 484380000, "calculatedIncomeNonControlling": 2633000, "calculatedEbitda": 85443000}, {"date": "2020-12-31", "symbol": "LXP", "reportedCurrency": "USD", "cik": "0000910108", "fillingDate": "2021-02-18", "acceptedDate": "2021-02-18 16:30:53", "calendarYear": "2020", "period": "FY", "revenue": 330448000, "costOfRevenue": 203506000, "grossProfit": 126942000, "grossProfitRatio": 0.3841512129, "researchAndDevelopmentExpenses": 0, "generalAndAdministrativeExpenses": 30371000, "sellingAndMarketingExpenses": 0, "sellingGeneralAndAdministrativeExpenses": 30371000, "otherExpenses": 743000, "operatingExpenses": 30371000, "costAndExpenses": 233877000, "interestIncome": 55201000, "interestExpense": 55201000, "depreciationAndAmortization": 168023000, "ebitda": 97314000, "ebitdaratio": 0.2944911151, "operatingIncome": -70709000, "operatingIncomeRatio": -0.213979204, "totalOtherIncomeExpensesNet": 258853000, "incomeBeforeTax": 188144000, "incomeBeforeTaxRatio": 0.5693603835, "incomeTaxExpense": 1584000, "netIncome": 183302000, "netIncomeRatio": 0.5547075485, "eps": 0.66, "epsdiluted": 0.66, "weightedAverageShsOut": 266914843, "weightedAverageShsOutDil": 268182552, "link": "https://www.sec.gov/Archives/edgar/data/910108/000144483821000004/0001444838-21-000004-index.htm", "finalLink": "https://www.sec.gov/Archives/edgar/data/910108/000144483821000004/lxp-20201231.htm", "calculatedOtherExpenses": 167280000, "calculatedOperatingExpenses": 197651000, "calculatedNetInterest": 0, "calculatedOtherIncome": 258853000, "calculatedIncomeNonControlling": 3258000, "calculatedEbitda": 97314000}, {"date": "2019-12-31", "symbol": "LXP", "reportedCurrency": "USD", "cik": "0000910108", "fillingDate": "2020-02-20", "acceptedDate": "2020-02-20 15:53:41", "calendarYear": "2019", "period": "FY", "revenue": 325969000, "costOfRevenue": 189612000, "grossProfit": 136357000, "grossProfitRatio": 0.4183127843, "researchAndDevelopmentExpenses": 0, "generalAndAdministrativeExpenses": 30785000, "sellingAndMarketingExpenses": 0, "sellingGeneralAndAdministrativeExpenses": 30785000, "otherExpenses": 2262000, "operatingExpenses": 30785000, "costAndExpenses": 220397000, "interestIncome": 65095000, "interestExpense": 65095000, "depreciationAndAmortization": 154085000, "ebitda": 107834000, "ebitdaratio": 0.3308105986, "operatingIncome": -46251000, "operatingIncomeRatio": -0.1418877255, "totalOtherIncomeExpensesNet": 330033000, "incomeBeforeTax": 283782000, "incomeBeforeTaxRatio": 0.8705797177, "incomeTaxExpense": 1379000, "netIncome": 279910000, "netIncomeRatio": 0.8587012875, "eps": 1.15, "epsdiluted": 1.15, "weightedAverageShsOut": 237642048, "weightedAverageShsOutDil": 237934515, "link": "https://www.sec.gov/Archives/edgar/data/910108/000144483820000003/0001444838-20-000003-index.htm", "finalLink": "https://www.sec.gov/Archives/edgar/data/910108/000144483820000003/lxp2019123110k.htm", "calculatedOtherExpenses": 151823000, "calculatedOperatingExpenses": 182608000, "calculatedNetInterest": 0, "calculatedOtherIncome": 330033000, "calculatedIncomeNonControlling": 2493000, "calculatedEbitda": 107834000}, {"date": "2018-12-31", "symbol": "LXP", "reportedCurrency": "USD", "cik": "0000910108", "fillingDate": "2019-03-13", "acceptedDate": "2019-03-12 21:23:37", "calendarYear": "2018", "period": "FY", "revenue": 395339000, "costOfRevenue": 210866000, "grossProfit": 184473000, "grossProfitRatio": 0.4666197871, "researchAndDevelopmentExpenses": 0, "generalAndAdministrativeExpenses": 31662000, "sellingAndMarketingExpenses": 0, "sellingGeneralAndAdministrativeExpenses": 31662000, "otherExpenses": 3491000, "operatingExpenses": 31662000, "costAndExpenses": 242528000, "interestIncome": 0, "interestExpense": 79880000, "depreciationAndAmortization": 172088000, "ebitda": 156302000, "ebitdaratio": 0.3953619552, "operatingIncome": 152811000, "operatingIncomeRatio": 0.386531559, "totalOtherIncomeExpensesNet": 157995000, "incomeBeforeTax": 230926000, "incomeBeforeTaxRatio": 0.5841214755, "incomeTaxExpense": 1728000, "netIncome": 227415000, "netIncomeRatio": 0.5752404898, "eps": 0.96, "epsdiluted": 0.94, "weightedAverageShsOut": 236666375, "weightedAverageShsOutDil": 240810990, "link": "https://www.sec.gov/Archives/edgar/data/910108/000144483819000010/0001444838-19-000010-index.htm", "finalLink": "https://www.sec.gov/Archives/edgar/data/910108/000144483819000010/lxp2018123110k.htm", "calculatedOtherExpenses": 0, "calculatedOperatingExpenses": 31662000, "calculatedNetInterest": -79880000, "calculatedOtherIncome": 157995000, "calculatedIncomeNonControlling": 1783000, "calculatedEbitda": 324899000}, {"date": "2017-12-31", "symbol": "LXP", "reportedCurrency": "USD", "cik": "0000910108", "fillingDate": "2018-02-27", "acceptedDate": "2018-02-27 09:48:19", "calendarYear": "2017", "period": "FY", "revenue": 391641000, "costOfRevenue": 223162000, "grossProfit": 168479000, "grossProfitRatio": 0.4301873399, "researchAndDevelopmentExpenses": 0, "generalAndAdministrativeExpenses": 34158000, "sellingAndMarketingExpenses": 0, "sellingGeneralAndAdministrativeExpenses": 34158000, "otherExpenses": 10378000, "operatingExpenses": 34158000, "costAndExpenses": 257320000, "interestIncome": 0, "interestExpense": 77883000, "depreciationAndAmortization": 177561000, "ebitda": 322260000, "ebitdaratio": 0.822845412, "operatingIncome": 134321000, "operatingIncomeRatio": 0.3429697095, "totalOtherIncomeExpensesNet": 32956000, "incomeBeforeTax": 89394000, "incomeBeforeTaxRatio": 0.228254958, "incomeTaxExpense": 1917000, "netIncome": 85583000, "netIncomeRatio": 0.2185241075, "eps": 0.33, "epsdiluted": 0.33, "weightedAverageShsOut": 237758408, "weightedAverageShsOutDil": 241537837, "link": "https://www.sec.gov/Archives/edgar/data/910108/000144483818000006/0001444838-18-000006-index.htm", "finalLink": "https://www.sec.gov/Archives/edgar/data/790877/000144483818000006/lxplcif2017123110k.htm", "calculatedOtherExpenses": 0, "calculatedOperatingExpenses": 34158000, "calculatedNetInterest": -77883000, "calculatedOtherIncome": 32956000, "calculatedIncomeNonControlling": 1894000, "calculatedEbitda": 311882000}, {"date": "2016-12-31", "symbol": "LXP", "reportedCurrency": "USD", "cik": "0000910108", "fillingDate": "2017-03-01", "acceptedDate": "2017-02-28 22:02:06", "calendarYear": "2016", "period": "FY", "revenue": 429496000, "costOfRevenue": 213403000, "grossProfit": 216093000, "grossProfitRatio": 0.5031315775, "researchAndDevelopmentExpenses": 0, "generalAndAdministrativeExpenses": 31104000, "sellingAndMarketingExpenses": 0, "sellingGeneralAndAdministrativeExpenses": 31104000, "otherExpenses": 13043000, "operatingExpenses": 31104000, "costAndExpenses": 244507000, "interestIncome": 0, "interestExpense": 88032000, "depreciationAndAmortization": 170038000, "ebitda": 198032000, "ebitdaratio": 0.4610799635, "operatingIncome": 184989000, "operatingIncomeRatio": 0.4307118111, "totalOtherIncomeExpensesNet": -6658000, "incomeBeforeTax": 90299000, "incomeBeforeTaxRatio": 0.2102441001, "incomeTaxExpense": 1439000, "netIncome": 95624000, "netIncomeRatio": 0.2226423529, "eps": 0.38, "epsdiluted": 0.37, "weightedAverageShsOut": 233633058, "weightedAverageShsOutDil": 237679031, "link": "https://www.sec.gov/Archives/edgar/data/910108/000144483817000010/0001444838-17-000010-index.htm", "finalLink": "https://www.sec.gov/Archives/edgar/data/790877/000144483817000010/lxplcif2016123110kv2.htm", "calculatedOtherExpenses": 0, "calculatedOperatingExpenses": 31104000, "calculatedNetInterest": -88032000, "calculatedOtherIncome": -6658000, "calculatedIncomeNonControlling": -6764000, "calculatedEbitda": 355027000}, {"date": "2015-12-31", "symbol": "LXP", "reportedCurrency": "USD", "cik": "0000910108", "fillingDate": "2016-02-25", "acceptedDate": "2016-02-25 09:19:03", "calendarYear": "2015", "period": "FY", "revenue": 430839000, "costOfRevenue": 222853000, "grossProfit": 207986000, "grossProfitRatio": 0.4827464552, "researchAndDevelopmentExpenses": 0, "generalAndAdministrativeExpenses": 29276000, "sellingAndMarketingExpenses": 0, "sellingGeneralAndAdministrativeExpenses": 29276000, "otherExpenses": 11429000, "operatingExpenses": 29276000, "costAndExpenses": 252129000, "interestIncome": 0, "interestExpense": 89739000, "depreciationAndAmortization": 167186000, "ebitda": 190139000, "ebitdaratio": 0.4413226286, "operatingIncome": 178710000, "operatingIncomeRatio": 0.414795318, "totalOtherIncomeExpensesNet": 23054000, "incomeBeforeTax": 112025000, "incomeBeforeTaxRatio": 0.2600159224, "incomeTaxExpense": 568000, "netIncome": 111703000, "netIncomeRatio": 0.2592685435, "eps": 0.45, "epsdiluted": 0.45, "weightedAverageShsOut": 233455056, "weightedAverageShsOutDil": 233751775, "link": "https://www.sec.gov/Archives/edgar/data/910108/000144483816000058/0001444838-16-000058-index.htm", "finalLink": "https://www.sec.gov/Archives/edgar/data/910108/000144483816000058/lxp2015123110k.htm", "calculatedOtherExpenses": 0, "calculatedOperatingExpenses": 29276000, "calculatedNetInterest": -89739000, "calculatedOtherIncome": 23054000, "calculatedIncomeNonControlling": -246000, "calculatedEbitda": 345896000}, {"date": "2014-12-31", "symbol": "LXP", "reportedCurrency": "USD", "cik": "0000910108", "fillingDate": "2015-02-26", "acceptedDate": "2015-02-26 16:19:18", "calendarYear": "2014", "period": "FY", "revenue": 424372000, "costOfRevenue": 218510000, "grossProfit": 205862000, "grossProfitRatio": 0.4850979801, "researchAndDevelopmentExpenses": 0, "generalAndAdministrativeExpenses": 28255000, "sellingAndMarketingExpenses": 0, "sellingGeneralAndAdministrativeExpenses": 28255000, "otherExpenses": 13951000, "operatingExpenses": 28255000, "costAndExpenses": 246765000, "interestIncome": 0, "interestExpense": 97303000, "depreciationAndAmortization": 167289000, "ebitda": 191558000, "ebitdaratio": 0.4513917035, "operatingIncome": 177607000, "operatingIncomeRatio": 0.4185172443, "totalOtherIncomeExpensesNet": -31979000, "incomeBeforeTax": 48325000, "incomeBeforeTaxRatio": 0.1138741482, "incomeTaxExpense": 1109000, "netIncome": 93104000, "netIncomeRatio": 0.2193924199, "eps": 0.38, "epsdiluted": 0.38, "weightedAverageShsOut": 228966253, "weightedAverageShsOutDil": 229436708, "link": "https://www.sec.gov/Archives/edgar/data/910108/000144483815000008/0001444838-15-000008-index.htm", "finalLink": "https://www.sec.gov/Archives/edgar/data/910108/000144483815000008/lxp2014123110k.htm", "calculatedOtherExpenses": 0, "calculatedOperatingExpenses": 28255000, "calculatedNetInterest": -97303000, "calculatedOtherIncome": -31979000, "calculatedIncomeNonControlling": -45888000, "calculatedEbitda": 344896000}, {"date": "2013-12-31", "symbol": "LXP", "reportedCurrency": "USD", "cik": "0000910108", "fillingDate": "2014-02-26", "acceptedDate": "2014-02-26 17:17:53", "calendarYear": "2013", "period": "FY", "revenue": 398440000, "costOfRevenue": 236467000, "grossProfit": 161973000, "grossProfitRatio": 0.4065179199, "researchAndDevelopmentExpenses": 0, "generalAndAdministrativeExpenses": 28973000, "sellingAndMarketingExpenses": 0, "sellingGeneralAndAdministrativeExpenses": 28973000, "otherExpenses": 8515000, "operatingExpenses": 28973000, "costAndExpenses": 265440000, "interestIncome": 0, "interestExpense": 91271000, "depreciationAndAmortization": 183833000, "ebitda": 141515000, "ebitdaratio": 0.3551726734, "operatingIncome": 133000000, "operatingIncomeRatio": 0.3338018271, "totalOtherIncomeExpensesNet": -52461000, "incomeBeforeTax": -10732000, "incomeBeforeTaxRatio": -0.0269350467, "incomeTaxExpense": 3259000, "netIncome": 1630000, "netIncomeRatio": 0.0040909547, "eps": -0.07, "epsdiluted": -0.07, "weightedAverageShsOut": 206633829, "weightedAverageShsOutDil": 209797238, "link": "https://www.sec.gov/Archives/edgar/data/910108/000144483814000007/0001444838-14-000007-index.htm", "finalLink": "https://www.sec.gov/Archives/edgar/data/910108/000144483814000007/lxp2013123110k.htm", "calculatedOtherExpenses": 0, "calculatedOperatingExpenses": 28973000, "calculatedNetInterest": -91271000, "calculatedOtherIncome": -52461000, "calculatedIncomeNonControlling": -15621000, "calculatedEbitda": 316833000}, {"date": "2012-12-31", "symbol": "LXP", "reportedCurrency": "USD", "cik": "0000910108", "fillingDate": "2013-02-25", "acceptedDate": "2013-02-25 16:11:17", "calendarYear": "2012", "period": "FY", "revenue": 344879000, "costOfRevenue": 222089000, "grossProfit": 122790000, "grossProfitRatio": 0.3560379147, "researchAndDevelopmentExpenses": 0, "generalAndAdministrativeExpenses": 23956000, "sellingAndMarketingExpenses": 0, "sellingGeneralAndAdministrativeExpenses": 23956000, "otherExpenses": 6888000, "operatingExpenses": 23956000, "costAndExpenses": 246045000, "interestIncome": 0, "interestExpense": 98803000, "depreciationAndAmortization": 171969000, "ebitda": 105722000, "ebitdaratio": 0.3065480937, "operatingIncome": 98834000, "operatingIncomeRatio": 0.2865758715, "totalOtherIncomeExpensesNet": 158235000, "incomeBeforeTax": 158266000, "incomeBeforeTaxRatio": 0.4589029776, "incomeTaxExpense": 941000, "netIncome": 180316000, "netIncomeRatio": 0.5228384448, "eps": 0.99, "epsdiluted": 0.93, "weightedAverageShsOut": 159109424, "weightedAverageShsOutDil": 179659826, "link": "https://www.sec.gov/Archives/edgar/data/910108/000144483813000008/0001444838-13-000008-index.htm", "finalLink": "https://www.sec.gov/Archives/edgar/data/910108/000144483813000008/lxp2012123110k.htm", "calculatedOtherExpenses": 0, "calculatedOperatingExpenses": 23956000, "calculatedNetInterest": -98803000, "calculatedOtherIncome": 158235000, "calculatedIncomeNonControlling": -22991000, "calculatedEbitda": 270803000}, {"date": "2011-12-31", "symbol": "LXP", "reportedCurrency": "USD", "cik": "0000910108", "fillingDate": "2012-02-28", "acceptedDate": "2012-02-28 16:59:45", "calendarYear": "2011", "period": "FY", "revenue": 326914000, "costOfRevenue": 62361000, "grossProfit": 264553000, "grossProfitRatio": 0.8092434096, "researchAndDevelopmentExpenses": 0, "generalAndAdministrativeExpenses": 0, "sellingAndMarketingExpenses": 0, "sellingGeneralAndAdministrativeExpenses": 22211000, "otherExpenses": 162284000, "operatingExpenses": 184495000, "costAndExpenses": 246856000, "interestIncome": 0, "interestExpense": 107515000, "depreciationAndAmortization": 162284000, "ebitda": 242342000, "ebitdaratio": 0.7413019938, "operatingIncome": 80058000, "operatingIncomeRatio": 0.2448900934, "totalOtherIncomeExpensesNet": -53374000, "incomeBeforeTax": -80831000, "incomeBeforeTaxRatio": -0.2472546297, "incomeTaxExpense": -823000, "netIncome": -79584000, "netIncomeRatio": -0.2434401708, "eps": -0.52, "epsdiluted": -0.52, "weightedAverageShsOut": 152473336, "weightedAverageShsOutDil": 152473336, "link": "https://www.sec.gov/Archives/edgar/data/910108/000144483812000012/0001444838-12-000012-index.htm", "finalLink": "https://www.sec.gov/Archives/edgar/data/910108/000144483812000012/lxp2011123110k.htm", "calculatedOtherExpenses": 162284000, "calculatedOperatingExpenses": 184495000, "calculatedNetInterest": -107515000, "calculatedOtherIncome": -53374000, "calculatedIncomeNonControlling": -424000, "calculatedEbitda": 242342000}, {"date": "2010-12-31", "symbol": "LXP", "reportedCurrency": "USD", "cik": "0000910108", "fillingDate": "2011-02-28", "acceptedDate": "2011-02-28 17:10:33", "calendarYear": "2010", "period": "FY", "revenue": 342855000, "costOfRevenue": 235262000, "grossProfit": 107593000, "grossProfitRatio": 0.313814878, "researchAndDevelopmentExpenses": 0, "generalAndAdministrativeExpenses": 0, "sellingAndMarketingExpenses": 0, "sellingGeneralAndAdministrativeExpenses": 22487000, "otherExpenses": 0, "operatingExpenses": 22487000, "costAndExpenses": 257749000, "interestIncome": 0, "interestExpense": 123115000, "depreciationAndAmortization": 172301000, "ebitda": 257407000, "ebitdaratio": 0.750775109, "operatingIncome": 85106000, "operatingIncomeRatio": 0.2482273848, "totalOtherIncomeExpensesNet": 14090000, "incomeBeforeTax": -23919000, "incomeBeforeTaxRatio": -0.069764186, "incomeTaxExpense": 1556000, "netIncome": -32960000, "netIncomeRatio": -0.0961339342, "eps": -0.25, "epsdiluted": -0.25, "weightedAverageShsOut": 130985809, "weightedAverageShsOutDil": 130985809, "link": "https://www.sec.gov/Archives/edgar/data/910108/000114036111012709/0001140361-11-012709-index.htm", "finalLink": "https://www.sec.gov/Archives/edgar/data/910108/000114036111012709/form10k.htm", "calculatedOtherExpenses": 0, "calculatedOperatingExpenses": 22487000, "calculatedNetInterest": -123115000, "calculatedOtherIncome": 14090000, "calculatedIncomeNonControlling": 7485000, "calculatedEbitda": 257407000}, {"date": "2009-12-31", "symbol": "LXP", "reportedCurrency": "USD", "cik": "0000910108", "fillingDate": "2010-03-01", "acceptedDate": "2010-03-01 17:06:16", "calendarYear": "2009", "period": "FY", "revenue": 376621000, "costOfRevenue": 257462000, "grossProfit": 119159000, "grossProfitRatio": 0.3163896862, "researchAndDevelopmentExpenses": 0, "generalAndAdministrativeExpenses": 0, "sellingAndMarketingExpenses": 0, "sellingGeneralAndAdministrativeExpenses": 23586000, "otherExpenses": 0, "operatingExpenses": 23586000, "costAndExpenses": 281048000, "interestIncome": 0, "interestExpense": 131629000, "depreciationAndAmortization": 185208000, "ebitda": 280781000, "ebitdaratio": 0.74552667, "operatingIncome": 95573000, "operatingIncomeRatio": 0.2537643944, "totalOtherIncomeExpensesNet": 4972000, "incomeBeforeTax": -31084000, "incomeBeforeTaxRatio": -0.0825339001, "incomeTaxExpense": 2378000, "netIncome": -210152000, "netIncomeRatio": -0.5579933142, "eps": -1.92, "epsdiluted": -1.92, "weightedAverageShsOut": 109280955, "weightedAverageShsOutDil": 109280955, "link": "https://www.sec.gov/Archives/edgar/data/910108/000114420410010769/0001144204-10-010769-index.htm", "finalLink": "https://www.sec.gov/Archives/edgar/data/910108/000114420410010769/v175297_10k.htm", "calculatedOtherExpenses": 0, "calculatedOperatingExpenses": 23586000, "calculatedNetInterest": -131629000, "calculatedOtherIncome": 4972000, "calculatedIncomeNonControlling": 176690000, "calculatedEbitda": 280781000}, {"date": "2008-12-31", "symbol": "LXP", "reportedCurrency": "USD", "cik": "0000910108", "fillingDate": "2009-03-02", "acceptedDate": "2009-03-02 16:12:04", "calendarYear": "2008", "period": "FY", "revenue": 441231000, "costOfRevenue": 0, "grossProfit": 441231000, "grossProfitRatio": 1, "researchAndDevelopmentExpenses": 0, "generalAndAdministrativeExpenses": 0, "sellingAndMarketingExpenses": 0, "sellingGeneralAndAdministrativeExpenses": 112702000, "otherExpenses": 239899000, "operatingExpenses": 352601000, "costAndExpenses": 352601000, "interestIncome": 24410000, "interestExpense": 156063000, "depreciationAndAmortization": 248928000, "ebitda": 361968000, "ebitdaratio": 0.8203594036, "operatingIncome": 88630000, "operatingIncomeRatio": 0.2008698392, "totalOtherIncomeExpensesNet": 95329000, "incomeBeforeTax": 52306000, "incomeBeforeTaxRatio": 0.1185456144, "incomeTaxExpense": 3008000, "netIncome": 8465000, "netIncomeRatio": 0.0191849621, "eps": -0.28, "epsdiluted": -0.28, "weightedAverageShsOut": 67872590, "weightedAverageShsOutDil": 67872590, "link": "https://www.sec.gov/Archives/edgar/data/910108/000114420409011614/0001144204-09-011614-index.htm", "finalLink": "https://www.sec.gov/Archives/edgar/data/910108/000114420409011614/v141225_10k.htm", "calculatedOtherExpenses": 239899000, "calculatedOperatingExpenses": 352601000, "calculatedNetInterest": -131653000, "calculatedOtherIncome": 95329000, "calculatedIncomeNonControlling": 40833000, "calculatedEbitda": 337558000}, {"date": "2007-12-31", "symbol": "LXP", "reportedCurrency": "USD", "cik": "0000910108", "fillingDate": "2008-02-29", "acceptedDate": "2008-02-29 16:47:52", "calendarYear": "2007", "period": "FY", "revenue": 431747000, "costOfRevenue": 0, "grossProfit": 431747000, "grossProfitRatio": 1, "researchAndDevelopmentExpenses": 0, "generalAndAdministrativeExpenses": 39389000, "sellingAndMarketingExpenses": 0, "sellingGeneralAndAdministrativeExpenses": 39389000, "otherExpenses": 220544000, "operatingExpenses": 259933000, "costAndExpenses": 259933000, "interestIncome": 10726000, "interestExpense": 163628000, "depreciationAndAmortization": 253535000, "ebitda": 340407000, "ebitdaratio": 0.7884409156, "operatingIncome": 171814000, "operatingIncomeRatio": 0.3979506517, "totalOtherIncomeExpensesNet": 48831000, "incomeBeforeTax": -74392000, "incomeBeforeTaxRatio": -0.1723046136, "incomeTaxExpense": 3374000, "netIncome": 76851000, "netIncomeRatio": 0.1780000787, "eps": 0.77, "epsdiluted": 0.77, "weightedAverageShsOut": 64910123, "weightedAverageShsOutDil": 64910123, "link": "https://www.sec.gov/Archives/edgar/data/910108/000095012308002365/0000950123-08-002365-index.htm", "finalLink": "https://www.sec.gov/Archives/edgar/data/910108/000095012308002365/y50455e10vk.htm", "calculatedOtherExpenses": 220544000, "calculatedOperatingExpenses": 259933000, "calculatedNetInterest": -152902000, "calculatedOtherIncome": -93304000, "calculatedIncomeNonControlling": -154617000, "calculatedEbitda": 425349000}, {"date": "2006-12-31", "symbol": "LXP", "reportedCurrency": "USD", "cik": "0000910108", "fillingDate": "2007-03-01", "acceptedDate": "2007-03-01 16:41:55", "calendarYear": "2006", "period": "FY", "revenue": 207391000, "costOfRevenue": 0, "grossProfit": 207391000, "grossProfitRatio": 1, "researchAndDevelopmentExpenses": 0, "generalAndAdministrativeExpenses": 35530000, "sellingAndMarketingExpenses": 0, "sellingGeneralAndAdministrativeExpenses": 35530000, "otherExpenses": 77325000, "operatingExpenses": 112855000, "costAndExpenses": 112855000, "interestIncome": 0, "interestExpense": 0, "depreciationAndAmortization": 84734000, "ebitda": 170357000, "ebitdaratio": 0.8214290881, "operatingIncome": 94536000, "operatingIncomeRatio": 0.4558346312, "totalOtherIncomeExpensesNet": 8913000, "incomeBeforeTax": -3476000, "incomeBeforeTaxRatio": -0.0167606116, "incomeTaxExpense": -238000, "netIncome": 7753000, "netIncomeRatio": 0.037383493, "eps": -0.17, "epsdiluted": -0.17, "weightedAverageShsOut": 52163569, "weightedAverageShsOutDil": 52163569, "link": "https://www.sec.gov/Archives/edgar/data/910108/000095012307003036/0000950123-07-003036-index.htm", "finalLink": "https://www.sec.gov/Archives/edgar/data/910108/000095012307003036/y31004e10vk.htm", "calculatedOtherExpenses": 77325000, "calculatedOperatingExpenses": 112855000, "calculatedNetInterest": 0, "calculatedOtherIncome": -98012000, "calculatedIncomeNonControlling": -10991000, "calculatedEbitda": 179270000}, {"date": "2005-12-31", "symbol": "LXP", "reportedCurrency": "USD", "cik": "0000910108", "fillingDate": "2006-03-14", "acceptedDate": "2006-03-14 16:38:29", "calendarYear": "2005", "period": "FY", "revenue": 197132000, "costOfRevenue": 0, "grossProfit": 197132000, "grossProfitRatio": 1, "researchAndDevelopmentExpenses": 0, "generalAndAdministrativeExpenses": 17612000, "sellingAndMarketingExpenses": 0, "sellingGeneralAndAdministrativeExpenses": 17612000, "otherExpenses": 76788000, "operatingExpenses": 94400000, "costAndExpenses": 94400000, "interestIncome": 0, "interestExpense": 0, "depreciationAndAmortization": 73034000, "ebitda": 184998000, "ebitdaratio": 0.9384473348, "operatingIncome": 102732000, "operatingIncomeRatio": 0.5211330479, "totalOtherIncomeExpensesNet": 1519000, "incomeBeforeTax": 13933000, "incomeBeforeTaxRatio": 0.0706785301, "incomeTaxExpense": -150000, "netIncome": 32695000, "netIncomeRatio": 0.1658533369, "eps": 0.33, "epsdiluted": 0.33, "weightedAverageShsOut": 49835773, "weightedAverageShsOutDil": 49902649, "link": "https://www.sec.gov/Archives/edgar/data/910108/000095012306003133/0000950123-06-003133-index.htm", "finalLink": "https://www.sec.gov/Archives/edgar/data/910108/000095012306003133/y18001e10vk.htm", "calculatedOtherExpenses": 76788000, "calculatedOperatingExpenses": 94400000, "calculatedNetInterest": 0, "calculatedOtherIncome": -88799000, "calculatedIncomeNonControlling": -18612000, "calculatedEbitda": 175766000}, {"date": "2004-12-31", "symbol": "LXP", "reportedCurrency": "USD", "cik": "0000910108", "fillingDate": "2005-03-16", "acceptedDate": "2005-03-16 12:54:48", "calendarYear": "2004", "period": "FY", "revenue": 151225000, "costOfRevenue": 0, "grossProfit": 151225000, "grossProfitRatio": 1, "researchAndDevelopmentExpenses": 0, "generalAndAdministrativeExpenses": 13939000, "sellingAndMarketingExpenses": 0, "sellingGeneralAndAdministrativeExpenses": 13939000, "otherExpenses": 35442000, "operatingExpenses": 49381000, "costAndExpenses": 49381000, "interestIncome": 0, "interestExpense": 0, "depreciationAndAmortization": 41710000, "ebitda": 142945000, "ebitdaratio": 0.9452471483, "operatingIncome": 101844000, "operatingIncomeRatio": 0.673460076, "totalOtherIncomeExpensesNet": 3276000, "incomeBeforeTax": 41860000, "incomeBeforeTaxRatio": 0.2768060837, "incomeTaxExpense": -1181000, "netIncome": 44807000, "netIncomeRatio": 0.2962936022, "eps": 0.81, "epsdiluted": 0.8, "weightedAverageShsOut": 46743210, "weightedAverageShsOutDil": 47327500, "link": "https://www.sec.gov/Archives/edgar/data/910108/000095012305003218/0000950123-05-003218-index.htm", "finalLink": "https://www.sec.gov/Archives/edgar/data/910108/000095012305003218/y06708e10vk.htm", "calculatedOtherExpenses": 35442000, "calculatedOperatingExpenses": 49381000, "calculatedNetInterest": 0, "calculatedOtherIncome": -59984000, "calculatedIncomeNonControlling": -1766000, "calculatedEbitda": 143554000}, {"date": "2003-12-31", "symbol": "LXP", "reportedCurrency": "USD", "cik": "0000910108", "fillingDate": "2004-02-26", "acceptedDate": "2004-02-26 11:28:04", "calendarYear": "2003", "period": "FY", "revenue": 120520000, "costOfRevenue": 0, "grossProfit": 120520000, "grossProfitRatio": 1, "researchAndDevelopmentExpenses": 0, "generalAndAdministrativeExpenses": 10043000, "sellingAndMarketingExpenses": 0, "sellingGeneralAndAdministrativeExpenses": 10043000, "otherExpenses": 40784000, "operatingExpenses": 50827000, "costAndExpenses": 50827000, "interestIncome": 0, "interestExpense": 0, "depreciationAndAmortization": 29572000, "ebitda": 99265000, "ebitdaratio": 0.82363923, "operatingIncome": 69693000, "operatingIncomeRatio": 0.5782691669, "totalOtherIncomeExpensesNet": 0, "incomeBeforeTax": 0, "incomeBeforeTaxRatio": 0, "incomeTaxExpense": 36044000, "netIncome": 33649000, "netIncomeRatio": 0.2791984733, "eps": 0.89, "epsdiluted": 0.88, "weightedAverageShsOut": 33996629, "weightedAverageShsOutDil": 34382955, "link": "https://www.sec.gov/Archives/edgar/data/910108/000095012304002376/0000950123-04-002376-index.htm", "finalLink": "https://www.sec.gov/Archives/edgar/data/910108/000095012304002376/y94559e10vk.txt", "calculatedOtherExpenses": 40784000, "calculatedOperatingExpenses": 50827000, "calculatedNetInterest": 0, "calculatedOtherIncome": -69693000, "calculatedIncomeNonControlling": -69693000, "calculatedEbitda": 99265000}, {"date": "2002-12-31", "symbol": "LXP", "reportedCurrency": "USD", "cik": "0000910108", "fillingDate": "2003-03-24", "acceptedDate": "2003-03-24 12:24:54", "calendarYear": "2002", "period": "FY", "revenue": 100619000, "costOfRevenue": 0, "grossProfit": 100619000, "grossProfitRatio": 1, "researchAndDevelopmentExpenses": 0, "generalAndAdministrativeExpenses": 5741000, "sellingAndMarketingExpenses": 0, "sellingGeneralAndAdministrativeExpenses": 5741000, "otherExpenses": 25732000, "operatingExpenses": 31473000, "costAndExpenses": 31473000, "interestIncome": 0, "interestExpense": 0, "depreciationAndAmortization": 23375000, "ebitda": 90177000, "ebitdaratio": 0.8962223834, "operatingIncome": 69146000, "operatingIncomeRatio": 0.6872061937, "totalOtherIncomeExpensesNet": 2344000, "incomeBeforeTax": 71490000, "incomeBeforeTaxRatio": 0.7105019927, "incomeTaxExpense": 38551000, "netIncome": 30595000, "netIncomeRatio": 0.3040678202, "eps": 1.11, "epsdiluted": 1.09, "weightedAverageShsOut": 26938739, "weightedAverageShsOutDil": 27433028, "link": "https://www.sec.gov/Archives/edgar/data/910108/000095012303003150/0000950123-03-003150-index.htm", "finalLink": "https://www.sec.gov/Archives/edgar/data/910108/000095012303003150/y84413e10vk.txt", "calculatedOtherExpenses": 25732000, "calculatedOperatingExpenses": 31473000, "calculatedNetInterest": 0, "calculatedOtherIncome": 2344000, "calculatedIncomeNonControlling": 2344000, "calculatedEbitda": 92521000}, {"date": "2001-12-31", "symbol": "LXP", "reportedCurrency": "USD", "cik": "0000910108", "fillingDate": "2002-02-21", "acceptedDate": "2002-02-21 00:00:00", "calendarYear": "2001", "period": "FY", "revenue": 82862000, "costOfRevenue": 0, "grossProfit": 82862000, "grossProfitRatio": 1, "researchAndDevelopmentExpenses": 0, "generalAndAdministrativeExpenses": 4952000, "sellingAndMarketingExpenses": 0, "sellingGeneralAndAdministrativeExpenses": 4952000, "otherExpenses": 21588000, "operatingExpenses": 26540000, "costAndExpenses": 26540000, "interestIncome": 0, "interestExpense": 0, "depreciationAndAmortization": 19952000, "ebitda": 76274000, "ebitdaratio": 0.9204943159, "operatingIncome": 56322000, "operatingIncomeRatio": 0.6797084309, "totalOtherIncomeExpensesNet": 0, "incomeBeforeTax": 0, "incomeBeforeTaxRatio": 0, "incomeTaxExpense": 38260000, "netIncome": 18062000, "netIncomeRatio": 0.2179768772, "eps": 0.79, "epsdiluted": 0.77, "weightedAverageShsOut": 19434177, "weightedAverageShsOutDil": 19938961, "link": "https://www.sec.gov/Archives/edgar/data/910108/000095012302001773/0000950123-02-001773-index.htm", "finalLink": "https://www.sec.gov/Archives/edgar/data/910108/000095012302001773/y57650e10-k405.txt", "calculatedOtherExpenses": 21588000, "calculatedOperatingExpenses": 26540000, "calculatedNetInterest": 0, "calculatedOtherIncome": -56322000, "calculatedIncomeNonControlling": -56322000, "calculatedEbitda": 76274000}, {"date": "2000-12-31", "symbol": "LXP", "reportedCurrency": "USD", "cik": "0000910108", "fillingDate": "2001-04-02", "acceptedDate": "2001-04-02 00:00:00", "calendarYear": "2000", "period": "FY", "revenue": 80005000, "costOfRevenue": 0, "grossProfit": 80005000, "grossProfitRatio": 1, "researchAndDevelopmentExpenses": 0, "generalAndAdministrativeExpenses": 4902000, "sellingAndMarketingExpenses": 0, "sellingGeneralAndAdministrativeExpenses": 4902000, "otherExpenses": 20514000, "operatingExpenses": 25416000, "costAndExpenses": 25416000, "interestIncome": 0, "interestExpense": 0, "depreciationAndAmortization": 19010000, "ebitda": 70640000, "ebitdaratio": 0.8829448159, "operatingIncome": 54589000, "operatingIncomeRatio": 0.682319855, "totalOtherIncomeExpensesNet": 2959000, "incomeBeforeTax": 57548000, "incomeBeforeTaxRatio": 0.7193050434, "incomeTaxExpense": 32637000, "netIncome": 21952000, "netIncomeRatio": 0.2743828511, "eps": 1.15, "epsdiluted": 1.1, "weightedAverageShsOut": 16860870, "weightedAverageShsOutDil": 17627273, "link": "https://www.sec.gov/Archives/edgar/data/910108/000095012301003001/0000950123-01-003001-index.htm", "finalLink": "https://www.sec.gov/Archives/edgar/data/910108/000095012301003001/y47282e10-k405.txt", "calculatedOtherExpenses": 20514000, "calculatedOperatingExpenses": 25416000, "calculatedNetInterest": 0, "calculatedOtherIncome": 2959000, "calculatedIncomeNonControlling": 2959000, "calculatedEbitda": 73599000}, {"date": "1999-12-31", "symbol": "LXP", "reportedCurrency": "USD", "cik": "0000910108", "fillingDate": "2000-03-16", "acceptedDate": "2000-03-16 00:00:00", "calendarYear": "1999", "period": "FY", "revenue": 77300000, "costOfRevenue": 0, "grossProfit": 77300000, "grossProfitRatio": 1, "researchAndDevelopmentExpenses": 0, "generalAndAdministrativeExpenses": 4687000, "sellingAndMarketingExpenses": 0, "sellingGeneralAndAdministrativeExpenses": 4687000, "otherExpenses": 20856000, "operatingExpenses": 25543000, "costAndExpenses": 25543000, "interestIncome": 0, "interestExpense": 0, "depreciationAndAmortization": 18991000, "ebitda": 70748000, "ebitdaratio": 0.9152393273, "operatingIncome": 51757000, "operatingIncomeRatio": 0.6695601552, "totalOtherIncomeExpensesNet": 0, "incomeBeforeTax": 0, "incomeBeforeTaxRatio": 0, "incomeTaxExpense": 30410000, "netIncome": 21347000, "netIncomeRatio": 0.2761578266, "eps": 1.11, "epsdiluted": 1.08, "weightedAverageShsOut": 16961261, "weightedAverageShsOutDil": 17432407, "link": "https://www.sec.gov/Archives/edgar/data/910108/000095012300002334/0000950123-00-002334-index.html", "finalLink": "https://www.sec.gov/Archives/edgar/data/910108/000095012300002334/", "calculatedOtherExpenses": 20856000, "calculatedOperatingExpenses": 25543000, "calculatedNetInterest": 0, "calculatedOtherIncome": -51757000, "calculatedIncomeNonControlling": -51757000, "calculatedEbitda": 70748000}, {"date": "1998-12-31", "symbol": "LXP", "reportedCurrency": "USD", "cik": "0000910108", "fillingDate": "1999-03-05", "acceptedDate": "1999-03-05 00:00:00", "calendarYear": "1998", "period": "FY", "revenue": 65117000, "costOfRevenue": 0, "grossProfit": 65117000, "grossProfitRatio": 1, "researchAndDevelopmentExpenses": 0, "generalAndAdministrativeExpenses": 4518000, "sellingAndMarketingExpenses": 0, "sellingGeneralAndAdministrativeExpenses": 4518000, "otherExpenses": 17486000, "operatingExpenses": 22004000, "costAndExpenses": 22004000, "interestIncome": 0, "interestExpense": 0, "depreciationAndAmortization": 16070000, "ebitda": 59583000, "ebitdaratio": 0.9150145123, "operatingIncome": 43113000, "operatingIncomeRatio": 0.6620851698, "totalOtherIncomeExpensesNet": -400000, "incomeBeforeTax": 42713000, "incomeBeforeTaxRatio": 0.6559423806, "incomeTaxExpense": 27376000, "netIncome": 15737000, "netIncomeRatio": 0.2416726815, "eps": 0.79, "epsdiluted": 0.78, "weightedAverageShsOut": 19920253, "weightedAverageShsOutDil": 20175641, "link": "https://www.sec.gov/Archives/edgar/data/910108/000095012399001891/0000950123-99-001891-index.html", "finalLink": "https://www.sec.gov/Archives/edgar/data/910108/", "calculatedOtherExpenses": 17486000, "calculatedOperatingExpenses": 22004000, "calculatedNetInterest": 0, "calculatedOtherIncome": -400000, "calculatedIncomeNonControlling": -400000, "calculatedEbitda": 59183000}, {"date": "1997-12-31", "symbol": "LXP", "reportedCurrency": "USD", "cik": "0000910108", "fillingDate": "1998-03-31", "acceptedDate": "1998-03-31 00:00:00", "calendarYear": "1997", "period": "FY", "revenue": 43569000, "costOfRevenue": 0, "grossProfit": 43569000, "grossProfitRatio": 1, "researchAndDevelopmentExpenses": 0, "generalAndAdministrativeExpenses": 3920000, "sellingAndMarketingExpenses": 0, "sellingGeneralAndAdministrativeExpenses": 3920000, "otherExpenses": 12298000, "operatingExpenses": 16218000, "costAndExpenses": 16218000, "interestIncome": 0, "interestExpense": 0, "depreciationAndAmortization": 11484000, "ebitda": 35318000, "ebitdaratio": 0.8106222314, "operatingIncome": 27351000, "operatingIncomeRatio": 0.6277628589, "totalOtherIncomeExpensesNet": 3517000, "incomeBeforeTax": 30868000, "incomeBeforeTaxRatio": 0.708485391, "incomeTaxExpense": 18758000, "netIncome": 8593000, "netIncomeRatio": 0.1972273864, "eps": 0.33, "epsdiluted": 0.32, "weightedAverageShsOut": 16510000, "weightedAverageShsOutDil": 16510000, "link": "https://www.sec.gov/Archives/edgar/data/910108/000095012398003209/0000950123-98-003209-index.html", "finalLink": "https://www.sec.gov/Archives/edgar/data/910108/", "calculatedOtherExpenses": 12298000, "calculatedOperatingExpenses": 16218000, "calculatedNetInterest": 0, "calculatedOtherIncome": 3517000, "calculatedIncomeNonControlling": 3517000, "calculatedEbitda": 38835000}, {"date": "1996-12-31", "symbol": "LXP", "reportedCurrency": "USD", "cik": "0000910108", "fillingDate": "1997-03-31", "acceptedDate": "1997-03-31 00:00:00", "calendarYear": "1996", "period": "FY", "revenue": 31675355, "costOfRevenue": 0, "grossProfit": 31675355, "grossProfitRatio": 1, "researchAndDevelopmentExpenses": 0, "generalAndAdministrativeExpenses": 3125100, "sellingAndMarketingExpenses": 0, "sellingGeneralAndAdministrativeExpenses": 3125100, "otherExpenses": 9576841, "operatingExpenses": 12701941, "costAndExpenses": 12701941, "interestIncome": 0, "interestExpense": 0, "depreciationAndAmortization": 8246594, "ebitda": 27220008, "ebitdaratio": 0.8593434233, "operatingIncome": 18973414, "operatingIncomeRatio": 0.5989960965, "totalOtherIncomeExpensesNet": 0, "incomeBeforeTax": 0, "incomeBeforeTaxRatio": 0, "incomeTaxExpense": 13507590, "netIncome": 5465824, "netIncomeRatio": 0.1725576241, "eps": 0.58, "epsdiluted": 0.58, "weightedAverageShsOut": 9392727, "weightedAverageShsOutDil": 9800000, "link": "https://www.sec.gov/Archives/edgar/data/910108/000095012397002861/0000950123-97-002861-index.html", "finalLink": "https://www.sec.gov/Archives/edgar/data/910108/", "calculatedOtherExpenses": 9576841, "calculatedOperatingExpenses": 12701941, "calculatedNetInterest": 0, "calculatedOtherIncome": -18973414, "calculatedIncomeNonControlling": -18973414, "calculatedEbitda": 27220008}, {"date": "1995-12-31", "symbol": "LXP", "reportedCurrency": "USD", "cik": "0000910108", "fillingDate": "1995-12-31", "acceptedDate": "1995-12-30 19:00:00", "calendarYear": "1995", "period": "FY", "revenue": 28100000, "costOfRevenue": 0, "grossProfit": 28100000, "grossProfitRatio": 1, "researchAndDevelopmentExpenses": 0, "generalAndAdministrativeExpenses": 2700000, "sellingAndMarketingExpenses": 0, "sellingGeneralAndAdministrativeExpenses": 2700000, "otherExpenses": 0, "operatingExpenses": -6900000, "costAndExpenses": -6900000, "interestIncome": 0, "interestExpense": 0, "depreciationAndAmortization": 6300000, "ebitda": 41300000, "ebitdaratio": 1.4697508897, "operatingIncome": 35000000, "operatingIncomeRatio": 1.2455516014, "totalOtherIncomeExpensesNet": 0, "incomeBeforeTax": 0, "incomeBeforeTaxRatio": 0, "incomeTaxExpense": 31600000, "netIncome": 3400000, "netIncomeRatio": 0.1209964413, "eps": 0.35, "epsdiluted": 0.35, "weightedAverageShsOut": 9714286, "weightedAverageShsOutDil": 9714286, "link": "", "finalLink": "", "calculatedOtherExpenses": -9600000, "calculatedOperatingExpenses": -6900000, "calculatedNetInterest": 0, "calculatedOtherIncome": -35000000, "calculatedIncomeNonControlling": -35000000, "calculatedEbitda": 41300000}, {"date": "1994-12-31", "symbol": "LXP", "reportedCurrency": "USD", "cik": "0000910108", "fillingDate": "1994-12-31", "acceptedDate": "1994-12-30 19:00:00", "calendarYear": "1994", "period": "FY", "revenue": 26000000, "costOfRevenue": 0, "grossProfit": 26000000, "grossProfitRatio": 1, "researchAndDevelopmentExpenses": 0, "generalAndAdministrativeExpenses": 0, "sellingAndMarketingExpenses": 0, "sellingGeneralAndAdministrativeExpenses": 0, "otherExpenses": 0, "operatingExpenses": -9500000, "costAndExpenses": -9500000, "interestIncome": 0, "interestExpense": 0, "depreciationAndAmortization": 6300000, "ebitda": 41800000, "ebitdaratio": 1.6076923077, "operatingIncome": 35500000, "operatingIncomeRatio": 1.3653846154, "totalOtherIncomeExpensesNet": 0, "incomeBeforeTax": 0, "incomeBeforeTaxRatio": 0, "incomeTaxExpense": 30000000, "netIncome": 5500000, "netIncomeRatio": 0.2115384615, "eps": 0.59, "epsdiluted": 0.59, "weightedAverageShsOut": 9322034, "weightedAverageShsOutDil": 9322034, "link": "", "finalLink": "", "calculatedOtherExpenses": -9500000, "calculatedOperatingExpenses": -9500000, "calculatedNetInterest": 0, "calculatedOtherIncome": -35500000, "calculatedIncomeNonControlling": -35500000, "calculatedEbitda": 41800000}, {"date": "1993-12-31", "symbol": "LXP", "reportedCurrency": "USD", "cik": "0000910108", "fillingDate": "1993-12-31", "acceptedDate": "1993-12-30 19:00:00", "calendarYear": "1993", "period": "FY", "revenue": 25900000, "costOfRevenue": 0, "grossProfit": 25900000, "grossProfitRatio": 1, "researchAndDevelopmentExpenses": 0, "generalAndAdministrativeExpenses": 800000, "sellingAndMarketingExpenses": 0, "sellingGeneralAndAdministrativeExpenses": 800000, "otherExpenses": 0, "operatingExpenses": -9400000, "costAndExpenses": -9400000, "interestIncome": 0, "interestExpense": 0, "depreciationAndAmortization": 6200000, "ebitda": 41500000, "ebitdaratio": 1.6023166023, "operatingIncome": 35300000, "operatingIncomeRatio": 1.3629343629, "totalOtherIncomeExpensesNet": 0, "incomeBeforeTax": 0, "incomeBeforeTaxRatio": 0, "incomeTaxExpense": 30800000, "netIncome": 4500000, "netIncomeRatio": 0.1737451737, "eps": 0.48, "epsdiluted": 0.48, "weightedAverageShsOut": 9375000, "weightedAverageShsOutDil": 9375000, "link": "", "finalLink": "", "calculatedOtherExpenses": -10200000, "calculatedOperatingExpenses": -9400000, "calculatedNetInterest": 0, "calculatedOtherIncome": -35300000, "calculatedIncomeNonControlling": -35300000, "calculatedEbitda": 41500000}]}