{"originalCurrency": "USD", "convertedCurrency": "USD", "report": [{"date": "2023-12-31", "symbol": "LYFT", "reportedCurrency": "USD", "cik": "0001759509", "fillingDate": "2024-02-20", "acceptedDate": "2024-02-20 06:03:43", "calendarYear": "2023", "period": "FY", "revenue": 4403589000, "costOfRevenue": 2958072000, "grossProfit": 1445517000, "grossProfitRatio": 0.3282588361, "researchAndDevelopmentExpenses": 530123000, "generalAndAdministrativeExpenses": 871080000, "sellingAndMarketingExpenses": 481004000, "sellingGeneralAndAdministrativeExpenses": 1327700000, "otherExpenses": 8055000, "operatingExpenses": 1857823000, "costAndExpenses": 4815895000, "interestIncome": 145728000, "interestExpense": 26223000, "depreciationAndAmortization": 116513000, "ebitda": -295793000, "ebitdaratio": -0.0671708917, "operatingIncome": -412306000, "operatingIncomeRatio": -0.0936295372, "totalOtherIncomeExpensesNet": 80602000, "incomeBeforeTax": -331704000, "incomeBeforeTaxRatio": -0.0753258308, "incomeTaxExpense": 8616000, "netIncome": -340320000, "netIncomeRatio": -0.0772824167, "eps": -0.88, "epsdiluted": -0.88, "weightedAverageShsOut": 385335000, "weightedAverageShsOutDil": 385335000, "link": "https://www.sec.gov/Archives/edgar/data/1759509/000175950924000019/0001759509-24-000019-index.htm", "finalLink": "https://www.sec.gov/Archives/edgar/data/1759509/000175950924000019/lyft-20231231.htm", "calculatedOtherExpenses": 0, "calculatedOperatingExpenses": 1857823000, "calculatedNetInterest": 119505000, "calculatedOtherIncome": -38903000, "calculatedIncomeNonControlling": 0, "calculatedEbitda": -295793000}, {"date": "2022-12-31", "symbol": "LYFT", "reportedCurrency": "USD", "cik": "0001759509", "fillingDate": "2023-02-27", "acceptedDate": "2023-02-27 16:23:23", "calendarYear": "2022", "period": "FY", "revenue": 4095135000, "costOfRevenue": 2435736000, "grossProfit": 1659399000, "grossProfitRatio": 0.4052122824, "researchAndDevelopmentExpenses": 856777000, "generalAndAdministrativeExpenses": 1286180000, "sellingAndMarketingExpenses": 531512000, "sellingGeneralAndAdministrativeExpenses": 1817692000, "otherExpenses": 443846000, "operatingExpenses": 3118315000, "costAndExpenses": 5554051000, "interestIncome": 47142000, "interestExpense": 19735000, "depreciationAndAmortization": 54810000, "ebitda": -1404106000, "ebitdaratio": -0.3428717246, "operatingIncome": -1458916000, "operatingIncomeRatio": -0.3562558988, "totalOtherIncomeExpensesNet": -119723000, "incomeBeforeTax": -1578639000, "incomeBeforeTaxRatio": -0.3854913208, "incomeTaxExpense": 5872000, "netIncome": -1584511000, "netIncomeRatio": -0.3869252174, "eps": -4.47, "epsdiluted": -4.47, "weightedAverageShsOut": 354731000, "weightedAverageShsOutDil": 354731000, "link": "https://www.sec.gov/Archives/edgar/data/1759509/000175950923000028/0001759509-23-000028-index.htm", "finalLink": "https://www.sec.gov/Archives/edgar/data/1759509/000175950923000028/lyft-20221231.htm", "calculatedOtherExpenses": 443846000, "calculatedOperatingExpenses": 3118315000, "calculatedNetInterest": 27407000, "calculatedOtherIncome": -147130000, "calculatedIncomeNonControlling": 0, "calculatedEbitda": -1404106000}, {"date": "2021-12-31", "symbol": "LYFT", "reportedCurrency": "USD", "cik": "0001759509", "fillingDate": "2022-02-28", "acceptedDate": "2022-02-28 16:09:49", "calendarYear": "2021", "period": "FY", "revenue": 3208323000, "costOfRevenue": 1649532000, "grossProfit": 1558791000, "grossProfitRatio": 0.4858584999, "researchAndDevelopmentExpenses": 911946000, "generalAndAdministrativeExpenses": 915638000, "sellingAndMarketingExpenses": 411406000, "sellingGeneralAndAdministrativeExpenses": 1327044000, "otherExpenses": 402233000, "operatingExpenses": 2641223000, "costAndExpenses": 4290755000, "interestIncome": 9074000, "interestExpense": 51635000, "depreciationAndAmortization": 275280000, "ebitda": -807152000, "ebitdaratio": -0.2515806544, "operatingIncome": -1082432000, "operatingIncomeRatio": -0.3373824892, "totalOtherIncomeExpensesNet": 84298000, "incomeBeforeTax": -998134000, "incomeBeforeTaxRatio": -0.3111077033, "incomeTaxExpense": 11225000, "netIncome": -1009359000, "netIncomeRatio": -0.3146064159, "eps": -3.02, "epsdiluted": -3.02, "weightedAverageShsOut": 334724000, "weightedAverageShsOutDil": 334724000, "link": "https://www.sec.gov/Archives/edgar/data/1759509/000175950922000016/0001759509-22-000016-index.htm", "finalLink": "https://www.sec.gov/Archives/edgar/data/1759509/000175950922000016/lyft-20211231.htm", "calculatedOtherExpenses": 402233000, "calculatedOperatingExpenses": 2641223000, "calculatedNetInterest": -42561000, "calculatedOtherIncome": 126859000, "calculatedIncomeNonControlling": 0, "calculatedEbitda": -807152000}, {"date": "2020-12-31", "symbol": "LYFT", "reportedCurrency": "USD", "cik": "0001759509", "fillingDate": "2021-03-01", "acceptedDate": "2021-03-01 16:05:24", "calendarYear": "2020", "period": "FY", "revenue": 2364681000, "costOfRevenue": 1447516000, "grossProfit": 917165000, "grossProfitRatio": 0.387859927, "researchAndDevelopmentExpenses": 909126000, "generalAndAdministrativeExpenses": 946127000, "sellingAndMarketingExpenses": 416331000, "sellingGeneralAndAdministrativeExpenses": 1362458000, "otherExpenses": 453963000, "operatingExpenses": 2725547000, "costAndExpenses": 4173063000, "interestIncome": 43654000, "interestExpense": 32678000, "depreciationAndAmortization": 201022000, "ebitda": -1607360000, "ebitdaratio": -0.6797365057, "operatingIncome": -1808382000, "operatingIncomeRatio": -0.7647467037, "totalOtherIncomeExpensesNet": 10991000, "incomeBeforeTax": -1797391000, "incomeBeforeTaxRatio": -0.7600987194, "incomeTaxExpense": -44534000, "netIncome": -1752857000, "netIncomeRatio": -0.7412657352, "eps": -5.61, "epsdiluted": -5.61, "weightedAverageShsOut": 312175000, "weightedAverageShsOutDil": 312175000, "link": "https://www.sec.gov/Archives/edgar/data/1759509/000175950921000011/0001759509-21-000011-index.htm", "finalLink": "https://www.sec.gov/Archives/edgar/data/1759509/000175950921000011/lyft-20201231.htm", "calculatedOtherExpenses": 453963000, "calculatedOperatingExpenses": 2725547000, "calculatedNetInterest": 10976000, "calculatedOtherIncome": 15000, "calculatedIncomeNonControlling": 0, "calculatedEbitda": -1607360000}, {"date": "2019-12-31", "symbol": "LYFT", "reportedCurrency": "USD", "cik": "0001759509", "fillingDate": "2020-02-28", "acceptedDate": "2020-02-28 16:10:16", "calendarYear": "2019", "period": "FY", "revenue": 3615960000, "costOfRevenue": 2176469000, "grossProfit": 1439491000, "grossProfitRatio": 0.3980937289, "researchAndDevelopmentExpenses": 1505640000, "generalAndAdministrativeExpenses": 1186093000, "sellingAndMarketingExpenses": 814122000, "sellingGeneralAndAdministrativeExpenses": 2000215000, "otherExpenses": 636116000, "operatingExpenses": 4141971000, "costAndExpenses": 6318440000, "interestIncome": 102506000, "interestExpense": 0, "depreciationAndAmortization": 108429000, "ebitda": -2594051000, "ebitdaratio": -0.7173892963, "operatingIncome": -2702480000, "operatingIncomeRatio": -0.7473755241, "totalOtherIncomeExpensesNet": 102595000, "incomeBeforeTax": -2599885000, "incomeBeforeTaxRatio": -0.7190026991, "incomeTaxExpense": 2356000, "netIncome": -2602241000, "netIncomeRatio": -0.719654255, "eps": -11.44, "epsdiluted": -11.44, "weightedAverageShsOut": 227498000, "weightedAverageShsOutDil": 227498000, "link": "https://www.sec.gov/Archives/edgar/data/1759509/000175950920000009/0001759509-20-000009-index.htm", "finalLink": "https://www.sec.gov/Archives/edgar/data/1759509/000175950920000009/lyft-20191231.htm", "calculatedOtherExpenses": 636116000, "calculatedOperatingExpenses": 4141971000, "calculatedNetInterest": 102506000, "calculatedOtherIncome": 89000, "calculatedIncomeNonControlling": 0, "calculatedEbitda": -2594051000}, {"date": "2018-12-31", "symbol": "LYFT", "reportedCurrency": "USD", "cik": "0001759509", "fillingDate": "2018-12-31", "acceptedDate": "2018-12-30 19:00:00", "calendarYear": "2018", "period": "FY", "revenue": 2156616000, "costOfRevenue": 1243400000, "grossProfit": 913216000, "grossProfitRatio": 0.423448588, "researchAndDevelopmentExpenses": 300836000, "generalAndAdministrativeExpenses": 447938000, "sellingAndMarketingExpenses": 803751000, "sellingGeneralAndAdministrativeExpenses": 1251689000, "otherExpenses": 652000, "operatingExpenses": 1890927000, "costAndExpenses": 3134327000, "interestIncome": 0, "interestExpense": 0, "depreciationAndAmortization": 18752000, "ebitda": -958959000, "ebitdaratio": -0.4446591326, "operatingIncome": -977711000, "operatingIncomeRatio": -0.4533542365, "totalOtherIncomeExpensesNet": 652000, "incomeBeforeTax": -910597000, "incomeBeforeTaxRatio": -0.4222341854, "incomeTaxExpense": 738000, "netIncome": -911335000, "netIncomeRatio": -0.4225763882, "eps": -3.21, "epsdiluted": -3.21, "weightedAverageShsOut": 284147300, "weightedAverageShsOutDil": 284147300, "link": "", "finalLink": "", "calculatedOtherExpenses": 338402000, "calculatedOperatingExpenses": 1890927000, "calculatedNetInterest": 0, "calculatedOtherIncome": 67114000, "calculatedIncomeNonControlling": 0, "calculatedEbitda": -958959000}, {"date": "2017-12-31", "symbol": "LYFT", "reportedCurrency": "USD", "cik": "0001759509", "fillingDate": "2017-12-31", "acceptedDate": "2017-12-30 19:00:00", "calendarYear": "2017", "period": "FY", "revenue": 1059881000, "costOfRevenue": 659533000, "grossProfit": 400348000, "grossProfitRatio": 0.3777291979, "researchAndDevelopmentExpenses": 136646000, "generalAndAdministrativeExpenses": 221446000, "sellingAndMarketingExpenses": 567015000, "sellingGeneralAndAdministrativeExpenses": 788461000, "otherExpenses": 284000, "operatingExpenses": 1108620000, "costAndExpenses": 1768153000, "interestIncome": 20243000, "interestExpense": 0, "depreciationAndAmortization": 2611000, "ebitda": -705661000, "ebitdaratio": -0.6657926692, "operatingIncome": -708272000, "operatingIncomeRatio": -0.6682561533, "totalOtherIncomeExpensesNet": 284000, "incomeBeforeTax": -687745000, "incomeBeforeTaxRatio": -0.6488888847, "incomeTaxExpense": 556000, "netIncome": -688301000, "netIncomeRatio": -0.6494134719, "eps": -2.89, "epsdiluted": -2.89, "weightedAverageShsOut": 237946000, "weightedAverageShsOutDil": 237946000, "link": "", "finalLink": "", "calculatedOtherExpenses": 183513000, "calculatedOperatingExpenses": 1108620000, "calculatedNetInterest": 20243000, "calculatedOtherIncome": 284000, "calculatedIncomeNonControlling": 0, "calculatedEbitda": -705661000}, {"date": "2016-12-31", "symbol": "LYFT", "reportedCurrency": "USD", "cik": "0001759509", "fillingDate": "2016-12-31", "acceptedDate": "2016-12-30 19:00:00", "calendarYear": "2016", "period": "FY", "revenue": 343298000, "costOfRevenue": 279011000, "grossProfit": 64287000, "grossProfitRatio": 0.187262961, "researchAndDevelopmentExpenses": 64704000, "generalAndAdministrativeExpenses": 159962000, "sellingAndMarketingExpenses": 434344000, "sellingGeneralAndAdministrativeExpenses": 594306000, "otherExpenses": 3246000, "operatingExpenses": 756890000, "costAndExpenses": 1035901000, "interestIncome": 0, "interestExpense": 0, "depreciationAndAmortization": 527000, "ebitda": -692076000, "ebitdaratio": -2.0159628078, "operatingIncome": -692603000, "operatingIncomeRatio": -2.0174979173, "totalOtherIncomeExpensesNet": 3246000, "incomeBeforeTax": -682393000, "incomeBeforeTaxRatio": -1.9877569925, "incomeTaxExpense": 401000, "netIncome": -682794000, "netIncomeRatio": -1.9889250738, "eps": -2.87, "epsdiluted": -2.87, "weightedAverageShsOut": 237946000, "weightedAverageShsOutDil": 237946000, "link": "", "finalLink": "", "calculatedOtherExpenses": 97880000, "calculatedOperatingExpenses": 756890000, "calculatedNetInterest": 0, "calculatedOtherIncome": 10210000, "calculatedIncomeNonControlling": 0, "calculatedEbitda": -692076000}]}