{"originalCurrency": "USD", "convertedCurrency": "USD", "report": [{"date": "2023-12-31", "symbol": "LYV", "reportedCurrency": "USD", "cik": "0001335258", "fillingDate": "2024-02-22", "acceptedDate": "2024-02-22 16:34:57", "calendarYear": "2023", "period": "FY", "revenue": 22749073000, "costOfRevenue": 17292016000, "grossProfit": 5457057000, "grossProfitRatio": 0.2398804118, "researchAndDevelopmentExpenses": 0, "generalAndAdministrativeExpenses": 330817000, "sellingAndMarketingExpenses": 47700000, "sellingGeneralAndAdministrativeExpenses": 3557167000, "otherExpenses": -34933000, "operatingExpenses": 4404781000, "costAndExpenses": 21696797000, "interestIncome": 237818000, "interestExpense": 350244000, "depreciationAndAmortization": 516797000, "ebitda": 1766503000, "ebitdaratio": 0.0776516476, "operatingIncome": 1066203000, "operatingIncomeRatio": 0.0468679757, "totalOtherIncomeExpensesNet": -45306000, "incomeBeforeTax": 894544000, "incomeBeforeTaxRatio": 0.0393222177, "incomeTaxExpense": 160227000, "netIncome": 563280000, "netIncomeRatio": 0.0247605694, "eps": 2.46, "epsdiluted": 2.44, "weightedAverageShsOut": 228628390, "weightedAverageShsOutDil": 230977326, "link": "https://www.sec.gov/Archives/edgar/data/1335258/000133525824000017/0001335258-24-000017-index.htm", "finalLink": "https://www.sec.gov/Archives/edgar/data/1335258/000133525824000017/lyv-20231231.htm", "calculatedOtherExpenses": 833687000, "calculatedOperatingExpenses": 4390854000, "calculatedNetInterest": -112426000, "calculatedOtherIncome": -59233000, "calculatedIncomeNonControlling": 171037000, "calculatedEbitda": 1583000000}, {"date": "2022-12-31", "symbol": "LYV", "reportedCurrency": "USD", "cik": "0001335258", "fillingDate": "2023-02-23", "acceptedDate": "2023-02-23 16:46:35", "calendarYear": "2022", "period": "FY", "revenue": 16681254000, "costOfRevenue": 12337524000, "grossProfit": 4343730000, "grossProfitRatio": 0.2603958911, "researchAndDevelopmentExpenses": 10316000, "generalAndAdministrativeExpenses": 237834000, "sellingAndMarketingExpenses": 32000000, "sellingGeneralAndAdministrativeExpenses": 2955884000, "otherExpenses": 687810000, "operatingExpenses": 3643694000, "costAndExpenses": 15981218000, "interestIncome": 77620000, "interestExpense": 278483000, "depreciationAndAmortization": 469258000, "ebitda": 1201376000, "ebitdaratio": 0.0720195256, "operatingIncome": 732118000, "operatingIncomeRatio": 0.0438886669, "totalOtherIncomeExpensesNet": -226671000, "incomeBeforeTax": 505447000, "incomeBeforeTaxRatio": 0.0303003, "incomeTaxExpense": 96254000, "netIncome": 409193000, "netIncomeRatio": 0.0245301103, "eps": 1.82, "epsdiluted": 1.77, "weightedAverageShsOut": 224809558, "weightedAverageShsOutDil": 231556866, "link": "https://www.sec.gov/Archives/edgar/data/1335258/000133525823000014/0001335258-23-000014-index.htm", "finalLink": "https://www.sec.gov/Archives/edgar/data/1335258/000133525823000014/lyv-20221231.htm", "calculatedOtherExpenses": 645412000, "calculatedOperatingExpenses": 3611612000, "calculatedNetInterest": -200863000, "calculatedOtherIncome": -25808000, "calculatedIncomeNonControlling": 0, "calculatedEbitda": 1201376000}, {"date": "2021-12-31", "symbol": "LYV", "reportedCurrency": "USD", "cik": "0001335258", "fillingDate": "2022-02-23", "acceptedDate": "2022-02-23 16:33:45", "calendarYear": "2021", "period": "FY", "revenue": 6268447000, "costOfRevenue": 4355989000, "grossProfit": 1912458000, "grossProfitRatio": 0.3050927925, "researchAndDevelopmentExpenses": 18758000, "generalAndAdministrativeExpenses": 1754822000, "sellingAndMarketingExpenses": 18100000, "sellingGeneralAndAdministrativeExpenses": 1754822000, "otherExpenses": 576705000, "operatingExpenses": 2331527000, "costAndExpenses": 6687516000, "interestIncome": 6625000, "interestExpense": 282440000, "depreciationAndAmortization": 416277000, "ebitda": 2661000, "ebitdaratio": 0.0004245071, "operatingIncome": -413616000, "operatingIncomeRatio": -0.0659838075, "totalOtherIncomeExpensesNet": -197651000, "incomeBeforeTax": -611267000, "incomeBeforeTaxRatio": -0.0975149028, "incomeTaxExpense": -2481000, "netIncome": -608786000, "netIncomeRatio": -0.097119111, "eps": -2.8, "epsdiluted": -2.8, "weightedAverageShsOut": 217190862, "weightedAverageShsOutDil": 217190862, "link": "https://www.sec.gov/Archives/edgar/data/1335258/000133525822000019/0001335258-22-000019-index.htm", "finalLink": "https://www.sec.gov/Archives/edgar/data/1335258/000133525822000019/lyv-20211231.htm", "calculatedOtherExpenses": 552494000, "calculatedOperatingExpenses": 2326074000, "calculatedNetInterest": -275815000, "calculatedOtherIncome": 78164000, "calculatedIncomeNonControlling": 0, "calculatedEbitda": 2661000}, {"date": "2020-12-31", "symbol": "LYV", "reportedCurrency": "USD", "cik": "0001335258", "fillingDate": "2021-03-01", "acceptedDate": "2021-03-01 16:51:51", "calendarYear": "2020", "period": "FY", "revenue": 1861178000, "costOfRevenue": 1402400000, "grossProfit": 458778000, "grossProfitRatio": 0.2464987229, "researchAndDevelopmentExpenses": 0, "generalAndAdministrativeExpenses": 1524342000, "sellingAndMarketingExpenses": 14800000, "sellingGeneralAndAdministrativeExpenses": 1524342000, "otherExpenses": 587125000, "operatingExpenses": 2111467000, "costAndExpenses": 3513867000, "interestIncome": 11737000, "interestExpense": 226832000, "depreciationAndAmortization": 508384000, "ebitda": -1144305000, "ebitdaratio": -0.6148283506, "operatingIncome": -1652689000, "operatingIncomeRatio": -0.8879800857, "totalOtherIncomeExpensesNet": -203976000, "incomeBeforeTax": -1856665000, "incomeBeforeTaxRatio": -0.9975751916, "incomeTaxExpense": -28875000, "netIncome": -1827790000, "netIncomeRatio": -0.9820608238, "eps": -8.61, "epsdiluted": -8.61, "weightedAverageShsOut": 212270944, "weightedAverageShsOutDil": 212270944, "link": "https://www.sec.gov/Archives/edgar/data/1335258/000133525821000009/0001335258-21-000009-index.htm", "finalLink": "https://www.sec.gov/Archives/edgar/data/1335258/000133525821000009/lyv-20201231.htm", "calculatedOtherExpenses": 587125000, "calculatedOperatingExpenses": 2111467000, "calculatedNetInterest": -215095000, "calculatedOtherIncome": 11119000, "calculatedIncomeNonControlling": 0, "calculatedEbitda": -1144305000}, {"date": "2019-12-31", "symbol": "LYV", "reportedCurrency": "USD", "cik": "0001335258", "fillingDate": "2020-02-27", "acceptedDate": "2020-02-27 16:32:47", "calendarYear": "2019", "period": "FY", "revenue": 11547969000, "costOfRevenue": 8467182000, "grossProfit": 3080787000, "grossProfitRatio": 0.2667817172, "researchAndDevelopmentExpenses": 0, "generalAndAdministrativeExpenses": 2314325000, "sellingAndMarketingExpenses": 27800000, "sellingGeneralAndAdministrativeExpenses": 2314325000, "otherExpenses": 443991000, "operatingExpenses": 2758316000, "costAndExpenses": 11225498000, "interestIncome": 14406000, "interestExpense": 157521000, "depreciationAndAmortization": 459399000, "ebitda": 784243000, "ebitdaratio": 0.0679117687, "operatingIncome": 324844000, "operatingIncomeRatio": 0.0281299681, "totalOtherIncomeExpensesNet": -139740000, "incomeBeforeTax": 185104000, "incomeBeforeTaxRatio": 0.016029139, "incomeTaxExpense": 66892000, "netIncome": 118212000, "netIncomeRatio": 0.0102366052, "eps": 0.56, "epsdiluted": 0.56, "weightedAverageShsOut": 210082696, "weightedAverageShsOutDil": 210082696, "link": "https://www.sec.gov/Archives/edgar/data/1335258/000133525820000028/0001335258-20-000028-index.htm", "finalLink": "https://www.sec.gov/Archives/edgar/data/1335258/000133525820000028/lyv-20191231.htm", "calculatedOtherExpenses": 441618000, "calculatedOperatingExpenses": 2755943000, "calculatedNetInterest": -143115000, "calculatedOtherIncome": 3375000, "calculatedIncomeNonControlling": 0, "calculatedEbitda": 784243000}, {"date": "2018-12-31", "symbol": "LYV", "reportedCurrency": "USD", "cik": "0001335258", "fillingDate": "2019-02-28", "acceptedDate": "2019-02-28 16:48:26", "calendarYear": "2018", "period": "FY", "revenue": 10787800000, "costOfRevenue": 7967932000, "grossProfit": 2819868000, "grossProfitRatio": 0.2613941675, "researchAndDevelopmentExpenses": 0, "generalAndAdministrativeExpenses": 2150434000, "sellingAndMarketingExpenses": 30900000, "sellingGeneralAndAdministrativeExpenses": 2150434000, "otherExpenses": -12163000, "operatingExpenses": 2536963000, "costAndExpenses": 10504895000, "interestIncome": 8961000, "interestExpense": 138505000, "depreciationAndAmortization": 386529000, "ebitda": 668979000, "ebitdaratio": 0.0620125512, "operatingIncome": 272536000, "operatingIncomeRatio": 0.025263353, "totalOtherIncomeExpensesNet": -22256000, "incomeBeforeTax": 131105000, "incomeBeforeTaxRatio": 0.0121530803, "incomeTaxExpense": 40765000, "netIncome": -17651000, "netIncomeRatio": -0.0016362002, "eps": -0.0851, "epsdiluted": -0.0851, "weightedAverageShsOut": 207441468, "weightedAverageShsOutDil": 207441468, "link": "https://www.sec.gov/Archives/edgar/data/1335258/000133525819000024/0001335258-19-000024-index.htm", "finalLink": "https://www.sec.gov/Archives/edgar/data/1335258/000133525819000024/lyv-20181231x10k.htm", "calculatedOtherExpenses": 396898000, "calculatedOperatingExpenses": 2547332000, "calculatedNetInterest": -129544000, "calculatedOtherIncome": -11887000, "calculatedIncomeNonControlling": 107991000, "calculatedEbitda": 659065000}, {"date": "2017-12-31", "symbol": "LYV", "reportedCurrency": "USD", "cik": "0001335258", "fillingDate": "2018-02-27", "acceptedDate": "2018-02-27 16:35:53", "calendarYear": "2017", "period": "FY", "revenue": 10337448000, "costOfRevenue": 7748791000, "grossProfit": 2588657000, "grossProfitRatio": 0.2504154797, "researchAndDevelopmentExpenses": 0, "generalAndAdministrativeExpenses": 2042695000, "sellingAndMarketingExpenses": 40300000, "sellingGeneralAndAdministrativeExpenses": 2042695000, "otherExpenses": 115000, "operatingExpenses": 2498229000, "costAndExpenses": 10247020000, "interestIncome": 5717000, "interestExpense": 106722000, "depreciationAndAmortization": 455534000, "ebitda": 552955000, "ebitdaratio": 0.0534904746, "operatingIncome": 91397000, "operatingIncomeRatio": 0.0088413504, "totalOtherIncomeExpensesNet": 1197000, "incomeBeforeTax": -9380000, "incomeBeforeTaxRatio": -0.0009073806, "incomeTaxExpense": -17154000, "netIncome": -97646000, "netIncomeRatio": -0.0094458516, "eps": -0.48, "epsdiluted": -0.48, "weightedAverageShsOut": 204923740, "weightedAverageShsOutDil": 204923740, "link": "https://www.sec.gov/Archives/edgar/data/1335258/000133525818000023/0001335258-18-000023-index.htm", "finalLink": "https://www.sec.gov/Archives/edgar/data/1335258/000133525818000023/lyv-20171231x10k.htm", "calculatedOtherExpenses": 454565000, "calculatedOperatingExpenses": 2497260000, "calculatedNetInterest": -101005000, "calculatedOtherIncome": 228000, "calculatedIncomeNonControlling": 105420000, "calculatedEbitda": 546931000}, {"date": "2016-12-31", "symbol": "LYV", "reportedCurrency": "USD", "cik": "0001335258", "fillingDate": "2017-02-23", "acceptedDate": "2017-02-23 16:34:33", "calendarYear": "2016", "period": "FY", "revenue": 8354934000, "costOfRevenue": 6082708000, "grossProfit": 2272226000, "grossProfitRatio": 0.2719621723, "researchAndDevelopmentExpenses": 0, "generalAndAdministrativeExpenses": 1673511000, "sellingAndMarketingExpenses": 33200000, "sellingGeneralAndAdministrativeExpenses": 1673511000, "otherExpenses": -10830000, "operatingExpenses": 2077162000, "costAndExpenses": 8159870000, "interestIncome": 2573000, "interestExpense": 106506000, "depreciationAndAmortization": 403651000, "ebitda": 572656000, "ebitdaratio": 0.0685410561, "operatingIncome": 194940000, "operatingIncomeRatio": 0.0233323208, "totalOtherIncomeExpensesNet": -42805000, "incomeBeforeTax": 48326000, "incomeBeforeTaxRatio": 0.0057841271, "incomeTaxExpense": 28029000, "netIncome": -47010000, "netIncomeRatio": -0.0056266154, "eps": -0.23, "epsdiluted": -0.23, "weightedAverageShsOut": 202076243, "weightedAverageShsOutDil": 202076243, "link": "https://www.sec.gov/Archives/edgar/data/1335258/000133525817000031/0001335258-17-000031-index.htm", "finalLink": "https://www.sec.gov/Archives/edgar/data/1335258/000133525817000031/lyv-20161231x10k.htm", "calculatedOtherExpenses": 403775000, "calculatedOperatingExpenses": 2077286000, "calculatedNetInterest": -103933000, "calculatedOtherIncome": -42681000, "calculatedIncomeNonControlling": 67307000, "calculatedEbitda": 598591000}, {"date": "2015-12-31", "symbol": "LYV", "reportedCurrency": "USD", "cik": "0001335258", "fillingDate": "2016-02-25", "acceptedDate": "2016-02-25 16:37:03", "calendarYear": "2015", "period": "FY", "revenue": 7245731000, "costOfRevenue": 5196473000, "grossProfit": 2049258000, "grossProfitRatio": 0.2828228097, "researchAndDevelopmentExpenses": 0, "generalAndAdministrativeExpenses": 1505702000, "sellingAndMarketingExpenses": 28600000, "sellingGeneralAndAdministrativeExpenses": 1505702000, "otherExpenses": -27168000, "operatingExpenses": 1902943000, "costAndExpenses": 7099416000, "interestIncome": 3528000, "interestExpense": 102881000, "depreciationAndAmortization": 397241000, "ebitda": 521418000, "ebitdaratio": 0.0719620974, "operatingIncome": 131372000, "operatingIncomeRatio": 0.0181309519, "totalOtherIncomeExpensesNet": -40609000, "incomeBeforeTax": 6353000, "incomeBeforeTaxRatio": 0.0008767921, "incomeTaxExpense": 22122000, "netIncome": -65687000, "netIncomeRatio": -0.0090656139, "eps": -0.33, "epsdiluted": -0.33, "weightedAverageShsOut": 200973485, "weightedAverageShsOutDil": 200973485, "link": "https://www.sec.gov/Archives/edgar/data/1335258/000133525816000167/0001335258-16-000167-index.htm", "finalLink": "https://www.sec.gov/Archives/edgar/data/1335258/000133525816000167/lyv-20151231x10k.htm", "calculatedOtherExpenses": 412184000, "calculatedOperatingExpenses": 1917886000, "calculatedNetInterest": -99353000, "calculatedOtherIncome": -25666000, "calculatedIncomeNonControlling": 49918000, "calculatedEbitda": 528613000}, {"date": "2014-12-31", "symbol": "LYV", "reportedCurrency": "USD", "cik": "0001335258", "fillingDate": "2015-02-26", "acceptedDate": "2015-02-26 16:36:16", "calendarYear": "2014", "period": "FY", "revenue": 6866964000, "costOfRevenue": 4919969000, "grossProfit": 1946995000, "grossProfitRatio": 0.283530684, "researchAndDevelopmentExpenses": 0, "generalAndAdministrativeExpenses": 1431160000, "sellingAndMarketingExpenses": 28800000, "sellingGeneralAndAdministrativeExpenses": 1431160000, "otherExpenses": -8256000, "operatingExpenses": 1799303000, "costAndExpenses": 6719272000, "interestIncome": 3606000, "interestExpense": 106312000, "depreciationAndAmortization": 368143000, "ebitda": 515351000, "ebitdaratio": 0.0750478669, "operatingIncome": 7164000, "operatingIncomeRatio": 0.0010432558, "totalOtherIncomeExpensesNet": -144806000, "incomeBeforeTax": -99820000, "incomeBeforeTaxRatio": -0.0145362638, "incomeTaxExpense": 4630000, "netIncome": -96467000, "netIncomeRatio": -0.0140479839, "eps": -0.49, "epsdiluted": -0.49, "weightedAverageShsOut": 198874019, "weightedAverageShsOutDil": 198874019, "link": "https://www.sec.gov/Archives/edgar/data/1335258/000133525815000026/0001335258-15-000026-index.htm", "finalLink": "https://www.sec.gov/Archives/edgar/data/1335258/000133525815000026/lyv-20141231x10k.htm", "calculatedOtherExpenses": 508671000, "calculatedOperatingExpenses": 1939831000, "calculatedNetInterest": -102706000, "calculatedOtherIncome": -4278000, "calculatedIncomeNonControlling": -7983000, "calculatedEbitda": 375307000}, {"date": "2013-12-31", "symbol": "LYV", "reportedCurrency": "USD", "cik": "0001335258", "fillingDate": "2014-02-24", "acceptedDate": "2014-02-24 16:42:56", "calendarYear": "2013", "period": "FY", "revenue": 6478547000, "costOfRevenue": 4680507000, "grossProfit": 1798040000, "grossProfitRatio": 0.2775375404, "researchAndDevelopmentExpenses": 0, "generalAndAdministrativeExpenses": 1321277000, "sellingAndMarketingExpenses": 27700000, "sellingGeneralAndAdministrativeExpenses": 1321277000, "otherExpenses": -2796000, "operatingExpenses": 1690200000, "costAndExpenses": 6370707000, "interestIncome": 5071000, "interestExpense": 111659000, "depreciationAndAmortization": 368923000, "ebitda": 479894000, "ebitdaratio": 0.0740743256, "operatingIncome": 139660000, "operatingIncomeRatio": 0.0215573029, "totalOtherIncomeExpensesNet": -6389000, "incomeBeforeTax": -5137000, "incomeBeforeTaxRatio": -0.0007929247, "incomeTaxExpense": 30878000, "netIncome": -43378000, "netIncomeRatio": -0.0066956372, "eps": -0.22, "epsdiluted": -0.22, "weightedAverageShsOut": 193885066, "weightedAverageShsOutDil": 193885066, "link": "https://www.sec.gov/Archives/edgar/data/1335258/000133525814000027/0001335258-14-000027-index.htm", "finalLink": "https://www.sec.gov/Archives/edgar/data/1335258/000133525814000027/lyv-20131231x10k.htm", "calculatedOtherExpenses": 337103000, "calculatedOperatingExpenses": 1658380000, "calculatedNetInterest": -106588000, "calculatedOtherIncome": -38209000, "calculatedIncomeNonControlling": 7363000, "calculatedEbitda": 508583000}, {"date": "2012-12-31", "symbol": "LYV", "reportedCurrency": "USD", "cik": "0001335258", "fillingDate": "2013-02-26", "acceptedDate": "2013-02-26 16:58:02", "calendarYear": "2012", "period": "FY", "revenue": 5819047000, "costOfRevenue": 4151277000, "grossProfit": 1667770000, "grossProfitRatio": 0.2866053496, "researchAndDevelopmentExpenses": 0, "generalAndAdministrativeExpenses": 1256996000, "sellingAndMarketingExpenses": 21500000, "sellingGeneralAndAdministrativeExpenses": 1256996000, "otherExpenses": -1333000, "operatingExpenses": 1686553000, "costAndExpenses": 5837830000, "interestIncome": 4170000, "interestExpense": 123740000, "depreciationAndAmortization": 429557000, "ebitda": 423532000, "ebitdaratio": 0.0727837393, "operatingIncome": -21639000, "operatingIncomeRatio": -0.0037186502, "totalOtherIncomeExpensesNet": 6192000, "incomeBeforeTax": -132161000, "incomeBeforeTaxRatio": -0.0227117946, "incomeTaxExpense": 29736000, "netIncome": -163227000, "netIncomeRatio": -0.0280504694, "eps": -0.87, "epsdiluted": -0.87, "weightedAverageShsOut": 186955748, "weightedAverageShsOutDil": 186955748, "link": "https://www.sec.gov/Archives/edgar/data/1335258/000119312513077102/0001193125-13-077102-index.htm", "finalLink": "https://www.sec.gov/Archives/edgar/data/1335258/000119312513077102/d466140d10k.htm", "calculatedOtherExpenses": 432413000, "calculatedOperatingExpenses": 1689409000, "calculatedNetInterest": -119570000, "calculatedOtherIncome": 9048000, "calculatedIncomeNonControlling": 1330000, "calculatedEbitda": 407918000}, {"date": "2011-12-31", "symbol": "LYV", "reportedCurrency": "USD", "cik": "0001335258", "fillingDate": "2012-02-24", "acceptedDate": "2012-02-23 19:41:09", "calendarYear": "2011", "period": "FY", "revenue": 5383998000, "costOfRevenue": 3789488000, "grossProfit": 1594510000, "grossProfitRatio": 0.2961572423, "researchAndDevelopmentExpenses": 0, "generalAndAdministrativeExpenses": 1224126000, "sellingAndMarketingExpenses": 0, "sellingGeneralAndAdministrativeExpenses": 1224126000, "otherExpenses": 343018000, "operatingExpenses": 1567144000, "costAndExpenses": 5356632000, "interestIncome": 4215000, "interestExpense": 120414000, "depreciationAndAmortization": 343018000, "ebitda": 382341000, "ebitdaratio": 0.071014328, "operatingIncome": 18337000, "operatingIncomeRatio": 0.0034058334, "totalOtherIncomeExpensesNet": -7794000, "incomeBeforeTax": -96627000, "incomeBeforeTaxRatio": -0.017947072, "incomeTaxExpense": -26224000, "netIncome": -83016000, "netIncomeRatio": -0.015419025, "eps": -0.46, "epsdiluted": -0.46, "weightedAverageShsOut": 182388070, "weightedAverageShsOutDil": 182388070, "link": "https://www.sec.gov/Archives/edgar/data/1335258/000119312512075895/0001193125-12-075895-index.htm", "finalLink": "https://www.sec.gov/Archives/edgar/data/1335258/000119312512075895/d277780d10k.htm", "calculatedOtherExpenses": 352047000, "calculatedOperatingExpenses": 1576173000, "calculatedNetInterest": -116199000, "calculatedOtherIncome": 1235000, "calculatedIncomeNonControlling": 12613000, "calculatedEbitda": 361355000}, {"date": "2010-12-31", "symbol": "LYV", "reportedCurrency": "USD", "cik": "0001335258", "fillingDate": "2011-02-28", "acceptedDate": "2011-02-28 17:27:39", "calendarYear": "2010", "period": "FY", "revenue": 5063748000, "costOfRevenue": 3658310000, "grossProfit": 1405438000, "grossProfitRatio": 0.2775489618, "researchAndDevelopmentExpenses": 0, "generalAndAdministrativeExpenses": 1124743000, "sellingAndMarketingExpenses": 0, "sellingGeneralAndAdministrativeExpenses": 1124743000, "otherExpenses": 322040000, "operatingExpenses": 1446783000, "costAndExpenses": 5105093000, "interestIncome": 3771000, "interestExpense": 116527000, "depreciationAndAmortization": 321666000, "ebitda": 289020000, "ebitdaratio": 0.0570763, "operatingIncome": -63700000, "operatingIncomeRatio": -0.0125796149, "totalOtherIncomeExpensesNet": -34553000, "incomeBeforeTax": -188654000, "incomeBeforeTaxRatio": -0.0372558034, "incomeTaxExpense": 15154000, "netIncome": -228390000, "netIncomeRatio": -0.0451029554, "eps": -1.39, "epsdiluted": -1.39, "weightedAverageShsOut": 164410167, "weightedAverageShsOutDil": 164410167, "link": "https://www.sec.gov/Archives/edgar/data/1335258/000119312511050243/0001193125-11-050243-index.htm", "finalLink": "https://www.sec.gov/Archives/edgar/data/1335258/000119312511050243/d10k.htm", "calculatedOtherExpenses": 344395000, "calculatedOperatingExpenses": 1469138000, "calculatedNetInterest": -112756000, "calculatedOtherIncome": -12198000, "calculatedIncomeNonControlling": 24582000, "calculatedEbitda": 257966000}, {"date": "2009-12-31", "symbol": "LYV", "reportedCurrency": "USD", "cik": "0001335258", "fillingDate": "2010-02-25", "acceptedDate": "2010-02-25 16:50:52", "calendarYear": "2009", "period": "FY", "revenue": 4181021000, "costOfRevenue": 3357245000, "grossProfit": 823776000, "grossProfitRatio": 0.1970274725, "researchAndDevelopmentExpenses": 0, "generalAndAdministrativeExpenses": 675869000, "sellingAndMarketingExpenses": 0, "sellingGeneralAndAdministrativeExpenses": 675869000, "otherExpenses": 155135000, "operatingExpenses": 831004000, "costAndExpenses": 4188249000, "interestIncome": -2193000, "interestExpense": 66365000, "depreciationAndAmortization": 162694000, "ebitda": 159510000, "ebitdaratio": 0.0381509684, "operatingIncome": -52356000, "operatingIncomeRatio": -0.0125223002, "totalOtherIncomeExpensesNet": -43278000, "incomeBeforeTax": -114678000, "incomeBeforeTaxRatio": -0.0274282287, "incomeTaxExpense": 11333000, "netIncome": -60179000, "netIncomeRatio": -0.0143933742, "eps": -0.73, "epsdiluted": -0.73, "weightedAverageShsOut": 82652366, "weightedAverageShsOutDil": 82652366, "link": "https://www.sec.gov/Archives/edgar/data/1335258/000119312510040804/0001193125-10-040804-index.htm", "finalLink": "https://www.sec.gov/Archives/edgar/data/1335258/000119312510040804/d10k.htm", "calculatedOtherExpenses": 200263000, "calculatedOperatingExpenses": 876132000, "calculatedNetInterest": -68558000, "calculatedOtherIncome": 6236000, "calculatedIncomeNonControlling": -65832000, "calculatedEbitda": 110338000}, {"date": "2008-12-31", "symbol": "LYV", "reportedCurrency": "USD", "cik": "0001335258", "fillingDate": "2009-03-05", "acceptedDate": "2009-03-05 06:06:42", "calendarYear": "2008", "period": "FY", "revenue": 4166838000, "costOfRevenue": 3377170000, "grossProfit": 789668000, "grossProfitRatio": 0.1895125272, "researchAndDevelopmentExpenses": 0, "generalAndAdministrativeExpenses": 655351000, "sellingAndMarketingExpenses": 0, "sellingGeneralAndAdministrativeExpenses": 655351000, "otherExpenses": 418477000, "operatingExpenses": 1073828000, "costAndExpenses": 4450998000, "interestIncome": -10192000, "interestExpense": 63023000, "depreciationAndAmortization": 152186000, "ebitda": 139008000, "ebitdaratio": 0.0333605482, "operatingIncome": -284160000, "operatingIncomeRatio": -0.0681955958, "totalOtherIncomeExpensesNet": -268718000, "incomeBeforeTax": -336125000, "incomeBeforeTaxRatio": -0.080666683, "incomeTaxExpense": -15925000, "netIncome": -231765000, "netIncomeRatio": -0.0556213129, "eps": -3.04, "epsdiluted": -3.04, "weightedAverageShsOut": 76228275, "weightedAverageShsOutDil": 76228275, "link": "https://www.sec.gov/Archives/edgar/data/1335258/000119312509045320/0001193125-09-045320-index.htm", "finalLink": "https://www.sec.gov/Archives/edgar/data/1335258/000119312509045320/d10k.htm", "calculatedOtherExpenses": 418477000, "calculatedOperatingExpenses": 1073828000, "calculatedNetInterest": -73215000, "calculatedOtherIncome": 21250000, "calculatedIncomeNonControlling": -88435000, "calculatedEbitda": -131974000}, {"date": "2007-12-31", "symbol": "LYV", "reportedCurrency": "USD", "cik": "0001335258", "fillingDate": "2008-02-29", "acceptedDate": "2008-02-29 12:38:55", "calendarYear": "2007", "period": "FY", "revenue": 4184981000, "costOfRevenue": 3333572000, "grossProfit": 851409000, "grossProfitRatio": 0.2034439344, "researchAndDevelopmentExpenses": 0, "generalAndAdministrativeExpenses": 699665000, "sellingAndMarketingExpenses": 0, "sellingGeneralAndAdministrativeExpenses": 699665000, "otherExpenses": 69602000, "operatingExpenses": 769267000, "costAndExpenses": 4102839000, "interestIncome": -14479000, "interestExpense": 61915000, "depreciationAndAmortization": 122923000, "ebitda": 153826000, "ebitdaratio": 0.0367566782, "operatingIncome": 82142000, "operatingIncomeRatio": 0.0196278072, "totalOtherIncomeExpensesNet": 56045000, "incomeBeforeTax": 31656000, "incomeBeforeTaxRatio": 0.007564192, "incomeTaxExpense": 43592000, "netIncome": -11936000, "netIncomeRatio": -0.0028521037, "eps": -0.17, "epsdiluted": -0.17, "weightedAverageShsOut": 68440582, "weightedAverageShsOutDil": 68440582, "link": "https://www.sec.gov/Archives/edgar/data/1335258/000119312508043193/0001193125-08-043193-index.htm", "finalLink": "https://www.sec.gov/Archives/edgar/data/1335258/000119312508043193/d10k.htm", "calculatedOtherExpenses": 69602000, "calculatedOperatingExpenses": 769267000, "calculatedNetInterest": -76394000, "calculatedOtherIncome": 25908000, "calculatedIncomeNonControlling": 0, "calculatedEbitda": 205065000}, {"date": "2006-12-31", "symbol": "LYV", "reportedCurrency": "USD", "cik": "0001335258", "fillingDate": "2007-03-01", "acceptedDate": "2007-03-01 16:33:34", "calendarYear": "2006", "period": "FY", "revenue": 3691559000, "costOfRevenue": 2981801000, "grossProfit": 709758000, "grossProfitRatio": 0.1922651108, "researchAndDevelopmentExpenses": 0, "generalAndAdministrativeExpenses": 562967000, "sellingAndMarketingExpenses": 0, "sellingGeneralAndAdministrativeExpenses": 562967000, "otherExpenses": 116527000, "operatingExpenses": 679494000, "costAndExpenses": 3661295000, "interestIncome": 12446000, "interestExpense": 37218000, "depreciationAndAmortization": 128903000, "ebitda": 146307000, "ebitdaratio": 0.0396328489, "operatingIncome": 30264000, "operatingIncomeRatio": 0.0081981623, "totalOtherIncomeExpensesNet": 24125000, "incomeBeforeTax": 5768000, "incomeBeforeTaxRatio": 0.0015624835, "incomeTaxExpense": 37210000, "netIncome": -31442000, "netIncomeRatio": -0.0085172687, "eps": -0.48, "epsdiluted": -0.48, "weightedAverageShsOut": 64853243, "weightedAverageShsOutDil": 64853243, "link": "https://www.sec.gov/Archives/edgar/data/1335258/000095012907001097/0000950129-07-001097-index.htm", "finalLink": "https://www.sec.gov/Archives/edgar/data/1335258/000095012907001097/h44068e10vk.htm", "calculatedOtherExpenses": 116527000, "calculatedOperatingExpenses": 679494000, "calculatedNetInterest": -24772000, "calculatedOtherIncome": 276000, "calculatedIncomeNonControlling": 0, "calculatedEbitda": 159167000}, {"date": "2005-12-31", "symbol": "LYV", "reportedCurrency": "USD", "cik": "0001335258", "fillingDate": "2006-03-21", "acceptedDate": "2006-03-21 16:19:01", "calendarYear": "2005", "period": "FY", "revenue": 2936845000, "costOfRevenue": 2829832000, "grossProfit": 107013000, "grossProfitRatio": 0.0364380824, "researchAndDevelopmentExpenses": 0, "generalAndAdministrativeExpenses": 0, "sellingAndMarketingExpenses": 0, "sellingGeneralAndAdministrativeExpenses": 50715000, "otherExpenses": 120196000, "operatingExpenses": 120196000, "costAndExpenses": 2950028000, "interestIncome": 0, "interestExpense": 52496000, "depreciationAndAmortization": 64631000, "ebitda": 59483000, "ebitdaratio": 0.0202540481, "operatingIncome": -13183000, "operatingIncomeRatio": -0.0044888307, "totalOtherIncomeExpensesNet": -8311000, "incomeBeforeTax": -69131000, "incomeBeforeTaxRatio": -0.0235392062, "incomeTaxExpense": 61488000, "netIncome": -130619000, "netIncomeRatio": -0.0444759597, "eps": -1.96, "epsdiluted": -1.96, "weightedAverageShsOut": 66809394, "weightedAverageShsOutDil": 66809394, "link": "https://www.sec.gov/Archives/edgar/data/1335258/000095012906002894/0000950129-06-002894-index.htm", "finalLink": "https://www.sec.gov/Archives/edgar/data/1335258/000095012906002894/h34204e10vk.htm", "calculatedOtherExpenses": 69481000, "calculatedOperatingExpenses": 120196000, "calculatedNetInterest": -52496000, "calculatedOtherIncome": -3452000, "calculatedIncomeNonControlling": 0, "calculatedEbitda": 51448000}, {"date": "2004-12-31", "symbol": "LYV", "reportedCurrency": "USD", "cik": "0001335258", "fillingDate": "2004-12-31", "acceptedDate": "2004-12-30 19:00:00", "calendarYear": "2004", "period": "FY", "revenue": 2806128000, "costOfRevenue": 2645293000, "grossProfit": 160835000, "grossProfitRatio": 0.0573156321, "researchAndDevelopmentExpenses": 0, "generalAndAdministrativeExpenses": 0, "sellingAndMarketingExpenses": 0, "sellingGeneralAndAdministrativeExpenses": 0, "otherExpenses": 204406000, "operatingExpenses": 204406000, "costAndExpenses": 2849699000, "interestIncome": 0, "interestExpense": 0, "depreciationAndAmortization": 64095000, "ebitda": 20524000, "ebitdaratio": 0.0073139928, "operatingIncome": -43571000, "operatingIncomeRatio": -0.0155270893, "totalOtherIncomeExpensesNet": 58296000, "incomeBeforeTax": 14725000, "incomeBeforeTaxRatio": 0.0052474442, "incomeTaxExpense": -1535000, "netIncome": 16260000, "netIncomeRatio": 0.0057944613, "eps": 0.24, "epsdiluted": 0.24, "weightedAverageShsOut": 67565000, "weightedAverageShsOutDil": 67565000, "link": "", "finalLink": "", "calculatedOtherExpenses": 204406000, "calculatedOperatingExpenses": 204406000, "calculatedNetInterest": 0, "calculatedOtherIncome": 58296000, "calculatedIncomeNonControlling": 0, "calculatedEbitda": 20524000}, {"date": "2003-12-31", "symbol": "LYV", "reportedCurrency": "USD", "cik": "0001335258", "fillingDate": "2003-12-31", "acceptedDate": "2003-12-30 19:00:00", "calendarYear": "2003", "period": "FY", "revenue": 2707902000, "costOfRevenue": 2506635000, "grossProfit": 201267000, "grossProfitRatio": 0.0743258065, "researchAndDevelopmentExpenses": 0, "generalAndAdministrativeExpenses": 0, "sellingAndMarketingExpenses": 0, "sellingGeneralAndAdministrativeExpenses": 0, "otherExpenses": 247263000, "operatingExpenses": 247263000, "costAndExpenses": 2753898000, "interestIncome": 0, "interestExpense": 2788000, "depreciationAndAmortization": 63436000, "ebitda": 17440000, "ebitdaratio": 0.0064404103, "operatingIncome": -45996000, "operatingIncomeRatio": -0.0169858437, "totalOtherIncomeExpensesNet": 117151000, "incomeBeforeTax": 68367000, "incomeBeforeTaxRatio": 0.0252472209, "incomeTaxExpense": 11335000, "netIncome": 57032000, "netIncomeRatio": 0.0210613235, "eps": 0.84, "epsdiluted": 0.84, "weightedAverageShsOut": 67565000, "weightedAverageShsOutDil": 67565000, "link": "", "finalLink": "", "calculatedOtherExpenses": 247263000, "calculatedOperatingExpenses": 247263000, "calculatedNetInterest": -2788000, "calculatedOtherIncome": 117151000, "calculatedIncomeNonControlling": 0, "calculatedEbitda": 17440000}, {"date": "2002-12-31", "symbol": "LYV", "reportedCurrency": "USD", "cik": "0001335258", "fillingDate": "2002-12-31", "acceptedDate": "2002-12-30 19:00:00", "calendarYear": "2002", "period": "FY", "revenue": 2473319000, "costOfRevenue": 1853096000, "grossProfit": 620223000, "grossProfitRatio": 0.2507654694, "researchAndDevelopmentExpenses": 0, "generalAndAdministrativeExpenses": 0, "sellingAndMarketingExpenses": 0, "sellingGeneralAndAdministrativeExpenses": 449611000, "otherExpenses": 525307000, "operatingExpenses": 525307000, "costAndExpenses": 2378403000, "interestIncome": 0, "interestExpense": 0, "depreciationAndAmortization": 64836000, "ebitda": 161776000, "ebitdaratio": 0.0654084653, "operatingIncome": 94916000, "operatingIncomeRatio": 0.0383759636, "totalOtherIncomeExpensesNet": -2024000, "incomeBeforeTax": 32430000, "incomeBeforeTaxRatio": 0.0131119358, "incomeTaxExpense": -28999000, "netIncome": -3928576000, "netIncomeRatio": -1.5883822507, "eps": -58.15, "epsdiluted": -58.15, "weightedAverageShsOut": 67565000, "weightedAverageShsOutDil": 67565000, "link": "", "finalLink": "", "calculatedOtherExpenses": 75696000, "calculatedOperatingExpenses": 525307000, "calculatedNetInterest": 0, "calculatedOtherIncome": -62486000, "calculatedIncomeNonControlling": 3990005000, "calculatedEbitda": 159752000}, {"date": "2001-12-31", "symbol": "LYV", "reportedCurrency": "USD", "cik": "0001335258", "fillingDate": "2001-12-31", "acceptedDate": "2001-12-30 19:00:00", "calendarYear": "2001", "period": "FY", "revenue": 2543668000, "costOfRevenue": 2386504000, "grossProfit": 157164000, "grossProfitRatio": 0.0617863652, "researchAndDevelopmentExpenses": 0, "generalAndAdministrativeExpenses": 0, "sellingAndMarketingExpenses": 0, "sellingGeneralAndAdministrativeExpenses": 0, "otherExpenses": 347359000, "operatingExpenses": 347359000, "costAndExpenses": 2733863000, "interestIncome": 0, "interestExpense": 0, "depreciationAndAmortization": 299343000, "ebitda": 105935000, "ebitdaratio": 0.0416465514, "operatingIncome": -190195000, "operatingIncomeRatio": -0.0747719435, "totalOtherIncomeExpensesNet": 3213000, "incomeBeforeTax": -255269000, "incomeBeforeTaxRatio": -0.1003546847, "incomeTaxExpense": -531000, "netIncome": -254738000, "netIncomeRatio": -0.100145931, "eps": -3.77, "epsdiluted": -3.77, "weightedAverageShsOut": 67565000, "weightedAverageShsOutDil": 67565000, "link": "", "finalLink": "", "calculatedOtherExpenses": 347359000, "calculatedOperatingExpenses": 347359000, "calculatedNetInterest": 0, "calculatedOtherIncome": -65074000, "calculatedIncomeNonControlling": 0, "calculatedEbitda": 109148000}]}