{"originalCurrency": "USD", "convertedCurrency": "USD", "report": [{"date": "2024-02-03", "symbol": "M", "reportedCurrency": "USD", "cik": "0000794367", "fillingDate": "2024-03-22", "acceptedDate": "2024-03-22 16:13:42", "calendarYear": "2023", "period": "FY", "revenue": 23866000000, "costOfRevenue": 14143000000, "grossProfit": 9723000000, "grossProfitRatio": 0.407399648, "researchAndDevelopmentExpenses": 0, "generalAndAdministrativeExpenses": 8509000000, "sellingAndMarketingExpenses": -282000000, "sellingGeneralAndAdministrativeExpenses": 8227000000, "otherExpenses": -148000000, "operatingExpenses": 8375000000, "costAndExpenses": 22518000000, "interestIncome": 0, "interestExpense": 135000000, "depreciationAndAmortization": 897000000, "ebitda": 2245000000, "ebitdaratio": 0.0940668734, "operatingIncome": 1348000000, "operatingIncomeRatio": 0.0564820246, "totalOtherIncomeExpensesNet": -1224000000, "incomeBeforeTax": 124000000, "incomeBeforeTaxRatio": 0.0051956759, "incomeTaxExpense": 19000000, "netIncome": 105000000, "netIncomeRatio": 0.0043995642, "eps": 0.38, "epsdiluted": 0.38, "weightedAverageShsOut": 274200000, "weightedAverageShsOutDil": 278200000, "link": "https://www.sec.gov/Archives/edgar/data/794367/000162828024012734/0001628280-24-012734-index.htm", "finalLink": "https://www.sec.gov/Archives/edgar/data/794367/000162828024012734/m-20240203.htm", "calculatedOtherExpenses": 148000000, "calculatedOperatingExpenses": 8375000000, "calculatedNetInterest": -135000000, "calculatedOtherIncome": -1089000000, "calculatedIncomeNonControlling": 0, "calculatedEbitda": 2245000000}, {"date": "2023-01-28", "symbol": "M", "reportedCurrency": "USD", "cik": "0000794367", "fillingDate": "2023-03-24", "acceptedDate": "2023-03-24 16:02:12", "calendarYear": "2022", "period": "FY", "revenue": 25305000000, "costOfRevenue": 15306000000, "grossProfit": 9999000000, "grossProfitRatio": 0.3951393005, "researchAndDevelopmentExpenses": 0, "generalAndAdministrativeExpenses": 8356000000, "sellingAndMarketingExpenses": -39000000, "sellingGeneralAndAdministrativeExpenses": 8317000000, "otherExpenses": -19000000, "operatingExpenses": 8317000000, "costAndExpenses": 23623000000, "interestIncome": 15000000, "interestExpense": 162000000, "depreciationAndAmortization": 790000000, "ebitda": 2520000000, "ebitdaratio": 0.0995850622, "operatingIncome": 1730000000, "operatingIncomeRatio": 0.0683659356, "totalOtherIncomeExpensesNet": -212000000, "incomeBeforeTax": 1518000000, "incomeBeforeTaxRatio": 0.0599881446, "incomeTaxExpense": 341000000, "netIncome": 1177000000, "netIncomeRatio": 0.0465125469, "eps": 4.28, "epsdiluted": 4.19, "weightedAverageShsOut": 274700000, "weightedAverageShsOutDil": 281100000, "link": "https://www.sec.gov/Archives/edgar/data/794367/000162828023009154/0001628280-23-009154-index.htm", "finalLink": "https://www.sec.gov/Archives/edgar/data/794367/000162828023009154/m-20230128.htm", "calculatedOtherExpenses": -48000000, "calculatedOperatingExpenses": 8269000000, "calculatedNetInterest": -147000000, "calculatedOtherIncome": -65000000, "calculatedIncomeNonControlling": 0, "calculatedEbitda": 2520000000}, {"date": "2022-01-29", "symbol": "M", "reportedCurrency": "USD", "cik": "0000794367", "fillingDate": "2022-03-25", "acceptedDate": "2022-03-25 06:01:37", "calendarYear": "2021", "period": "FY", "revenue": 25292000000, "costOfRevenue": 14956000000, "grossProfit": 10336000000, "grossProfitRatio": 0.4086667721, "researchAndDevelopmentExpenses": 0, "generalAndAdministrativeExpenses": 8143000000, "sellingAndMarketingExpenses": -96000000, "sellingGeneralAndAdministrativeExpenses": 8047000000, "otherExpenses": -30000000, "operatingExpenses": 8047000000, "costAndExpenses": 23003000000, "interestIncome": 4000000, "interestExpense": 255000000, "depreciationAndAmortization": 783000000, "ebitda": 3133000000, "ebitdaratio": 0.1238731615, "operatingIncome": 2350000000, "operatingIncomeRatio": 0.0929147557, "totalOtherIncomeExpensesNet": -484000000, "incomeBeforeTax": 1866000000, "incomeBeforeTaxRatio": 0.0737782698, "incomeTaxExpense": 436000000, "netIncome": 1430000000, "netIncomeRatio": 0.0565396173, "eps": 4.66, "epsdiluted": 4.55, "weightedAverageShsOut": 306800000, "weightedAverageShsOutDil": 314000000, "link": "https://www.sec.gov/Archives/edgar/data/794367/000156459022011726/0001564590-22-011726-index.htm", "finalLink": "https://www.sec.gov/Archives/edgar/data/794367/000156459022011726/m-10k_20220129.htm", "calculatedOtherExpenses": -61000000, "calculatedOperatingExpenses": 7986000000, "calculatedNetInterest": -251000000, "calculatedOtherIncome": -233000000, "calculatedIncomeNonControlling": 0, "calculatedEbitda": 3133000000}, {"date": "2021-01-30", "symbol": "M", "reportedCurrency": "USD", "cik": "0000794367", "fillingDate": "2021-03-29", "acceptedDate": "2021-03-29 16:06:50", "calendarYear": "2020", "period": "FY", "revenue": 18097000000, "costOfRevenue": 12286000000, "grossProfit": 5811000000, "grossProfitRatio": 0.3211029452, "researchAndDevelopmentExpenses": 0, "generalAndAdministrativeExpenses": 6851000000, "sellingAndMarketingExpenses": -84000000, "sellingGeneralAndAdministrativeExpenses": 6767000000, "otherExpenses": -30000000, "operatingExpenses": 6767000000, "costAndExpenses": 19053000000, "interestIncome": 8000000, "interestExpense": 280000000, "depreciationAndAmortization": 924000000, "ebitda": -32000000, "ebitdaratio": -0.0017682489, "operatingIncome": -956000000, "operatingIncomeRatio": -0.0528264353, "totalOtherIncomeExpensesNet": -3834000000, "incomeBeforeTax": -4790000000, "incomeBeforeTaxRatio": -0.2646847544, "incomeTaxExpense": -846000000, "netIncome": -3944000000, "netIncomeRatio": -0.2179366746, "eps": -12.68, "epsdiluted": -12.68, "weightedAverageShsOut": 311100000, "weightedAverageShsOutDil": 311100000, "link": "https://www.sec.gov/Archives/edgar/data/794367/000156459021016119/0001564590-21-016119-index.htm", "finalLink": "https://www.sec.gov/Archives/edgar/data/794367/000156459021016119/m-10k_20210130.htm", "calculatedOtherExpenses": 0, "calculatedOperatingExpenses": 6767000000, "calculatedNetInterest": -272000000, "calculatedOtherIncome": -3562000000, "calculatedIncomeNonControlling": 0, "calculatedEbitda": -32000000}, {"date": "2020-02-01", "symbol": "M", "reportedCurrency": "USD", "cik": "0000794367", "fillingDate": "2020-03-30", "acceptedDate": "2020-03-30 16:58:41", "calendarYear": "2019", "period": "FY", "revenue": 25331000000, "costOfRevenue": 15171000000, "grossProfit": 10160000000, "grossProfitRatio": 0.401089574, "researchAndDevelopmentExpenses": 0, "generalAndAdministrativeExpenses": 9056000000, "sellingAndMarketingExpenses": -58000000, "sellingGeneralAndAdministrativeExpenses": 8998000000, "otherExpenses": -27000000, "operatingExpenses": 8998000000, "costAndExpenses": 24169000000, "interestIncome": 25000000, "interestExpense": 185000000, "depreciationAndAmortization": 1146000000, "ebitda": 2116000000, "ebitdaratio": 0.0835340097, "operatingIncome": 970000000, "operatingIncomeRatio": 0.0382930007, "totalOtherIncomeExpensesNet": -242000000, "incomeBeforeTax": 728000000, "incomeBeforeTaxRatio": 0.0287394892, "incomeTaxExpense": 164000000, "netIncome": 564000000, "netIncomeRatio": 0.0222652086, "eps": 1.82, "epsdiluted": 1.81, "weightedAverageShsOut": 309700000, "weightedAverageShsOutDil": 311400000, "link": "https://www.sec.gov/Archives/edgar/data/794367/000079436720000040/0000794367-20-000040-index.htm", "finalLink": "https://www.sec.gov/Archives/edgar/data/794367/000079436720000040/m-0201202010xk.htm", "calculatedOtherExpenses": 192000000, "calculatedOperatingExpenses": 9190000000, "calculatedNetInterest": -160000000, "calculatedOtherIncome": -82000000, "calculatedIncomeNonControlling": 0, "calculatedEbitda": 2116000000}, {"date": "2019-02-02", "symbol": "M", "reportedCurrency": "USD", "cik": "0000794367", "fillingDate": "2019-04-03", "acceptedDate": "2019-04-03 11:09:06", "calendarYear": "2018", "period": "FY", "revenue": 25739000000, "costOfRevenue": 15215000000, "grossProfit": 10524000000, "grossProfitRatio": 0.4088736936, "researchAndDevelopmentExpenses": 0, "generalAndAdministrativeExpenses": 9127000000, "sellingAndMarketingExpenses": -88000000, "sellingGeneralAndAdministrativeExpenses": 9039000000, "otherExpenses": -49000000, "operatingExpenses": 9039000000, "costAndExpenses": 24254000000, "interestIncome": 32000000, "interestExpense": 236000000, "depreciationAndAmortization": 962000000, "ebitda": 2398000000, "ebitdaratio": 0.0931660127, "operatingIncome": 1738000000, "operatingIncomeRatio": 0.0675239908, "totalOtherIncomeExpensesNet": 171000000, "incomeBeforeTax": 1420000000, "incomeBeforeTaxRatio": 0.0551691985, "incomeTaxExpense": 322000000, "netIncome": 1108000000, "netIncomeRatio": 0.0430475154, "eps": 3.6, "epsdiluted": 3.56, "weightedAverageShsOut": 307700000, "weightedAverageShsOutDil": 311400000, "link": "https://www.sec.gov/Archives/edgar/data/794367/000079436719000038/0000794367-19-000038-index.htm", "finalLink": "https://www.sec.gov/Archives/edgar/data/794367/000079436719000038/m-0202201910xk.htm", "calculatedOtherExpenses": -253000000, "calculatedOperatingExpenses": 8786000000, "calculatedNetInterest": -204000000, "calculatedOtherIncome": -114000000, "calculatedIncomeNonControlling": -10000000, "calculatedEbitda": 2700000000}, {"date": "2018-02-03", "symbol": "M", "reportedCurrency": "USD", "cik": "0000794367", "fillingDate": "2018-04-04", "acceptedDate": "2018-04-04 16:32:17", "calendarYear": "2017", "period": "FY", "revenue": 24837000000, "costOfRevenue": 15152000000, "grossProfit": 9685000000, "grossProfitRatio": 0.3899424246, "researchAndDevelopmentExpenses": 0, "generalAndAdministrativeExpenses": 8236000000, "sellingAndMarketingExpenses": 1108000000, "sellingGeneralAndAdministrativeExpenses": 8131000000, "otherExpenses": -105000000, "operatingExpenses": 8131000000, "costAndExpenses": 23283000000, "interestIncome": 20000000, "interestExpense": 310000000, "depreciationAndAmortization": 991000000, "ebitda": 2440000000, "ebitdaratio": 0.0982405282, "operatingIncome": 1807000000, "operatingIncomeRatio": 0.0727543584, "totalOtherIncomeExpensesNet": 263000000, "incomeBeforeTax": 1507000000, "incomeBeforeTaxRatio": 0.0606756049, "incomeTaxExpense": -29000000, "netIncome": 1547000000, "netIncomeRatio": 0.0622861054, "eps": 5.13, "epsdiluted": 5.1, "weightedAverageShsOut": 305400000, "weightedAverageShsOutDil": 306800000, "link": "https://www.sec.gov/Archives/edgar/data/794367/000079436718000036/0000794367-18-000036-index.htm", "finalLink": "https://www.sec.gov/Archives/edgar/data/794367/000079436718000036/m-0203201810k.htm", "calculatedOtherExpenses": -253000000, "calculatedOperatingExpenses": 7878000000, "calculatedNetInterest": -290000000, "calculatedOtherIncome": -10000000, "calculatedIncomeNonControlling": -11000000, "calculatedEbitda": 2798000000}, {"date": "2017-01-28", "symbol": "M", "reportedCurrency": "USD", "cik": "0000794367", "fillingDate": "2017-03-29", "acceptedDate": "2017-03-29 16:43:09", "calendarYear": "2016", "period": "FY", "revenue": 25778000000, "costOfRevenue": 15621000000, "grossProfit": 10157000000, "grossProfitRatio": 0.394018155, "researchAndDevelopmentExpenses": 0, "generalAndAdministrativeExpenses": 8363000000, "sellingAndMarketingExpenses": 1153000000, "sellingGeneralAndAdministrativeExpenses": 8265000000, "otherExpenses": -98000000, "operatingExpenses": 8265000000, "costAndExpenses": 23886000000, "interestIncome": 26000000, "interestExpense": 363000000, "depreciationAndAmortization": 1058000000, "ebitda": 2852000000, "ebitdaratio": 0.1106369773, "operatingIncome": 1315000000, "operatingIncomeRatio": 0.0510124913, "totalOtherIncomeExpensesNet": -577000000, "incomeBeforeTax": 952000000, "incomeBeforeTaxRatio": 0.0369307161, "incomeTaxExpense": 341000000, "netIncome": 619000000, "netIncomeRatio": 0.024012724, "eps": 2.03, "epsdiluted": 2.02, "weightedAverageShsOut": 308500000, "weightedAverageShsOutDil": 310800000, "link": "https://www.sec.gov/Archives/edgar/data/794367/000079436717000041/0000794367-17-000041-index.htm", "finalLink": "https://www.sec.gov/Archives/edgar/data/794367/000079436717000041/m-0128201710k.htm", "calculatedOtherExpenses": 577000000, "calculatedOperatingExpenses": 8842000000, "calculatedNetInterest": -337000000, "calculatedOtherIncome": -26000000, "calculatedIncomeNonControlling": -8000000, "calculatedEbitda": 2373000000}, {"date": "2016-01-30", "symbol": "M", "reportedCurrency": "USD", "cik": "0000794367", "fillingDate": "2016-03-30", "acceptedDate": "2016-03-30 10:31:53", "calendarYear": "2015", "period": "FY", "revenue": 27079000000, "costOfRevenue": 16496000000, "grossProfit": 10583000000, "grossProfitRatio": 0.3908194542, "researchAndDevelopmentExpenses": 0, "generalAndAdministrativeExpenses": 8256000000, "sellingAndMarketingExpenses": 1173000000, "sellingGeneralAndAdministrativeExpenses": 8256000000, "otherExpenses": 0, "operatingExpenses": 8256000000, "costAndExpenses": 24752000000, "interestIncome": 23000000, "interestExpense": 361000000, "depreciationAndAmortization": 1061000000, "ebitda": 3388000000, "ebitdaratio": 0.1251154031, "operatingIncome": 2039000000, "operatingIncomeRatio": 0.0752982016, "totalOtherIncomeExpensesNet": -288000000, "incomeBeforeTax": 1678000000, "incomeBeforeTaxRatio": 0.0619668378, "incomeTaxExpense": 608000000, "netIncome": 1072000000, "netIncomeRatio": 0.0395878725, "eps": 3.26, "epsdiluted": 3.22, "weightedAverageShsOut": 328400000, "weightedAverageShsOutDil": 333000000, "link": "https://www.sec.gov/Archives/edgar/data/794367/000079436716000221/0000794367-16-000221-index.htm", "finalLink": "https://www.sec.gov/Archives/edgar/data/794367/000079436716000221/m-0130201610k.htm", "calculatedOtherExpenses": 288000000, "calculatedOperatingExpenses": 8544000000, "calculatedNetInterest": -338000000, "calculatedOtherIncome": -23000000, "calculatedIncomeNonControlling": -2000000, "calculatedEbitda": 3100000000}, {"date": "2015-01-31", "symbol": "M", "reportedCurrency": "USD", "cik": "0000794367", "fillingDate": "2015-04-01", "acceptedDate": "2015-04-01 08:55:15", "calendarYear": "2014", "period": "FY", "revenue": 28105000000, "costOfRevenue": 16863000000, "grossProfit": 11242000000, "grossProfitRatio": 0.4, "researchAndDevelopmentExpenses": 0, "generalAndAdministrativeExpenses": 8355000000, "sellingAndMarketingExpenses": 1177000000, "sellingGeneralAndAdministrativeExpenses": 8355000000, "otherExpenses": 0, "operatingExpenses": 8355000000, "costAndExpenses": 25218000000, "interestIncome": 14000000, "interestExpense": 393000000, "depreciationAndAmortization": 1036000000, "ebitda": 3923000000, "ebitdaratio": 0.139583704, "operatingIncome": 2800000000, "operatingIncomeRatio": 0.099626401, "totalOtherIncomeExpensesNet": -104000000, "incomeBeforeTax": 2390000000, "incomeBeforeTaxRatio": 0.0850382494, "incomeTaxExpense": 864000000, "netIncome": 1526000000, "netIncomeRatio": 0.0542963885, "eps": 4.3, "epsdiluted": 4.22, "weightedAverageShsOut": 355200000, "weightedAverageShsOutDil": 361700000, "link": "https://www.sec.gov/Archives/edgar/data/794367/000079436715000073/0000794367-15-000073-index.htm", "finalLink": "https://www.sec.gov/Archives/edgar/data/794367/000079436715000073/m-0131201510k.htm", "calculatedOtherExpenses": 87000000, "calculatedOperatingExpenses": 8442000000, "calculatedNetInterest": -379000000, "calculatedOtherIncome": -31000000, "calculatedIncomeNonControlling": 0, "calculatedEbitda": 3836000000}, {"date": "2014-02-01", "symbol": "M", "reportedCurrency": "USD", "cik": "0000794367", "fillingDate": "2014-04-02", "acceptedDate": "2014-04-02 11:25:01", "calendarYear": "2013", "period": "FY", "revenue": 27931000000, "costOfRevenue": 16725000000, "grossProfit": 11206000000, "grossProfitRatio": 0.4012029644, "researchAndDevelopmentExpenses": 0, "generalAndAdministrativeExpenses": 8440000000, "sellingAndMarketingExpenses": 1166000000, "sellingGeneralAndAdministrativeExpenses": 8440000000, "otherExpenses": 0, "operatingExpenses": 8440000000, "costAndExpenses": 25165000000, "interestIncome": 17000000, "interestExpense": 388000000, "depreciationAndAmortization": 1020000000, "ebitda": 3786000000, "ebitdaratio": 0.1355483155, "operatingIncome": 2678000000, "operatingIncomeRatio": 0.0958791307, "totalOtherIncomeExpensesNet": -88000000, "incomeBeforeTax": 2290000000, "incomeBeforeTaxRatio": 0.0819877555, "incomeTaxExpense": 804000000, "netIncome": 1486000000, "netIncomeRatio": 0.0532025348, "eps": 3.93, "epsdiluted": 3.86, "weightedAverageShsOut": 378300000, "weightedAverageShsOutDil": 384800000, "link": "https://www.sec.gov/Archives/edgar/data/794367/000079436714000071/0000794367-14-000071-index.htm", "finalLink": "https://www.sec.gov/Archives/edgar/data/794367/000079436714000071/m-02012014x10k.htm", "calculatedOtherExpenses": 88000000, "calculatedOperatingExpenses": 8528000000, "calculatedNetInterest": -371000000, "calculatedOtherIncome": -17000000, "calculatedIncomeNonControlling": 0, "calculatedEbitda": 3698000000}, {"date": "2013-02-02", "symbol": "M", "reportedCurrency": "USD", "cik": "0000794367", "fillingDate": "2013-04-03", "acceptedDate": "2013-04-03 14:20:19", "calendarYear": "2012", "period": "FY", "revenue": 27686000000, "costOfRevenue": 16538000000, "grossProfit": 11148000000, "grossProfitRatio": 0.4026583833, "researchAndDevelopmentExpenses": 0, "generalAndAdministrativeExpenses": 8482000000, "sellingAndMarketingExpenses": 1123000000, "sellingGeneralAndAdministrativeExpenses": 8482000000, "otherExpenses": 0, "operatingExpenses": 8482000000, "costAndExpenses": 25020000000, "interestIncome": 22000000, "interestExpense": 422000000, "depreciationAndAmortization": 1049000000, "ebitda": 3715000000, "ebitdaratio": 0.1341833418, "operatingIncome": 2661000000, "operatingIncomeRatio": 0.0961135592, "totalOtherIncomeExpensesNet": -142000000, "incomeBeforeTax": 2102000000, "incomeBeforeTaxRatio": 0.0759228491, "incomeTaxExpense": 767000000, "netIncome": 1335000000, "netIncomeRatio": 0.0482193166, "eps": 3.29, "epsdiluted": 3.24, "weightedAverageShsOut": 405500000, "weightedAverageShsOutDil": 412200000, "link": "https://www.sec.gov/Archives/edgar/data/794367/000079436713000092/0000794367-13-000092-index.htm", "finalLink": "https://www.sec.gov/Archives/edgar/data/794367/000079436713000092/m-02022013x10k.htm", "calculatedOtherExpenses": 5000000, "calculatedOperatingExpenses": 8487000000, "calculatedNetInterest": -400000000, "calculatedOtherIncome": -159000000, "calculatedIncomeNonControlling": 0, "calculatedEbitda": 3710000000}, {"date": "2012-01-28", "symbol": "M", "reportedCurrency": "USD", "cik": "0000794367", "fillingDate": "2012-03-28", "acceptedDate": "2012-03-28 11:37:07", "calendarYear": "2011", "period": "FY", "revenue": 26405000000, "costOfRevenue": 15738000000, "grossProfit": 10667000000, "grossProfitRatio": 0.4039765196, "researchAndDevelopmentExpenses": 0, "generalAndAdministrativeExpenses": 8281000000, "sellingAndMarketingExpenses": 0, "sellingGeneralAndAdministrativeExpenses": 8281000000, "otherExpenses": 0, "operatingExpenses": 8281000000, "costAndExpenses": 24019000000, "interestIncome": 27000000, "interestExpense": 443000000, "depreciationAndAmortization": 1085000000, "ebitda": 3471000000, "ebitdaratio": 0.1314523764, "operatingIncome": 2411000000, "operatingIncomeRatio": 0.0913084643, "totalOtherIncomeExpensesNet": 25000000, "incomeBeforeTax": 1968000000, "incomeBeforeTaxRatio": 0.0745313388, "incomeTaxExpense": 712000000, "netIncome": 1256000000, "netIncomeRatio": 0.0475667487, "eps": 2.96, "epsdiluted": 2.92, "weightedAverageShsOut": 424500000, "weightedAverageShsOutDil": 430400000, "link": "https://www.sec.gov/Archives/edgar/data/794367/000079436712000096/0000794367-12-000096-index.htm", "finalLink": "https://www.sec.gov/Archives/edgar/data/794367/000079436712000096/m-01282012x10k.htm", "calculatedOtherExpenses": -25000000, "calculatedOperatingExpenses": 8256000000, "calculatedNetInterest": -416000000, "calculatedOtherIncome": -27000000, "calculatedIncomeNonControlling": 0, "calculatedEbitda": 3496000000}, {"date": "2011-01-29", "symbol": "M", "reportedCurrency": "USD", "cik": "0000794367", "fillingDate": "2011-03-30", "acceptedDate": "2011-03-30 15:30:26", "calendarYear": "2010", "period": "FY", "revenue": 25003000000, "costOfRevenue": 14824000000, "grossProfit": 10179000000, "grossProfitRatio": 0.4071111467, "researchAndDevelopmentExpenses": 0, "generalAndAdministrativeExpenses": 0, "sellingAndMarketingExpenses": 0, "sellingGeneralAndAdministrativeExpenses": 8260000000, "otherExpenses": 25000000, "operatingExpenses": 8260000000, "costAndExpenses": 23084000000, "interestIncome": 5000000, "interestExpense": 579000000, "depreciationAndAmortization": 1150000000, "ebitda": 3094000000, "ebitdaratio": 0.1237451506, "operatingIncome": 1894000000, "operatingIncomeRatio": 0.0757509099, "totalOtherIncomeExpensesNet": -25000000, "incomeBeforeTax": 1320000000, "incomeBeforeTaxRatio": 0.0527936648, "incomeTaxExpense": 473000000, "netIncome": 847000000, "netIncomeRatio": 0.0338759349, "eps": 2, "epsdiluted": 1.98, "weightedAverageShsOut": 423300000, "weightedAverageShsOutDil": 427300000, "link": "https://www.sec.gov/Archives/edgar/data/794367/000119312511082813/0001193125-11-082813-index.htm", "finalLink": "https://www.sec.gov/Archives/edgar/data/794367/000119312511082813/d10k.htm", "calculatedOtherExpenses": 25000000, "calculatedOperatingExpenses": 8285000000, "calculatedNetInterest": -574000000, "calculatedOtherIncome": 0, "calculatedIncomeNonControlling": 0, "calculatedEbitda": 3044000000}, {"date": "2010-01-30", "symbol": "M", "reportedCurrency": "USD", "cik": "0000794367", "fillingDate": "2010-03-31", "acceptedDate": "2010-03-31 12:06:20", "calendarYear": "2009", "period": "FY", "revenue": 23489000000, "costOfRevenue": 13973000000, "grossProfit": 9516000000, "grossProfitRatio": 0.4051258036, "researchAndDevelopmentExpenses": 0, "generalAndAdministrativeExpenses": 0, "sellingAndMarketingExpenses": 0, "sellingGeneralAndAdministrativeExpenses": 8062000000, "otherExpenses": 0, "operatingExpenses": 8062000000, "costAndExpenses": 22035000000, "interestIncome": 6000000, "interestExpense": 556000000, "depreciationAndAmortization": 1210000000, "ebitda": 2664000000, "ebitdaratio": 0.1134147899, "operatingIncome": 1063000000, "operatingIncomeRatio": 0.0452552259, "totalOtherIncomeExpensesNet": -391000000, "incomeBeforeTax": 507000000, "incomeBeforeTaxRatio": 0.0215845715, "incomeTaxExpense": 157000000, "netIncome": 350000000, "netIncomeRatio": 0.0149005918, "eps": 0.78, "epsdiluted": 0.78, "weightedAverageShsOut": 421700000, "weightedAverageShsOutDil": 423200000, "link": "https://www.sec.gov/Archives/edgar/data/794367/000119312510072854/0001193125-10-072854-index.htm", "finalLink": "https://www.sec.gov/Archives/edgar/data/794367/000119312510072854/d10k.htm", "calculatedOtherExpenses": 391000000, "calculatedOperatingExpenses": 8453000000, "calculatedNetInterest": -550000000, "calculatedOtherIncome": -6000000, "calculatedIncomeNonControlling": 0, "calculatedEbitda": 2273000000}, {"date": "2009-01-31", "symbol": "M", "reportedCurrency": "USD", "cik": "0000794367", "fillingDate": "2009-04-01", "acceptedDate": "2009-04-01 12:17:57", "calendarYear": "2008", "period": "FY", "revenue": 24892000000, "costOfRevenue": 15009000000, "grossProfit": 9883000000, "grossProfitRatio": 0.397035192, "researchAndDevelopmentExpenses": 0, "generalAndAdministrativeExpenses": 0, "sellingAndMarketingExpenses": 0, "sellingGeneralAndAdministrativeExpenses": 8481000000, "otherExpenses": 5780000000, "operatingExpenses": 14261000000, "costAndExpenses": 29270000000, "interestIncome": 0, "interestExpense": 0, "depreciationAndAmortization": 1251000000, "ebitda": 2653000000, "ebitdaratio": 0.1065804274, "operatingIncome": -4378000000, "operatingIncomeRatio": -0.1758798007, "totalOtherIncomeExpensesNet": -5780000000, "incomeBeforeTax": -4938000000, "incomeBeforeTaxRatio": -0.1983769886, "incomeTaxExpense": -135000000, "netIncome": -4803000000, "netIncomeRatio": -0.1929535594, "eps": -11.4, "epsdiluted": -11.4, "weightedAverageShsOut": 421200000, "weightedAverageShsOutDil": 421200000, "link": "https://www.sec.gov/Archives/edgar/data/794367/000119312509070344/0001193125-09-070344-index.htm", "finalLink": "https://www.sec.gov/Archives/edgar/data/794367/000119312509070344/d10k.htm", "calculatedOtherExpenses": 5780000000, "calculatedOperatingExpenses": 14261000000, "calculatedNetInterest": 0, "calculatedOtherIncome": -560000000, "calculatedIncomeNonControlling": 0, "calculatedEbitda": -3127000000}, {"date": "2008-02-02", "symbol": "M", "reportedCurrency": "USD", "cik": "0000794367", "fillingDate": "2008-04-01", "acceptedDate": "2008-04-01 12:18:34", "calendarYear": "2007", "period": "FY", "revenue": 26313000000, "costOfRevenue": 15677000000, "grossProfit": 10636000000, "grossProfitRatio": 0.4042108463, "researchAndDevelopmentExpenses": 0, "generalAndAdministrativeExpenses": 0, "sellingAndMarketingExpenses": 0, "sellingGeneralAndAdministrativeExpenses": 8554000000, "otherExpenses": 0, "operatingExpenses": 8554000000, "costAndExpenses": 24231000000, "interestIncome": 0, "interestExpense": 0, "depreciationAndAmortization": 1273000000, "ebitda": 3574000000, "ebitdaratio": 0.1358263976, "operatingIncome": 1863000000, "operatingIncomeRatio": 0.070801505, "totalOtherIncomeExpensesNet": -219000000, "incomeBeforeTax": 1320000000, "incomeBeforeTaxRatio": 0.0501653175, "incomeTaxExpense": 411000000, "netIncome": 893000000, "netIncomeRatio": 0.0339375974, "eps": 2, "epsdiluted": 1.97, "weightedAverageShsOut": 446600000, "weightedAverageShsOutDil": 451800000, "link": "https://www.sec.gov/Archives/edgar/data/794367/000095015208002496/0000950152-08-002496-index.htm", "finalLink": "https://www.sec.gov/Archives/edgar/data/794367/000095015208002496/l30670ae10vk.htm", "calculatedOtherExpenses": 219000000, "calculatedOperatingExpenses": 8773000000, "calculatedNetInterest": 0, "calculatedOtherIncome": -543000000, "calculatedIncomeNonControlling": 16000000, "calculatedEbitda": 3136000000}, {"date": "2007-02-03", "symbol": "M", "reportedCurrency": "USD", "cik": "0000794367", "fillingDate": "2007-04-04", "acceptedDate": "2007-04-04 13:40:50", "calendarYear": "2006", "period": "FY", "revenue": 26970000000, "costOfRevenue": 16197000000, "grossProfit": 10773000000, "grossProfitRatio": 0.3994438265, "researchAndDevelopmentExpenses": 0, "generalAndAdministrativeExpenses": 0, "sellingAndMarketingExpenses": 0, "sellingGeneralAndAdministrativeExpenses": 8678000000, "otherExpenses": -191000000, "operatingExpenses": 8487000000, "costAndExpenses": 24684000000, "interestIncome": 0, "interestExpense": 0, "depreciationAndAmortization": 1216000000, "ebitda": 3761000000, "ebitdaratio": 0.1394512421, "operatingIncome": 1836000000, "operatingIncomeRatio": 0.0680756396, "totalOtherIncomeExpensesNet": -259000000, "incomeBeforeTax": 1446000000, "incomeBeforeTaxRatio": 0.0536151279, "incomeTaxExpense": 458000000, "netIncome": 995000000, "netIncomeRatio": 0.0368928439, "eps": 1.84, "epsdiluted": 1.81, "weightedAverageShsOut": 540000000, "weightedAverageShsOutDil": 547700000, "link": "https://www.sec.gov/Archives/edgar/data/794367/000095015207003009/0000950152-07-003009-index.htm", "finalLink": "https://www.sec.gov/Archives/edgar/data/794367/000095015207003009/l25203ae10vk.htm", "calculatedOtherExpenses": 259000000, "calculatedOperatingExpenses": 8937000000, "calculatedNetInterest": 0, "calculatedOtherIncome": -390000000, "calculatedIncomeNonControlling": -7000000, "calculatedEbitda": 3052000000}, {"date": "2006-01-28", "symbol": "M", "reportedCurrency": "USD", "cik": "0000794367", "fillingDate": "2006-04-13", "acceptedDate": "2006-04-13 14:32:33", "calendarYear": "2005", "period": "FY", "revenue": 22390000000, "costOfRevenue": 13297000000, "grossProfit": 9093000000, "grossProfitRatio": 0.406118803, "researchAndDevelopmentExpenses": 0, "generalAndAdministrativeExpenses": 0, "sellingAndMarketingExpenses": 0, "sellingGeneralAndAdministrativeExpenses": 7149000000, "otherExpenses": -480000000, "operatingExpenses": 6669000000, "costAndExpenses": 19966000000, "interestIncome": 0, "interestExpense": 0, "depreciationAndAmortization": 958000000, "ebitda": 2902000000, "ebitdaratio": 0.1296114337, "operatingIncome": 2424000000, "operatingIncomeRatio": 0.1082626172, "totalOtherIncomeExpensesNet": 480000000, "incomeBeforeTax": 2044000000, "incomeBeforeTaxRatio": 0.0912907548, "incomeTaxExpense": 671000000, "netIncome": 1406000000, "netIncomeRatio": 0.062795891, "eps": 3.3, "epsdiluted": 3.24, "weightedAverageShsOut": 426000000, "weightedAverageShsOutDil": 434600000, "link": "https://www.sec.gov/Archives/edgar/data/794367/000095015206003165/0000950152-06-003165-index.htm", "finalLink": "https://www.sec.gov/Archives/edgar/data/794367/000095015206003165/l19117ae10vk.htm", "calculatedOtherExpenses": -480000000, "calculatedOperatingExpenses": 6669000000, "calculatedNetInterest": 0, "calculatedOtherIncome": -380000000, "calculatedIncomeNonControlling": -33000000, "calculatedEbitda": 3382000000}, {"date": "2005-01-29", "symbol": "M", "reportedCurrency": "USD", "cik": "0000794367", "fillingDate": "2005-03-28", "acceptedDate": "2005-03-28 15:26:24", "calendarYear": "2004", "period": "FY", "revenue": 15630000000, "costOfRevenue": 9297000000, "grossProfit": 6333000000, "grossProfitRatio": 0.4051823417, "researchAndDevelopmentExpenses": 0, "generalAndAdministrativeExpenses": 0, "sellingAndMarketingExpenses": 0, "sellingGeneralAndAdministrativeExpenses": 4933000000, "otherExpenses": 0, "operatingExpenses": 4933000000, "costAndExpenses": 14230000000, "interestIncome": 0, "interestExpense": 0, "depreciationAndAmortization": 743000000, "ebitda": 2143000000, "ebitdaratio": 0.1371081254, "operatingIncome": 1400000000, "operatingIncomeRatio": 0.0895713372, "totalOtherIncomeExpensesNet": -284000000, "incomeBeforeTax": 1116000000, "incomeBeforeTaxRatio": 0.0714011516, "incomeTaxExpense": 427000000, "netIncome": 689000000, "netIncomeRatio": 0.0440818938, "eps": 1.97, "epsdiluted": 1.93, "weightedAverageShsOut": 349746193, "weightedAverageShsOutDil": 356994819, "link": "https://www.sec.gov/Archives/edgar/data/794367/000095015205002623/0000950152-05-002623-index.htm", "finalLink": "https://www.sec.gov/Archives/edgar/data/794367/000095015205002623/l12973ae10vk.htm", "calculatedOtherExpenses": 0, "calculatedOperatingExpenses": 4933000000, "calculatedNetInterest": 0, "calculatedOtherIncome": -284000000, "calculatedIncomeNonControlling": 0, "calculatedEbitda": 2143000000}, {"date": "2004-01-31", "symbol": "M", "reportedCurrency": "USD", "cik": "0000794367", "fillingDate": "2004-04-15", "acceptedDate": "2004-04-15 10:50:29", "calendarYear": "2003", "period": "FY", "revenue": 15264000000, "costOfRevenue": 9099000000, "grossProfit": 6165000000, "grossProfitRatio": 0.4038915094, "researchAndDevelopmentExpenses": 0, "generalAndAdministrativeExpenses": 0, "sellingAndMarketingExpenses": 0, "sellingGeneralAndAdministrativeExpenses": 4824000000, "otherExpenses": 0, "operatingExpenses": 4824000000, "costAndExpenses": 13923000000, "interestIncome": 0, "interestExpense": 0, "depreciationAndAmortization": 713000000, "ebitda": 2054000000, "ebitdaratio": 0.1345649895, "operatingIncome": 1341000000, "operatingIncomeRatio": 0.0878537736, "totalOtherIncomeExpensesNet": -257000000, "incomeBeforeTax": 1084000000, "incomeBeforeTaxRatio": 0.0710167715, "incomeTaxExpense": 391000000, "netIncome": 693000000, "netIncomeRatio": 0.0454009434, "eps": 1.88, "epsdiluted": 1.86, "weightedAverageShsOut": 368617021, "weightedAverageShsOutDil": 373584906, "link": "https://www.sec.gov/Archives/edgar/data/794367/000095015204002901/0000950152-04-002901-index.htm", "finalLink": "https://www.sec.gov/Archives/edgar/data/794367/000095015204002901/l06445ae10vk.htm", "calculatedOtherExpenses": 0, "calculatedOperatingExpenses": 4824000000, "calculatedNetInterest": 0, "calculatedOtherIncome": -257000000, "calculatedIncomeNonControlling": 0, "calculatedEbitda": 2054000000}, {"date": "2003-02-01", "symbol": "M", "reportedCurrency": "USD", "cik": "0000794367", "fillingDate": "2003-04-16", "acceptedDate": "2003-04-15 18:04:30", "calendarYear": "2002", "period": "FY", "revenue": 15435000000, "costOfRevenue": 9255000000, "grossProfit": 6180000000, "grossProfitRatio": 0.4003887269, "researchAndDevelopmentExpenses": 0, "generalAndAdministrativeExpenses": 0, "sellingAndMarketingExpenses": 0, "sellingGeneralAndAdministrativeExpenses": 4837000000, "otherExpenses": 0, "operatingExpenses": 4837000000, "costAndExpenses": 14092000000, "interestIncome": 0, "interestExpense": 0, "depreciationAndAmortization": 685000000, "ebitda": 2028000000, "ebitdaratio": 0.1313896987, "operatingIncome": 1343000000, "operatingIncomeRatio": 0.0870100421, "totalOtherIncomeExpensesNet": -295000000, "incomeBeforeTax": 1048000000, "incomeBeforeTaxRatio": 0.0678976352, "incomeTaxExpense": 410000000, "netIncome": 818000000, "netIncomeRatio": 0.0529964367, "eps": 2.08, "epsdiluted": 2.06, "weightedAverageShsOut": 394600000, "weightedAverageShsOutDil": 397400000, "link": "https://www.sec.gov/Archives/edgar/data/794367/000095015203004243/0000950152-03-004243-index.htm", "finalLink": "https://www.sec.gov/Archives/edgar/data/794367/000095015203004243/l98218ae10vk.htm", "calculatedOtherExpenses": 0, "calculatedOperatingExpenses": 4837000000, "calculatedNetInterest": 0, "calculatedOtherIncome": -295000000, "calculatedIncomeNonControlling": -180000000, "calculatedEbitda": 2028000000}, {"date": "2002-02-02", "symbol": "M", "reportedCurrency": "USD", "cik": "0000794367", "fillingDate": "2002-04-17", "acceptedDate": "2002-04-17 00:00:00", "calendarYear": "2001", "period": "FY", "revenue": 15651000000, "costOfRevenue": 9531000000, "grossProfit": 6120000000, "grossProfitRatio": 0.3910293272, "researchAndDevelopmentExpenses": 0, "generalAndAdministrativeExpenses": 0, "sellingAndMarketingExpenses": 0, "sellingGeneralAndAdministrativeExpenses": 4801000000, "otherExpenses": 53000000, "operatingExpenses": 4854000000, "costAndExpenses": 14385000000, "interestIncome": 0, "interestExpense": 0, "depreciationAndAmortization": 696000000, "ebitda": 2177000000, "ebitdaratio": 0.1390965434, "operatingIncome": 1104000000, "operatingIncomeRatio": 0.0705386237, "totalOtherIncomeExpensesNet": -215000000, "incomeBeforeTax": 780000000, "incomeBeforeTaxRatio": 0.0498370711, "incomeTaxExpense": 262000000, "netIncome": -276000000, "netIncomeRatio": -0.0176346559, "eps": -0.71, "epsdiluted": -0.69, "weightedAverageShsOut": 391400000, "weightedAverageShsOutDil": 399200000, "link": "https://www.sec.gov/Archives/edgar/data/794367/000095015202003073/0000950152-02-003073-index.htm", "finalLink": "https://www.sec.gov/Archives/edgar/data/794367/000095015202003073/l93551ae10-k.htm", "calculatedOtherExpenses": 215000000, "calculatedOperatingExpenses": 5016000000, "calculatedNetInterest": 0, "calculatedOtherIncome": -324000000, "calculatedIncomeNonControlling": 794000000, "calculatedEbitda": 1800000000}, {"date": "2001-02-03", "symbol": "M", "reportedCurrency": "USD", "cik": "0000794367", "fillingDate": "2001-04-18", "acceptedDate": "2001-04-18 00:00:00", "calendarYear": "2000", "period": "FY", "revenue": 18407000000, "costOfRevenue": 10254000000, "grossProfit": 8153000000, "grossProfitRatio": 0.4429293204, "researchAndDevelopmentExpenses": 0, "generalAndAdministrativeExpenses": 0, "sellingAndMarketingExpenses": 0, "sellingGeneralAndAdministrativeExpenses": 6023000000, "otherExpenses": 653000000, "operatingExpenses": 6676000000, "costAndExpenses": 16930000000, "interestIncome": 0, "interestExpense": 0, "depreciationAndAmortization": 740000000, "ebitda": 3144000000, "ebitdaratio": 0.1708045852, "operatingIncome": 550000000, "operatingIncomeRatio": 0.029879937, "totalOtherIncomeExpensesNet": -927000000, "incomeBeforeTax": 113000000, "incomeBeforeTaxRatio": 0.0061389689, "incomeTaxExpense": 297000000, "netIncome": -184000000, "netIncomeRatio": -0.0099961971, "eps": -0.45, "epsdiluted": -0.45, "weightedAverageShsOut": 408888889, "weightedAverageShsOutDil": 413483146, "link": "https://www.sec.gov/Archives/edgar/data/794367/000095015201500890/0000950152-01-500890-index.htm", "finalLink": "https://www.sec.gov/Archives/edgar/data/794367/000095015201500890/l86996ae10-k.htm", "calculatedOtherExpenses": 1580000000, "calculatedOperatingExpenses": 7603000000, "calculatedNetInterest": 0, "calculatedOtherIncome": -437000000, "calculatedIncomeNonControlling": 0, "calculatedEbitda": 1290000000}, {"date": "2000-01-29", "symbol": "M", "reportedCurrency": "USD", "cik": "0000794367", "fillingDate": "2000-04-19", "acceptedDate": "2000-04-19 00:00:00", "calendarYear": "1999", "period": "FY", "revenue": 17716000000, "costOfRevenue": 9698000000, "grossProfit": 8018000000, "grossProfitRatio": 0.4525852337, "researchAndDevelopmentExpenses": 0, "generalAndAdministrativeExpenses": 0, "sellingAndMarketingExpenses": 0, "sellingGeneralAndAdministrativeExpenses": 5572000000, "otherExpenses": 745000000, "operatingExpenses": 6317000000, "costAndExpenses": 16015000000, "interestIncome": 0, "interestExpense": 0, "depreciationAndAmortization": 745000000, "ebitda": 2446000000, "ebitdaratio": 0.1380672838, "operatingIncome": 1701000000, "operatingIncomeRatio": 0.0960149018, "totalOtherIncomeExpensesNet": -355000000, "incomeBeforeTax": 1346000000, "incomeBeforeTaxRatio": 0.0759765184, "incomeTaxExpense": 551000000, "netIncome": 795000000, "netIncomeRatio": 0.0448746895, "eps": 1.89, "epsdiluted": 1.81, "weightedAverageShsOut": 420000000, "weightedAverageShsOutDil": 439200000, "link": "https://www.sec.gov/Archives/edgar/data/794367/000095015200002963/0000950152-00-002963-index.html", "finalLink": "https://www.sec.gov/Archives/edgar/data/794367/000095015200002963/0000950152-00-002963-d1.html", "calculatedOtherExpenses": 745000000, "calculatedOperatingExpenses": 6317000000, "calculatedNetInterest": 0, "calculatedOtherIncome": -355000000, "calculatedIncomeNonControlling": 0, "calculatedEbitda": 2446000000}, {"date": "1999-01-30", "symbol": "M", "reportedCurrency": "USD", "cik": "0000794367", "fillingDate": "1999-04-21", "acceptedDate": "1999-04-21 00:00:00", "calendarYear": "1998", "period": "FY", "revenue": 15833000000, "costOfRevenue": 8985000000, "grossProfit": 6848000000, "grossProfitRatio": 0.4325143687, "researchAndDevelopmentExpenses": 0, "generalAndAdministrativeExpenses": 0, "sellingAndMarketingExpenses": 0, "sellingGeneralAndAdministrativeExpenses": 4762000000, "otherExpenses": 631000000, "operatingExpenses": 5393000000, "costAndExpenses": 14378000000, "interestIncome": 0, "interestExpense": 0, "depreciationAndAmortization": 631000000, "ebitda": 2074000000, "ebitdaratio": 0.1309922314, "operatingIncome": 1455000000, "operatingIncomeRatio": 0.0918966715, "totalOtherIncomeExpensesNet": 12000000, "incomeBeforeTax": 1163000000, "incomeBeforeTaxRatio": 0.073454178, "incomeTaxExpense": 478000000, "netIncome": 662000000, "netIncomeRatio": 0.0418114066, "eps": 1.58, "epsdiluted": 1.48, "weightedAverageShsOut": 418987342, "weightedAverageShsOutDil": 447297297, "link": "https://www.sec.gov/Archives/edgar/data/794367/000095015299003389/0000950152-99-003389-index.html", "finalLink": "https://www.sec.gov/Archives/edgar/data/794367/", "calculatedOtherExpenses": 631000000, "calculatedOperatingExpenses": 5393000000, "calculatedNetInterest": 0, "calculatedOtherIncome": -292000000, "calculatedIncomeNonControlling": 23000000, "calculatedEbitda": 2086000000}, {"date": "1998-01-31", "symbol": "M", "reportedCurrency": "USD", "cik": "0000794367", "fillingDate": "1998-04-16", "acceptedDate": "1998-04-16 00:00:00", "calendarYear": "1997", "period": "FY", "revenue": 15668000000, "costOfRevenue": 8971000000, "grossProfit": 6697000000, "grossProfitRatio": 0.4274317079, "researchAndDevelopmentExpenses": 0, "generalAndAdministrativeExpenses": 0, "sellingAndMarketingExpenses": 0, "sellingGeneralAndAdministrativeExpenses": 4746000000, "otherExpenses": 610000000, "operatingExpenses": 5356000000, "costAndExpenses": 14327000000, "interestIncome": 0, "interestExpense": 0, "depreciationAndAmortization": 610000000, "ebitda": 1916000000, "ebitdaratio": 0.1222874649, "operatingIncome": 1341000000, "operatingIncomeRatio": 0.0855884606, "totalOtherIncomeExpensesNet": 35000000, "incomeBeforeTax": 958000000, "incomeBeforeTaxRatio": 0.0611437324, "incomeTaxExpense": 383000000, "netIncome": 536000000, "netIncomeRatio": 0.0342098545, "eps": 1.28, "epsdiluted": 1.21, "weightedAverageShsOut": 418750000, "weightedAverageShsOutDil": 444813278, "link": "https://www.sec.gov/Archives/edgar/data/794367/000095015298003305/0000950152-98-003305-index.html", "finalLink": "https://www.sec.gov/Archives/edgar/data/794367/", "calculatedOtherExpenses": 610000000, "calculatedOperatingExpenses": 5356000000, "calculatedNetInterest": 0, "calculatedOtherIncome": -383000000, "calculatedIncomeNonControlling": 39000000, "calculatedEbitda": 1951000000}, {"date": "1997-02-01", "symbol": "M", "reportedCurrency": "USD", "cik": "0000794367", "fillingDate": "1997-04-17", "acceptedDate": "1997-04-17 00:00:00", "calendarYear": "1996", "period": "FY", "revenue": 15229000000, "costOfRevenue": 8728100000, "grossProfit": 6500900000, "grossProfitRatio": 0.4268763543, "researchAndDevelopmentExpenses": 0, "generalAndAdministrativeExpenses": 0, "sellingAndMarketingExpenses": 0, "sellingGeneralAndAdministrativeExpenses": 4738500000, "otherExpenses": 560600000, "operatingExpenses": 5299100000, "costAndExpenses": 14027200000, "interestIncome": 0, "interestExpense": 0, "depreciationAndAmortization": 560600000, "ebitda": 2024100000, "ebitdaratio": 0.1329108937, "operatingIncome": 1201800000, "operatingIncomeRatio": 0.0789152275, "totalOtherIncomeExpensesNet": -261700000, "incomeBeforeTax": 441500000, "incomeBeforeTaxRatio": 0.0289907413, "incomeTaxExpense": 175600000, "netIncome": 265900000, "netIncomeRatio": 0.017460109, "eps": 0.64, "epsdiluted": 0.62, "weightedAverageShsOut": 415625000, "weightedAverageShsOutDil": 429032258, "link": "https://www.sec.gov/Archives/edgar/data/794367/000095015297002943/0000950152-97-002943-index.html", "finalLink": "https://www.sec.gov/Archives/edgar/data/794367/", "calculatedOtherExpenses": 560600000, "calculatedOperatingExpenses": 5299100000, "calculatedNetInterest": 0, "calculatedOtherIncome": -760300000, "calculatedIncomeNonControlling": 0, "calculatedEbitda": 1762400000}, {"date": "1996-02-03", "symbol": "M", "reportedCurrency": "USD", "cik": "0000794367", "fillingDate": "1996-04-17", "acceptedDate": "1996-04-17 00:00:00", "calendarYear": "1995", "period": "FY", "revenue": 15048500000, "costOfRevenue": 8798000000, "grossProfit": 6250500000, "grossProfitRatio": 0.4153570123, "researchAndDevelopmentExpenses": 0, "generalAndAdministrativeExpenses": 0, "sellingAndMarketingExpenses": 0, "sellingGeneralAndAdministrativeExpenses": 4748300000, "otherExpenses": 519800000, "operatingExpenses": 5268100000, "costAndExpenses": 14066100000, "interestIncome": 0, "interestExpense": 0, "depreciationAndAmortization": 519800000, "ebitda": 1774600000, "ebitdaratio": 0.1179253746, "operatingIncome": 982400000, "operatingIncomeRatio": 0.065282254, "totalOtherIncomeExpensesNet": -272400000, "incomeBeforeTax": 201900000, "incomeBeforeTaxRatio": 0.0134166196, "incomeTaxExpense": 127300000, "netIncome": 74600000, "netIncomeRatio": 0.0049573047, "eps": 0.2, "epsdiluted": 0.2, "weightedAverageShsOut": 382564103, "weightedAverageShsOutDil": 382564103, "link": "https://www.sec.gov/Archives/edgar/data/794367/000095015296001528/0000950152-96-001528-index.html", "finalLink": "https://www.sec.gov/Archives/edgar/data/794367/", "calculatedOtherExpenses": 519800000, "calculatedOperatingExpenses": 5268100000, "calculatedNetInterest": 0, "calculatedOtherIncome": -780500000, "calculatedIncomeNonControlling": 0, "calculatedEbitda": 1502200000}, {"date": "1995-01-28", "symbol": "M", "reportedCurrency": "USD", "cik": "0000794367", "fillingDate": "1995-04-20", "acceptedDate": "1995-04-20 00:00:00", "calendarYear": "1994", "period": "FY", "revenue": 8315900000, "costOfRevenue": 4804600000, "grossProfit": 3511300000, "grossProfitRatio": 0.4222393247, "researchAndDevelopmentExpenses": 0, "generalAndAdministrativeExpenses": 0, "sellingAndMarketingExpenses": 0, "sellingGeneralAndAdministrativeExpenses": 2549100000, "otherExpenses": 326800000, "operatingExpenses": 2875900000, "costAndExpenses": 7680500000, "interestIncome": 0, "interestExpense": 0, "depreciationAndAmortization": 326800000, "ebitda": 1004200000, "ebitdaratio": 0.1207566229, "operatingIncome": 635400000, "operatingIncomeRatio": 0.0764078452, "totalOtherIncomeExpensesNet": -42000000, "incomeBeforeTax": 331300000, "incomeBeforeTaxRatio": 0.0398393439, "incomeTaxExpense": 143700000, "netIncome": 187600000, "netIncomeRatio": 0.0225591938, "eps": 0.71, "epsdiluted": 0.7, "weightedAverageShsOut": 266099291, "weightedAverageShsOutDil": 268000000, "link": "https://www.sec.gov/Archives/edgar/data/794367/000095015295000681/0000950152-95-000681-index.html", "finalLink": "https://www.sec.gov/Archives/edgar/data/794367/", "calculatedOtherExpenses": 326800000, "calculatedOperatingExpenses": 2875900000, "calculatedNetInterest": 0, "calculatedOtherIncome": -304100000, "calculatedIncomeNonControlling": 0, "calculatedEbitda": 962200000}, {"date": "1994-01-31", "symbol": "M", "reportedCurrency": "USD", "cik": "0000794367", "fillingDate": "1994-01-31", "acceptedDate": "1994-01-30 19:00:00", "calendarYear": "1993", "period": "FY", "revenue": 7229400000, "costOfRevenue": 4117100000, "grossProfit": 3112300000, "grossProfitRatio": 0.4305059894, "researchAndDevelopmentExpenses": 0, "generalAndAdministrativeExpenses": 0, "sellingAndMarketingExpenses": 0, "sellingGeneralAndAdministrativeExpenses": 2323500000, "otherExpenses": 256800000, "operatingExpenses": 2580300000, "costAndExpenses": 6697400000, "interestIncome": 0, "interestExpense": 0, "depreciationAndAmortization": 256800000, "ebitda": 739400000, "ebitdaratio": 0.1022768141, "operatingIncome": 532000000, "operatingIncomeRatio": 0.0735884029, "totalOtherIncomeExpensesNet": 49400000, "incomeBeforeTax": 367800000, "incomeBeforeTaxRatio": 0.0508755913, "incomeTaxExpense": 171000000, "netIncome": 193300000, "netIncomeRatio": 0.0267380419, "eps": 0.77, "epsdiluted": 0.75, "weightedAverageShsOut": 252679739, "weightedAverageShsOutDil": 257733333, "link": "", "finalLink": "", "calculatedOtherExpenses": 256800000, "calculatedOperatingExpenses": 2580300000, "calculatedNetInterest": 0, "calculatedOtherIncome": -164200000, "calculatedIncomeNonControlling": 3500000, "calculatedEbitda": 788800000}, {"date": "1993-01-31", "symbol": "M", "reportedCurrency": "USD", "cik": "0000794367", "fillingDate": "1993-01-31", "acceptedDate": "1993-01-30 19:00:00", "calendarYear": "1992", "period": "FY", "revenue": 7079900000, "costOfRevenue": 3962700000, "grossProfit": 3117200000, "grossProfitRatio": 0.4402887046, "researchAndDevelopmentExpenses": 0, "generalAndAdministrativeExpenses": 0, "sellingAndMarketingExpenses": 0, "sellingGeneralAndAdministrativeExpenses": 2420700000, "otherExpenses": 266700000, "operatingExpenses": 2687400000, "costAndExpenses": 6650100000, "interestIncome": 0, "interestExpense": 0, "depreciationAndAmortization": 266700000, "ebitda": 636100000, "ebitdaratio": 0.0898459018, "operatingIncome": 429800000, "operatingIncomeRatio": 0.0607070721, "totalOtherIncomeExpensesNet": 60400000, "incomeBeforeTax": 232000000, "incomeBeforeTaxRatio": 0.0327688244, "incomeTaxExpense": 99300000, "netIncome": 113000000, "netIncomeRatio": 0.0159606774, "eps": 0.51, "epsdiluted": 0.51, "weightedAverageShsOut": 223762376, "weightedAverageShsOutDil": 223762376, "link": "", "finalLink": "", "calculatedOtherExpenses": 266700000, "calculatedOperatingExpenses": 2687400000, "calculatedNetInterest": 0, "calculatedOtherIncome": -197800000, "calculatedIncomeNonControlling": 19700000, "calculatedEbitda": 696500000}]}