{"originalCurrency": "USD", "convertedCurrency": "USD", "report": [{"date": "2023-12-31", "symbol": "MAA", "reportedCurrency": "USD", "cik": "0000912595", "fillingDate": "2024-02-09", "acceptedDate": "2024-02-09 16:16:29", "calendarYear": "2023", "period": "FY", "revenue": 2148468000, "costOfRevenue": 1333204000, "grossProfit": 815264000, "grossProfitRatio": 0.3794629476, "researchAndDevelopmentExpenses": 0, "generalAndAdministrativeExpenses": 126362000, "sellingAndMarketingExpenses": 0, "sellingGeneralAndAdministrativeExpenses": 126362000, "otherExpenses": 31185000, "operatingExpenses": 126362000, "costAndExpenses": 1459566000, "interestIncome": 0, "interestExpense": 149234000, "depreciationAndAmortization": 565857000, "ebitda": 1285944000, "ebitdaratio": 0.5985399829, "operatingIncome": 1686928000, "operatingIncomeRatio": 0.7851771588, "totalOtherIncomeExpensesNet": 31177000, "incomeBeforeTax": 570845000, "incomeBeforeTaxRatio": 0.265698628, "incomeTaxExpense": 4744000, "netIncome": 552806000, "netIncomeRatio": 0.2573024127, "eps": 4.71, "epsdiluted": 4.71, "weightedAverageShsOut": 116521000, "weightedAverageShsOutDil": 116645000, "link": "https://www.sec.gov/Archives/edgar/data/912595/000095017024013275/0000950170-24-013275-index.htm", "finalLink": "https://www.sec.gov/Archives/edgar/data/912595/000095017024013275/maa-20231231.htm", "calculatedOtherExpenses": -998026000, "calculatedOperatingExpenses": -871664000, "calculatedNetInterest": -149234000, "calculatedOtherIncome": -966849000, "calculatedIncomeNonControlling": 13295000, "calculatedEbitda": 2252785000}, {"date": "2022-12-31", "symbol": "MAA", "reportedCurrency": "USD", "cik": "0000912595", "fillingDate": "2023-02-14", "acceptedDate": "2023-02-14 16:07:25", "calendarYear": "2022", "period": "FY", "revenue": 2019866000, "costOfRevenue": 1266692000, "grossProfit": 753174000, "grossProfitRatio": 0.3728831517, "researchAndDevelopmentExpenses": 0, "generalAndAdministrativeExpenses": 124296000, "sellingAndMarketingExpenses": 0, "sellingGeneralAndAdministrativeExpenses": 124296000, "otherExpenses": -42713000, "operatingExpenses": 124296000, "costAndExpenses": 1390988000, "interestIncome": 154747000, "interestExpense": 154747000, "depreciationAndAmortization": 544004000, "ebitda": 586165000, "ebitdaratio": 0.290199944, "operatingIncome": 42161000, "operatingIncomeRatio": 0.0208731668, "totalOtherIncomeExpensesNet": 604828000, "incomeBeforeTax": 646989000, "incomeBeforeTaxRatio": 0.3203128326, "incomeTaxExpense": -6208000, "netIncome": 637436000, "netIncomeRatio": 0.315583311, "eps": 5.49, "epsdiluted": 5.48, "weightedAverageShsOut": 115344000, "weightedAverageShsOutDil": 115583000, "link": "https://www.sec.gov/Archives/edgar/data/912595/000095017023002778/0000950170-23-002778-index.htm", "finalLink": "https://www.sec.gov/Archives/edgar/data/912595/000095017023002778/maa-20221231.htm", "calculatedOtherExpenses": 586717000, "calculatedOperatingExpenses": 711013000, "calculatedNetInterest": 0, "calculatedOtherIncome": 604828000, "calculatedIncomeNonControlling": 15761000, "calculatedEbitda": 586165000}, {"date": "2021-12-31", "symbol": "MAA", "reportedCurrency": "USD", "cik": "0000912595", "fillingDate": "2022-02-17", "acceptedDate": "2022-02-17 16:11:36", "calendarYear": "2021", "period": "FY", "revenue": 1778082000, "costOfRevenue": 1204598000, "grossProfit": 573484000, "grossProfitRatio": 0.3225295571, "researchAndDevelopmentExpenses": 0, "generalAndAdministrativeExpenses": 108616000, "sellingAndMarketingExpenses": 0, "sellingGeneralAndAdministrativeExpenses": 108616000, "otherExpenses": 33902000, "operatingExpenses": 108616000, "costAndExpenses": 1313214000, "interestIncome": 156881000, "interestExpense": 156881000, "depreciationAndAmortization": 534415000, "ebitda": 498770000, "ebitdaratio": 0.2805101227, "operatingIncome": -35645000, "operatingIncomeRatio": -0.020046882, "totalOtherIncomeExpensesNet": 598773000, "incomeBeforeTax": 563128000, "incomeBeforeTaxRatio": 0.3167053038, "incomeTaxExpense": 13637000, "netIncome": 533791000, "netIncomeRatio": 0.3002060647, "eps": 4.62, "epsdiluted": 4.61, "weightedAverageShsOut": 114717000, "weightedAverageShsOutDil": 115039000, "link": "https://www.sec.gov/Archives/edgar/data/912595/000095017022001423/0000950170-22-001423-index.htm", "finalLink": "https://www.sec.gov/Archives/edgar/data/912595/000095017022001423/maa-20211231.htm", "calculatedOtherExpenses": 500513000, "calculatedOperatingExpenses": 609129000, "calculatedNetInterest": 0, "calculatedOtherIncome": 598773000, "calculatedIncomeNonControlling": 15700000, "calculatedEbitda": 498770000}, {"date": "2020-12-31", "symbol": "MAA", "reportedCurrency": "USD", "cik": "0000912595", "fillingDate": "2021-02-18", "acceptedDate": "2021-02-18 16:13:26", "calendarYear": "2020", "period": "FY", "revenue": 1677984000, "costOfRevenue": 1151313000, "grossProfit": 526671000, "grossProfitRatio": 0.3138712884, "researchAndDevelopmentExpenses": 0, "generalAndAdministrativeExpenses": 99158000, "sellingAndMarketingExpenses": 0, "sellingGeneralAndAdministrativeExpenses": 99158000, "otherExpenses": 4857000, "operatingExpenses": 99158000, "costAndExpenses": 1250471000, "interestIncome": 167562000, "interestExpense": 167562000, "depreciationAndAmortization": 511678000, "ebitda": 432370000, "ebitdaratio": 0.257672302, "operatingIncome": -79308000, "operatingIncomeRatio": -0.0472638595, "totalOtherIncomeExpensesNet": 345149000, "incomeBeforeTax": 265841000, "incomeBeforeTaxRatio": 0.158428805, "incomeTaxExpense": 3327000, "netIncome": 254962000, "netIncomeRatio": 0.1519454298, "eps": 2.2, "epsdiluted": 2.19, "weightedAverageShsOut": 114188000, "weightedAverageShsOutDil": 114500000, "link": "https://www.sec.gov/Archives/edgar/data/912595/000156459021006666/0001564590-21-006666-index.htm", "finalLink": "https://www.sec.gov/Archives/edgar/data/912595/000156459021006666/maa-10k_20201231.htm", "calculatedOtherExpenses": 506821000, "calculatedOperatingExpenses": 605979000, "calculatedNetInterest": 0, "calculatedOtherIncome": 345149000, "calculatedIncomeNonControlling": 7552000, "calculatedEbitda": 432370000}, {"date": "2019-12-31", "symbol": "MAA", "reportedCurrency": "USD", "cik": "0000912595", "fillingDate": "2020-02-20", "acceptedDate": "2020-02-20 16:49:53", "calendarYear": "2019", "period": "FY", "revenue": 1641017000, "costOfRevenue": 1109688000, "grossProfit": 531329000, "grossProfitRatio": 0.3237803143, "researchAndDevelopmentExpenses": 0, "generalAndAdministrativeExpenses": 101132000, "sellingAndMarketingExpenses": 0, "sellingGeneralAndAdministrativeExpenses": 101132000, "otherExpenses": 25275000, "operatingExpenses": 101132000, "costAndExpenses": 1210820000, "interestIncome": 179847000, "interestExpense": 179847000, "depreciationAndAmortization": 496843000, "ebitda": 455472000, "ebitdaratio": 0.2775547115, "operatingIncome": -41371000, "operatingIncomeRatio": -0.0252105859, "totalOtherIncomeExpensesNet": 410031000, "incomeBeforeTax": 368660000, "incomeBeforeTaxRatio": 0.2246533704, "incomeTaxExpense": 3696000, "netIncome": 353811000, "netIncomeRatio": 0.2156047134, "eps": 3, "epsdiluted": 2.99, "weightedAverageShsOut": 117944000, "weightedAverageShsOutDil": 118203000, "link": "https://www.sec.gov/Archives/edgar/data/912595/000156459020005582/0001564590-20-005582-index.htm", "finalLink": "https://www.sec.gov/Archives/edgar/data/912595/000156459020005582/maa-10k_20191231.htm", "calculatedOtherExpenses": 471568000, "calculatedOperatingExpenses": 572700000, "calculatedNetInterest": 0, "calculatedOtherIncome": 410031000, "calculatedIncomeNonControlling": 11153000, "calculatedEbitda": 455472000}, {"date": "2018-12-31", "symbol": "MAA", "reportedCurrency": "USD", "cik": "0000912595", "fillingDate": "2019-02-21", "acceptedDate": "2019-02-21 17:25:24", "calendarYear": "2018", "period": "FY", "revenue": 1571346000, "costOfRevenue": 1084347000, "grossProfit": 486999000, "grossProfitRatio": 0.3099247397, "researchAndDevelopmentExpenses": 0, "generalAndAdministrativeExpenses": 82419000, "sellingAndMarketingExpenses": 0, "sellingGeneralAndAdministrativeExpenses": 82419000, "otherExpenses": 5434000, "operatingExpenses": 82419000, "costAndExpenses": 1166766000, "interestIncome": 0, "interestExpense": 173594000, "depreciationAndAmortization": 489759000, "ebitda": 410014000, "ebitdaratio": 0.2609317108, "operatingIncome": 399104000, "operatingIncomeRatio": 0.2539886187, "totalOtherIncomeExpensesNet": 815000, "incomeBeforeTax": 231801000, "incomeBeforeTaxRatio": 0.1475174786, "incomeTaxExpense": 2611000, "netIncome": 222899000, "netIncomeRatio": 0.1418522719, "eps": 1.89, "epsdiluted": 1.89, "weightedAverageShsOut": 117777000, "weightedAverageShsOutDil": 117975000, "link": "https://www.sec.gov/Archives/edgar/data/912595/000091259519000015/0000912595-19-000015-index.htm", "finalLink": "https://www.sec.gov/Archives/edgar/data/912595/000091259519000015/maa12312018-10k.htm", "calculatedOtherExpenses": 5476000, "calculatedOperatingExpenses": 87895000, "calculatedNetInterest": -173594000, "calculatedOtherIncome": 6291000, "calculatedIncomeNonControlling": 6291000, "calculatedEbitda": 888863000}, {"date": "2017-12-31", "symbol": "MAA", "reportedCurrency": "USD", "cik": "0000912595", "fillingDate": "2018-02-23", "acceptedDate": "2018-02-22 19:05:43", "calendarYear": "2017", "period": "FY", "revenue": 1528987000, "costOfRevenue": 1070439000, "grossProfit": 458548000, "grossProfitRatio": 0.2999031385, "researchAndDevelopmentExpenses": 0, "generalAndAdministrativeExpenses": 83782000, "sellingAndMarketingExpenses": 0, "sellingGeneralAndAdministrativeExpenses": 83782000, "otherExpenses": 14353000, "operatingExpenses": 83782000, "costAndExpenses": 1154221000, "interestIncome": 0, "interestExpense": 154751000, "depreciationAndAmortization": 494540000, "ebitda": 883659000, "ebitdaratio": 0.5779375495, "operatingIncome": 354776000, "operatingIncomeRatio": 0.2320333659, "totalOtherIncomeExpensesNet": 121770000, "incomeBeforeTax": 341785000, "incomeBeforeTaxRatio": 0.2235368908, "incomeTaxExpense": 2619000, "netIncome": 328379000, "netIncomeRatio": 0.2147689941, "eps": 2.86, "epsdiluted": 2.86, "weightedAverageShsOut": 113407000, "weightedAverageShsOutDil": 113687000, "link": "https://www.sec.gov/Archives/edgar/data/912595/000091259518000011/0000912595-18-000011-index.htm", "finalLink": "https://www.sec.gov/Archives/edgar/data/912595/000091259518000011/maa12312017-10k.htm", "calculatedOtherExpenses": 19990000, "calculatedOperatingExpenses": 103772000, "calculatedNetInterest": -154751000, "calculatedOtherIncome": 141760000, "calculatedIncomeNonControlling": 10787000, "calculatedEbitda": 849316000}, {"date": "2016-12-31", "symbol": "MAA", "reportedCurrency": "USD", "cik": "0000912595", "fillingDate": "2017-02-24", "acceptedDate": "2017-02-24 16:35:48", "calendarYear": "2016", "period": "FY", "revenue": 1125348000, "costOfRevenue": 746314000, "grossProfit": 379034000, "grossProfitRatio": 0.336814923, "researchAndDevelopmentExpenses": 0, "generalAndAdministrativeExpenses": 63133000, "sellingAndMarketingExpenses": 0, "sellingGeneralAndAdministrativeExpenses": 63133000, "otherExpenses": 340344000, "operatingExpenses": 63133000, "costAndExpenses": 809447000, "interestIncome": 724000, "interestExpense": 129947000, "depreciationAndAmortization": 322958000, "ebitda": 316625000, "ebitdaratio": 0.2813574112, "operatingIncome": 272150000, "operatingIncomeRatio": 0.2418363031, "totalOtherIncomeExpensesNet": 39182000, "incomeBeforeTax": 225860000, "incomeBeforeTaxRatio": 0.2007023605, "incomeTaxExpense": 1699000, "netIncome": 212222000, "netIncomeRatio": 0.1885834426, "eps": 2.69, "epsdiluted": 2.69, "weightedAverageShsOut": 78502000, "weightedAverageShsOutDil": 78800000, "link": "https://www.sec.gov/Archives/edgar/data/912595/000091259517000005/0000912595-17-000005-index.htm", "finalLink": "https://www.sec.gov/Archives/edgar/data/912595/000091259517000005/maa12312016-10k.htm", "calculatedOtherExpenses": 43751000, "calculatedOperatingExpenses": 106884000, "calculatedNetInterest": -129223000, "calculatedOtherIncome": 82933000, "calculatedIncomeNonControlling": 11939000, "calculatedEbitda": 595108000}, {"date": "2015-12-31", "symbol": "MAA", "reportedCurrency": "USD", "cik": "0000912595", "fillingDate": "2016-02-26", "acceptedDate": "2016-02-25 21:27:24", "calendarYear": "2015", "period": "FY", "revenue": 1042779000, "costOfRevenue": 695165000, "grossProfit": 347614000, "grossProfitRatio": 0.3333534718, "researchAndDevelopmentExpenses": 0, "generalAndAdministrativeExpenses": 56706000, "sellingAndMarketingExpenses": 0, "sellingGeneralAndAdministrativeExpenses": 56706000, "otherExpenses": -368000, "operatingExpenses": 56706000, "costAndExpenses": 751871000, "interestIncome": -368000, "interestExpense": 122344000, "depreciationAndAmortization": 294520000, "ebitda": 290540000, "ebitdaratio": 0.2786208775, "operatingIncome": 288131000, "operatingIncomeRatio": 0.2763107044, "totalOtherIncomeExpensesNet": 183856000, "incomeBeforeTax": 352420000, "incomeBeforeTaxRatio": 0.3379623103, "incomeTaxExpense": 1673000, "netIncome": 332287000, "netIncomeRatio": 0.3186552472, "eps": 4.41, "epsdiluted": 4.41, "weightedAverageShsOut": 75176000, "weightedAverageShsOutDil": 75176000, "link": "https://www.sec.gov/Archives/edgar/data/912595/000091259516000032/0000912595-16-000032-index.htm", "finalLink": "https://www.sec.gov/Archives/edgar/data/912595/000091259516000032/maa12312015-10k.htm", "calculatedOtherExpenses": 2777000, "calculatedOperatingExpenses": 59483000, "calculatedNetInterest": -122712000, "calculatedOtherIncome": 187001000, "calculatedIncomeNonControlling": 18460000, "calculatedEbitda": 582651000}, {"date": "2014-12-31", "symbol": "MAA", "reportedCurrency": "USD", "cik": "0000912595", "fillingDate": "2015-02-25", "acceptedDate": "2015-02-25 07:03:34", "calendarYear": "2014", "period": "FY", "revenue": 989296000, "costOfRevenue": 694140000, "grossProfit": 295156000, "grossProfitRatio": 0.2983495334, "researchAndDevelopmentExpenses": 0, "generalAndAdministrativeExpenses": 53004000, "sellingAndMarketingExpenses": 0, "sellingGeneralAndAdministrativeExpenses": 53004000, "otherExpenses": 339325000, "operatingExpenses": 53004000, "costAndExpenses": 747144000, "interestIncome": 908000, "interestExpense": 119464000, "depreciationAndAmortization": 301811000, "ebitda": 238571000, "ebitdaratio": 0.2411522942, "operatingIncome": 228217000, "operatingIncomeRatio": 0.2306862658, "totalOtherIncomeExpensesNet": 26002000, "incomeBeforeTax": 145109000, "incomeBeforeTaxRatio": 0.1466790526, "incomeTaxExpense": 2050000, "netIncome": 147980000, "netIncomeRatio": 0.1495811163, "eps": 1.97, "epsdiluted": 1.97, "weightedAverageShsOut": 74982000, "weightedAverageShsOutDil": 74982000, "link": "https://www.sec.gov/Archives/edgar/data/912595/000091259515000007/0000912595-15-000007-index.htm", "finalLink": "https://www.sec.gov/Archives/edgar/data/912595/000091259515000007/maa12312014-10k.htm", "calculatedOtherExpenses": 13935000, "calculatedOperatingExpenses": 66939000, "calculatedNetInterest": -118556000, "calculatedOtherIncome": 35448000, "calculatedIncomeNonControlling": -4921000, "calculatedEbitda": 530028000}, {"date": "2013-12-31", "symbol": "MAA", "reportedCurrency": "USD", "cik": "0000912595", "fillingDate": "2014-02-21", "acceptedDate": "2014-02-21 16:12:53", "calendarYear": "2013", "period": "FY", "revenue": 634734000, "costOfRevenue": 440293000, "grossProfit": 194441000, "grossProfitRatio": 0.3063346221, "researchAndDevelopmentExpenses": 0, "generalAndAdministrativeExpenses": 38652000, "sellingAndMarketingExpenses": 0, "sellingGeneralAndAdministrativeExpenses": 38652000, "otherExpenses": 214662000, "operatingExpenses": 38652000, "costAndExpenses": 478945000, "interestIncome": 488000, "interestExpense": 75915000, "depreciationAndAmortization": 186979000, "ebitda": 153214000, "ebitdaratio": 0.2413830045, "operatingIncome": 116891000, "operatingIncomeRatio": 0.1841574581, "totalOtherIncomeExpensesNet": -39467000, "incomeBeforeTax": 37832000, "incomeBeforeTaxRatio": 0.0596029203, "incomeTaxExpense": 893000, "netIncome": 115281000, "netIncomeRatio": 0.1816209625, "eps": 2.27, "epsdiluted": 2.25, "weightedAverageShsOut": 50677000, "weightedAverageShsOutDil": 53116000, "link": "https://www.sec.gov/Archives/edgar/data/912595/000091259514000003/0000912595-14-000003-index.htm", "finalLink": "https://www.sec.gov/Archives/edgar/data/912595/000091259514000003/maa12312013-10k.htm", "calculatedOtherExpenses": 38898000, "calculatedOperatingExpenses": 77550000, "calculatedNetInterest": -75427000, "calculatedOtherIncome": -3632000, "calculatedIncomeNonControlling": -78342000, "calculatedEbitda": 303870000}, {"date": "2012-12-31", "symbol": "MAA", "reportedCurrency": "USD", "cik": "0000912595", "fillingDate": "2013-02-22", "acceptedDate": "2013-02-22 16:36:58", "calendarYear": "2012", "period": "FY", "revenue": 497165000, "costOfRevenue": 329462000, "grossProfit": 167703000, "grossProfitRatio": 0.3373185964, "researchAndDevelopmentExpenses": 0, "generalAndAdministrativeExpenses": 35846000, "sellingAndMarketingExpenses": 0, "sellingGeneralAndAdministrativeExpenses": 35846000, "otherExpenses": 0, "operatingExpenses": 35846000, "costAndExpenses": 365308000, "interestIncome": 430000, "interestExpense": 58751000, "depreciationAndAmortization": 132195000, "ebitda": 260930000, "ebitdaratio": 0.5248358191, "operatingIncome": 130276000, "operatingIncomeRatio": 0.2620377541, "totalOtherIncomeExpensesNet": -2196000, "incomeBeforeTax": 67788000, "incomeBeforeTaxRatio": 0.1363490994, "incomeTaxExpense": -37435000, "netIncome": 105223000, "netIncomeRatio": 0.211646033, "eps": 2.56, "epsdiluted": 2.56, "weightedAverageShsOut": 41039000, "weightedAverageShsOutDil": 42937000, "link": "https://www.sec.gov/Archives/edgar/data/912595/000091259513000003/0000912595-13-000003-index.htm", "finalLink": "https://www.sec.gov/Archives/edgar/data/912595/000091259513000003/maa12312012-10k.htm", "calculatedOtherExpenses": 1581000, "calculatedOperatingExpenses": 37427000, "calculatedNetInterest": -58321000, "calculatedOtherIncome": -4167000, "calculatedIncomeNonControlling": 0, "calculatedEbitda": 262471000}, {"date": "2011-12-31", "symbol": "MAA", "reportedCurrency": "USD", "cik": "0000912595", "fillingDate": "2012-02-24", "acceptedDate": "2012-02-24 16:25:42", "calendarYear": "2011", "period": "FY", "revenue": 448992000, "costOfRevenue": 191516000, "grossProfit": 257476000, "grossProfitRatio": 0.5734534246, "researchAndDevelopmentExpenses": 0, "generalAndAdministrativeExpenses": 38823000, "sellingAndMarketingExpenses": 0, "sellingGeneralAndAdministrativeExpenses": 38823000, "otherExpenses": 115605000, "operatingExpenses": 154428000, "costAndExpenses": 345944000, "interestIncome": 574000, "interestExpense": 58612000, "depreciationAndAmortization": 115605000, "ebitda": 225338000, "ebitdaratio": 0.5018753118, "operatingIncome": 99729000, "operatingIncomeRatio": 0.2221175433, "totalOtherIncomeExpensesNet": -7278000, "incomeBeforeTax": 48821000, "incomeBeforeTaxRatio": 0.1087346768, "incomeTaxExpense": -48821000, "netIncome": 48821000, "netIncomeRatio": 0.1087346768, "eps": 1.32, "epsdiluted": 1.31, "weightedAverageShsOut": 36995000, "weightedAverageShsOutDil": 39087000, "link": "https://www.sec.gov/Archives/edgar/data/912595/000114420412010851/0001144204-12-010851-index.htm", "finalLink": "https://www.sec.gov/Archives/edgar/data/912595/000114420412010851/v300889_10k.htm", "calculatedOtherExpenses": 118924000, "calculatedOperatingExpenses": 157747000, "calculatedNetInterest": -58038000, "calculatedOtherIncome": 7130000, "calculatedIncomeNonControlling": 48821000, "calculatedEbitda": 215334000}, {"date": "2010-12-31", "symbol": "MAA", "reportedCurrency": "USD", "cik": "0000912595", "fillingDate": "2011-02-24", "acceptedDate": "2011-02-24 17:05:01", "calendarYear": "2010", "period": "FY", "revenue": 402229000, "costOfRevenue": 174620000, "grossProfit": 227609000, "grossProfitRatio": 0.5658691939, "researchAndDevelopmentExpenses": 0, "generalAndAdministrativeExpenses": 28540000, "sellingAndMarketingExpenses": 1849000, "sellingGeneralAndAdministrativeExpenses": 30389000, "otherExpenses": 104064000, "operatingExpenses": 134453000, "costAndExpenses": 309073000, "interestIncome": 837000, "interestExpense": 55996000, "depreciationAndAmortization": 104064000, "ebitda": 203191000, "ebitdaratio": 0.5051624821, "operatingIncome": 32026000, "operatingIncomeRatio": 0.0796213102, "totalOtherIncomeExpensesNet": -7120000, "incomeBeforeTax": 29761000, "incomeBeforeTaxRatio": 0.0739901897, "incomeTaxExpense": -29761000, "netIncome": 29761000, "netIncomeRatio": 0.0739901897, "eps": 0.57, "epsdiluted": 0.56, "weightedAverageShsOut": 31856000, "weightedAverageShsOutDil": 31977000, "link": "https://www.sec.gov/Archives/edgar/data/912595/000114420411010787/0001144204-11-010787-index.htm", "finalLink": "https://www.sec.gov/Archives/edgar/data/912595/000114420411010787/v207790_10k.htm", "calculatedOtherExpenses": 165194000, "calculatedOperatingExpenses": 195583000, "calculatedNetInterest": -55159000, "calculatedOtherIncome": 52894000, "calculatedIncomeNonControlling": 29761000, "calculatedEbitda": 136090000}, {"date": "2009-12-31", "symbol": "MAA", "reportedCurrency": "USD", "cik": "0000912595", "fillingDate": "2010-02-25", "acceptedDate": "2010-02-25 17:21:49", "calendarYear": "2009", "period": "FY", "revenue": 378544000, "costOfRevenue": 159705000, "grossProfit": 218839000, "grossProfitRatio": 0.5781071685, "researchAndDevelopmentExpenses": 0, "generalAndAdministrativeExpenses": 28726000, "sellingAndMarketingExpenses": -186000, "sellingGeneralAndAdministrativeExpenses": 28540000, "otherExpenses": 113655000, "operatingExpenses": 124559000, "costAndExpenses": 284264000, "interestIncome": 385000, "interestExpense": 57094000, "depreciationAndAmortization": 96019000, "ebitda": 193716000, "ebitdaratio": 0.5117397185, "operatingIncome": 93330000, "operatingIncomeRatio": 0.2465499387, "totalOtherIncomeExpensesNet": -4233000, "incomeBeforeTax": 37211000, "incomeBeforeTaxRatio": 0.0983003297, "incomeTaxExpense": -37211000, "netIncome": 37211000, "netIncomeRatio": 0.0983003297, "eps": 0.85, "epsdiluted": 0.85, "weightedAverageShsOut": 28341000, "weightedAverageShsOutDil": 28348000, "link": "https://www.sec.gov/Archives/edgar/data/912595/000114420410009958/0001144204-10-009958-index.htm", "finalLink": "https://www.sec.gov/Archives/edgar/data/912595/000114420410009958/v174978_10k.htm", "calculatedOtherExpenses": 96969000, "calculatedOperatingExpenses": 125509000, "calculatedNetInterest": -56709000, "calculatedOtherIncome": 590000, "calculatedIncomeNonControlling": 37211000, "calculatedEbitda": 189349000}, {"date": "2008-12-31", "symbol": "MAA", "reportedCurrency": "USD", "cik": "0000912595", "fillingDate": "2009-02-25", "acceptedDate": "2009-02-25 10:32:19", "calendarYear": "2008", "period": "FY", "revenue": 369851000, "costOfRevenue": 245318000, "grossProfit": 124533000, "grossProfitRatio": 0.3367112702, "researchAndDevelopmentExpenses": 0, "generalAndAdministrativeExpenses": 28726000, "sellingAndMarketingExpenses": -16889000, "sellingGeneralAndAdministrativeExpenses": 11837000, "otherExpenses": 113557000, "operatingExpenses": 155150000, "costAndExpenses": 155150000, "interestIncome": 509000, "interestExpense": 62010000, "depreciationAndAmortization": 92475000, "ebitda": 307176000, "ebitdaratio": 0.8305398661, "operatingIncome": 95897000, "operatingIncomeRatio": 0.2592854961, "totalOtherIncomeExpensesNet": -2673000, "incomeBeforeTax": 30249000, "incomeBeforeTaxRatio": 0.0817869899, "incomeTaxExpense": -30249000, "netIncome": 30249000, "netIncomeRatio": 0.0817869899, "eps": 0.64, "epsdiluted": 0.64, "weightedAverageShsOut": 26943000, "weightedAverageShsOutDil": 27084000, "link": "https://www.sec.gov/Archives/edgar/data/912595/000120677409000321/0001206774-09-000321-index.htm", "finalLink": "https://www.sec.gov/Archives/edgar/data/912595/000120677409000321/mid-america_10k.htm", "calculatedOtherExpenses": 16799000, "calculatedOperatingExpenses": 28636000, "calculatedNetInterest": -61501000, "calculatedOtherIncome": -4147000, "calculatedIncomeNonControlling": 30249000, "calculatedEbitda": 188372000}, {"date": "2007-12-31", "symbol": "MAA", "reportedCurrency": "USD", "cik": "0000912595", "fillingDate": "2008-02-27", "acceptedDate": "2008-02-27 17:23:17", "calendarYear": "2007", "period": "FY", "revenue": 352957000, "costOfRevenue": 0, "grossProfit": 352957000, "grossProfitRatio": 1, "researchAndDevelopmentExpenses": 0, "generalAndAdministrativeExpenses": 10808000, "sellingAndMarketingExpenses": 0, "sellingGeneralAndAdministrativeExpenses": 10808000, "otherExpenses": 220248000, "operatingExpenses": 231056000, "costAndExpenses": 231056000, "interestIncome": 0, "interestExpense": 39946000, "depreciationAndAmortization": 88580000, "ebitda": 204740000, "ebitdaratio": 0.5800706602, "operatingIncome": 93052000, "operatingIncomeRatio": 0.2636355137, "totalOtherIncomeExpensesNet": 5741000, "incomeBeforeTax": 39946000, "incomeBeforeTaxRatio": 0.1131752593, "incomeTaxExpense": -39946000, "netIncome": 39946000, "netIncomeRatio": 0.1131752593, "eps": 1.01, "epsdiluted": 1.01, "weightedAverageShsOut": 25296000, "weightedAverageShsOutDil": 25462000, "link": "https://www.sec.gov/Archives/edgar/data/912595/000120677408000381/0001206774-08-000381-index.htm", "finalLink": "https://www.sec.gov/Archives/edgar/data/912595/000120677408000381/midamerica_10k.htm", "calculatedOtherExpenses": 249097000, "calculatedOperatingExpenses": 259905000, "calculatedNetInterest": -39946000, "calculatedOtherIncome": -13160000, "calculatedIncomeNonControlling": 39946000, "calculatedEbitda": 181632000}, {"date": "2006-12-31", "symbol": "MAA", "reportedCurrency": "USD", "cik": "0000912595", "fillingDate": "2007-02-28", "acceptedDate": "2007-02-28 17:29:45", "calendarYear": "2006", "period": "FY", "revenue": 325999000, "costOfRevenue": 75831000, "grossProfit": 250168000, "grossProfitRatio": 0.767388857, "researchAndDevelopmentExpenses": 0, "generalAndAdministrativeExpenses": 11886000, "sellingAndMarketingExpenses": 0, "sellingGeneralAndAdministrativeExpenses": 11886000, "otherExpenses": 201267000, "operatingExpenses": 213153000, "costAndExpenses": 213153000, "interestIncome": 0, "interestExpense": 20945000, "depreciationAndAmortization": 81424000, "ebitda": 194771000, "ebitdaratio": 0.5974588879, "operatingIncome": 87332000, "operatingIncomeRatio": 0.2678903923, "totalOtherIncomeExpensesNet": -501000, "incomeBeforeTax": 20945000, "incomeBeforeTaxRatio": 0.0642486633, "incomeTaxExpense": -20945000, "netIncome": 20945000, "netIncomeRatio": 0.0642486633, "eps": 0.3, "epsdiluted": 0.29, "weightedAverageShsOut": 23474000, "weightedAverageShsOutDil": 23698000, "link": "https://www.sec.gov/Archives/edgar/data/912595/000120677407000529/0001206774-07-000529-index.htm", "finalLink": "https://www.sec.gov/Archives/edgar/data/912595/000120677407000529/midamerica_10-k.htm", "calculatedOtherExpenses": 150950000, "calculatedOperatingExpenses": 162836000, "calculatedNetInterest": -20945000, "calculatedOtherIncome": -45442000, "calculatedIncomeNonControlling": 20945000, "calculatedEbitda": 168756000}, {"date": "2005-12-31", "symbol": "MAA", "reportedCurrency": "USD", "cik": "0000912595", "fillingDate": "2006-03-01", "acceptedDate": "2006-03-01 16:33:26", "calendarYear": "2005", "period": "FY", "revenue": 297455000, "costOfRevenue": 0, "grossProfit": 297455000, "grossProfitRatio": 1, "researchAndDevelopmentExpenses": 0, "generalAndAdministrativeExpenses": 10354000, "sellingAndMarketingExpenses": 0, "sellingGeneralAndAdministrativeExpenses": 10354000, "otherExpenses": 188412000, "operatingExpenses": 198766000, "costAndExpenses": 198766000, "interestIncome": 0, "interestExpense": 19744000, "depreciationAndAmortization": 77061000, "ebitda": 172042000, "ebitdaratio": 0.578379923, "operatingIncome": 76464000, "operatingIncomeRatio": 0.2570607319, "totalOtherIncomeExpensesNet": 3708000, "incomeBeforeTax": 19744000, "incomeBeforeTaxRatio": 0.0663764267, "incomeTaxExpense": -19744000, "netIncome": 19744000, "netIncomeRatio": 0.0663764267, "eps": 0.25, "epsdiluted": 0.25, "weightedAverageShsOut": 21405000, "weightedAverageShsOutDil": 21607000, "link": "https://www.sec.gov/Archives/edgar/data/912595/000120677406000351/0001206774-06-000351-index.htm", "finalLink": "https://www.sec.gov/Archives/edgar/data/912595/000120677406000351/d18659_10k.htm", "calculatedOtherExpenses": 210637000, "calculatedOperatingExpenses": 220991000, "calculatedNetInterest": -19744000, "calculatedOtherIncome": -36976000, "calculatedIncomeNonControlling": 19744000, "calculatedEbitda": 153525000}, {"date": "2004-12-31", "symbol": "MAA", "reportedCurrency": "USD", "cik": "0000912595", "fillingDate": "2005-03-15", "acceptedDate": "2005-03-15 12:24:44", "calendarYear": "2004", "period": "FY", "revenue": 267784000, "costOfRevenue": 0, "grossProfit": 267784000, "grossProfitRatio": 1, "researchAndDevelopmentExpenses": 0, "generalAndAdministrativeExpenses": 9240000, "sellingAndMarketingExpenses": 0, "sellingGeneralAndAdministrativeExpenses": 9240000, "otherExpenses": 172161000, "operatingExpenses": 181401000, "costAndExpenses": 181401000, "interestIncome": 0, "interestExpense": 25198000, "depreciationAndAmortization": 70406000, "ebitda": 150049000, "ebitdaratio": 0.5603359424, "operatingIncome": 66786000, "operatingIncomeRatio": 0.2494025035, "totalOtherIncomeExpensesNet": 6740000, "incomeBeforeTax": 25198000, "incomeBeforeTaxRatio": 0.0940982284, "incomeTaxExpense": -25198000, "netIncome": 25198000, "netIncomeRatio": 0.0940982284, "eps": 0.51, "epsdiluted": 0.5, "weightedAverageShsOut": 20317000, "weightedAverageShsOutDil": 20652000, "link": "https://www.sec.gov/Archives/edgar/data/912595/000120677405000343/0001206774-05-000343-index.htm", "finalLink": "https://www.sec.gov/Archives/edgar/data/912595/000120677405000343/d16501_10-k.htm", "calculatedOtherExpenses": 191758000, "calculatedOperatingExpenses": 200998000, "calculatedNetInterest": -25198000, "calculatedOtherIncome": -16390000, "calculatedIncomeNonControlling": 25198000, "calculatedEbitda": 137192000}, {"date": "2003-12-31", "symbol": "MAA", "reportedCurrency": "USD", "cik": "0000912595", "fillingDate": "2004-03-12", "acceptedDate": "2004-03-12 10:08:07", "calendarYear": "2003", "period": "FY", "revenue": 240906000, "costOfRevenue": 0, "grossProfit": 240906000, "grossProfitRatio": 1, "researchAndDevelopmentExpenses": 0, "generalAndAdministrativeExpenses": 7235000, "sellingAndMarketingExpenses": 0, "sellingGeneralAndAdministrativeExpenses": 7235000, "otherExpenses": 169930000, "operatingExpenses": 177165000, "costAndExpenses": 177165000, "interestIncome": 17709000, "interestExpense": 20206000, "depreciationAndAmortization": 61080000, "ebitda": 121879000, "ebitdaratio": 0.5059193212, "operatingIncome": 63741000, "operatingIncomeRatio": 0.2645886777, "totalOtherIncomeExpensesNet": 2942000, "incomeBeforeTax": 20206000, "incomeBeforeTaxRatio": 0.0838750384, "incomeTaxExpense": -20206000, "netIncome": 20206000, "netIncomeRatio": 0.0838750384, "eps": -0.07, "epsdiluted": -0.07, "weightedAverageShsOut": 18374000, "weightedAverageShsOutDil": 18374000, "link": "https://www.sec.gov/Archives/edgar/data/912595/000120677404000135/0001206774-04-000135-index.htm", "finalLink": "https://www.sec.gov/Archives/edgar/data/912595/000120677404000135/d14130.htm", "calculatedOtherExpenses": 169930000, "calculatedOperatingExpenses": 177165000, "calculatedNetInterest": -2497000, "calculatedOtherIncome": -41038000, "calculatedIncomeNonControlling": 20206000, "calculatedEbitda": 124821000}, {"date": "2002-12-31", "symbol": "MAA", "reportedCurrency": "USD", "cik": "0000912595", "fillingDate": "2003-03-31", "acceptedDate": "2003-03-31 15:33:37", "calendarYear": "2002", "period": "FY", "revenue": 233139000, "costOfRevenue": 0, "grossProfit": 233139000, "grossProfitRatio": 1, "researchAndDevelopmentExpenses": 0, "generalAndAdministrativeExpenses": 6665000, "sellingAndMarketingExpenses": 0, "sellingGeneralAndAdministrativeExpenses": 6665000, "otherExpenses": 159450000, "operatingExpenses": 166115000, "costAndExpenses": 166115000, "interestIncome": 0, "interestExpense": 16141000, "depreciationAndAmortization": 57975000, "ebitda": 124602000, "ebitdaratio": 0.534453695, "operatingIncome": 67024000, "operatingIncomeRatio": 0.2874851483, "totalOtherIncomeExpensesNet": 397000, "incomeBeforeTax": 16141000, "incomeBeforeTaxRatio": 0.0692333758, "incomeTaxExpense": -16141000, "netIncome": 16141000, "netIncomeRatio": 0.0692333758, "eps": -0.11, "epsdiluted": -0.11, "weightedAverageShsOut": 17561000, "weightedAverageShsOutDil": 17561000, "link": "https://www.sec.gov/Archives/edgar/data/912595/000120677403000218/0001206774-03-000218-index.htm", "finalLink": "https://www.sec.gov/Archives/edgar/data/912595/000120677403000218/d12309-10k.htm", "calculatedOtherExpenses": 159450000, "calculatedOperatingExpenses": 166115000, "calculatedNetInterest": -16141000, "calculatedOtherIncome": -34742000, "calculatedIncomeNonControlling": 16141000, "calculatedEbitda": 124999000}, {"date": "2001-12-31", "symbol": "MAA", "reportedCurrency": "USD", "cik": "0000912595", "fillingDate": "2002-04-01", "acceptedDate": "2002-04-01 00:00:00", "calendarYear": "2001", "period": "FY", "revenue": 228039000, "costOfRevenue": 0, "grossProfit": 228039000, "grossProfitRatio": 1, "researchAndDevelopmentExpenses": 0, "generalAndAdministrativeExpenses": 5879000, "sellingAndMarketingExpenses": 0, "sellingGeneralAndAdministrativeExpenses": 5879000, "otherExpenses": 149191000, "operatingExpenses": 155070000, "costAndExpenses": 155070000, "interestIncome": 0, "interestExpense": 28698000, "depreciationAndAmortization": 54403000, "ebitda": 127372000, "ebitdaratio": 0.5585535807, "operatingIncome": 72969000, "operatingIncomeRatio": 0.3199847395, "totalOtherIncomeExpensesNet": -44271000, "incomeBeforeTax": 28698000, "incomeBeforeTaxRatio": 0.1258468946, "incomeTaxExpense": -28698000, "netIncome": 28698000, "netIncomeRatio": 0.1258468946, "eps": 0.72, "epsdiluted": 0.72, "weightedAverageShsOut": 17427000, "weightedAverageShsOutDil": 17532000, "link": "https://www.sec.gov/Archives/edgar/data/912595/000091205702012966/0000912057-02-012966-index.htm", "finalLink": "https://www.sec.gov/Archives/edgar/data/912595/000091205702012966/a2074950z10-k405.txt", "calculatedOtherExpenses": 149191000, "calculatedOperatingExpenses": 155070000, "calculatedNetInterest": -28698000, "calculatedOtherIncome": -15573000, "calculatedIncomeNonControlling": 28698000, "calculatedEbitda": 127372000}, {"date": "2000-12-31", "symbol": "MAA", "reportedCurrency": "USD", "cik": "0000912595", "fillingDate": "2001-04-02", "acceptedDate": "2001-04-02 00:00:00", "calendarYear": "2000", "period": "FY", "revenue": 224640000, "costOfRevenue": 0, "grossProfit": 224640000, "grossProfitRatio": 1, "researchAndDevelopmentExpenses": 0, "generalAndAdministrativeExpenses": 14826000, "sellingAndMarketingExpenses": 0, "sellingGeneralAndAdministrativeExpenses": 14826000, "otherExpenses": 138048000, "operatingExpenses": 152874000, "costAndExpenses": 152874000, "interestIncome": 0, "interestExpense": 29787000, "depreciationAndAmortization": 54602000, "ebitda": 126368000, "ebitdaratio": 0.5625356125, "operatingIncome": 71766000, "operatingIncomeRatio": 0.3194711538, "totalOtherIncomeExpensesNet": -41979000, "incomeBeforeTax": 29787000, "incomeBeforeTaxRatio": 0.1325988248, "incomeTaxExpense": -29787000, "netIncome": 29787000, "netIncomeRatio": 0.1325988248, "eps": 0.78, "epsdiluted": 0.78, "weightedAverageShsOut": 17544000, "weightedAverageShsOutDil": 17597000, "link": "https://www.sec.gov/Archives/edgar/data/912595/000091205701506011/0000912057-01-506011-index.htm", "finalLink": "https://www.sec.gov/Archives/edgar/data/912595/000091205701506011/a2043423z10-k405.txt", "calculatedOtherExpenses": 138048000, "calculatedOperatingExpenses": 152874000, "calculatedNetInterest": -29787000, "calculatedOtherIncome": -12192000, "calculatedIncomeNonControlling": 29787000, "calculatedEbitda": 126368000}, {"date": "1999-12-31", "symbol": "MAA", "reportedCurrency": "USD", "cik": "0000912595", "fillingDate": "2000-03-30", "acceptedDate": "2000-03-30 00:00:00", "calendarYear": "1999", "period": "FY", "revenue": 226322000, "costOfRevenue": 0, "grossProfit": 226322000, "grossProfitRatio": 1, "researchAndDevelopmentExpenses": 0, "generalAndAdministrativeExpenses": 14479000, "sellingAndMarketingExpenses": 0, "sellingGeneralAndAdministrativeExpenses": 14479000, "otherExpenses": 137642000, "operatingExpenses": 152121000, "costAndExpenses": 152121000, "interestIncome": 0, "interestExpense": 33572000, "depreciationAndAmortization": 52757000, "ebitda": 116758000, "ebitdaratio": 0.5158932848, "operatingIncome": 74201000, "operatingIncomeRatio": 0.3278558867, "totalOtherIncomeExpensesNet": 10200000, "incomeBeforeTax": 33572000, "incomeBeforeTaxRatio": 0.1483373247, "incomeTaxExpense": -33572000, "netIncome": 33572000, "netIncomeRatio": 0.1483373247, "eps": 0.93, "epsdiluted": 0.93, "weightedAverageShsOut": 18709677, "weightedAverageShsOutDil": 18709677, "link": "https://www.sec.gov/Archives/edgar/data/912595/000089056600000439/0000890566-00-000439-index.html", "finalLink": "https://www.sec.gov/Archives/edgar/data/912595/000089056600000439/", "calculatedOtherExpenses": 137642000, "calculatedOperatingExpenses": 152121000, "calculatedNetInterest": -33572000, "calculatedOtherIncome": -7057000, "calculatedIncomeNonControlling": 33572000, "calculatedEbitda": 126958000}, {"date": "1998-12-31", "symbol": "MAA", "reportedCurrency": "USD", "cik": "0000912595", "fillingDate": "1999-03-31", "acceptedDate": "1999-03-31 00:00:00", "calendarYear": "1998", "period": "FY", "revenue": 215543000, "costOfRevenue": 0, "grossProfit": 215543000, "grossProfitRatio": 1, "researchAndDevelopmentExpenses": 0, "generalAndAdministrativeExpenses": 11960000, "sellingAndMarketingExpenses": 0, "sellingGeneralAndAdministrativeExpenses": 11960000, "otherExpenses": 128286000, "operatingExpenses": 140246000, "costAndExpenses": 140246000, "interestIncome": 0, "interestExpense": 26757000, "depreciationAndAmortization": 48369000, "ebitda": 123266000, "ebitdaratio": 0.5718858882, "operatingIncome": 75297000, "operatingIncomeRatio": 0.3493363273, "totalOtherIncomeExpensesNet": 400000, "incomeBeforeTax": 26757000, "incomeBeforeTaxRatio": 0.1241376431, "incomeTaxExpense": -26757000, "netIncome": 26757000, "netIncomeRatio": 0.1241376431, "eps": 0.82, "epsdiluted": 0.82, "weightedAverageShsOut": 18725000, "weightedAverageShsOutDil": 18770000, "link": "https://www.sec.gov/Archives/edgar/data/912595/000089056699000456/0000890566-99-000456-index.html", "finalLink": "https://www.sec.gov/Archives/edgar/data/912595/", "calculatedOtherExpenses": 128286000, "calculatedOperatingExpenses": 140246000, "calculatedNetInterest": -26757000, "calculatedOtherIncome": -21783000, "calculatedIncomeNonControlling": 26757000, "calculatedEbitda": 123666000}, {"date": "1997-12-31", "symbol": "MAA", "reportedCurrency": "USD", "cik": "0000912595", "fillingDate": "1998-03-31", "acceptedDate": "1998-03-31 00:00:00", "calendarYear": "1997", "period": "FY", "revenue": 139116000, "costOfRevenue": 0, "grossProfit": 139116000, "grossProfitRatio": 1, "researchAndDevelopmentExpenses": 0, "generalAndAdministrativeExpenses": 6602000, "sellingAndMarketingExpenses": 0, "sellingGeneralAndAdministrativeExpenses": 6602000, "otherExpenses": 81029000, "operatingExpenses": 87631000, "costAndExpenses": 87631000, "interestIncome": 0, "interestExpense": 11227000, "depreciationAndAmortization": 28746000, "ebitda": 80231000, "ebitdaratio": 0.5767201472, "operatingIncome": 51485000, "operatingIncomeRatio": 0.370086834, "totalOtherIncomeExpensesNet": -40258000, "incomeBeforeTax": 11227000, "incomeBeforeTaxRatio": 0.0807024354, "incomeTaxExpense": -11227000, "netIncome": 11227000, "netIncomeRatio": 0.0807024354, "eps": 0.43, "epsdiluted": 0.43, "weightedAverageShsOut": 13720930, "weightedAverageShsOutDil": 13720930, "link": "https://www.sec.gov/Archives/edgar/data/912595/000091259598000005/0000912595-98-000005-index.html", "finalLink": "https://www.sec.gov/Archives/edgar/data/912595/", "calculatedOtherExpenses": 81029000, "calculatedOperatingExpenses": 87631000, "calculatedNetInterest": -11227000, "calculatedOtherIncome": -29031000, "calculatedIncomeNonControlling": 11227000, "calculatedEbitda": 80231000}, {"date": "1996-12-31", "symbol": "MAA", "reportedCurrency": "USD", "cik": "0000912595", "fillingDate": "1997-03-31", "acceptedDate": "1997-03-31 00:00:00", "calendarYear": "1996", "period": "FY", "revenue": 111882000, "costOfRevenue": 0, "grossProfit": 111882000, "grossProfitRatio": 1, "researchAndDevelopmentExpenses": 0, "generalAndAdministrativeExpenses": 6154000, "sellingAndMarketingExpenses": 0, "sellingGeneralAndAdministrativeExpenses": 6154000, "otherExpenses": 90440000, "operatingExpenses": 96594000, "costAndExpenses": 96594000, "interestIncome": 0, "interestExpense": 14260000, "depreciationAndAmortization": 22243000, "ebitda": 35331000, "ebitdaratio": 0.3157880624, "operatingIncome": 15288000, "operatingIncomeRatio": 0.1366439642, "totalOtherIncomeExpensesNet": 2200000, "incomeBeforeTax": 14260000, "incomeBeforeTaxRatio": 0.1274557123, "incomeTaxExpense": -14260000, "netIncome": 14260000, "netIncomeRatio": 0.1274557123, "eps": 1.21, "epsdiluted": 1.21, "weightedAverageShsOut": 10966942, "weightedAverageShsOutDil": 10966942, "link": "https://www.sec.gov/Archives/edgar/data/912595/000091259597000011/0000912595-97-000011-index.html", "finalLink": "https://www.sec.gov/Archives/edgar/data/912595/", "calculatedOtherExpenses": 90440000, "calculatedOperatingExpenses": 96594000, "calculatedNetInterest": -14260000, "calculatedOtherIncome": 13232000, "calculatedIncomeNonControlling": 14260000, "calculatedEbitda": 37531000}, {"date": "1995-12-31", "symbol": "MAA", "reportedCurrency": "USD", "cik": "0000912595", "fillingDate": "1995-12-31", "acceptedDate": "1995-12-31 00:00:00", "calendarYear": "1995", "period": "FY", "revenue": 94800000, "costOfRevenue": 0, "grossProfit": 94800000, "grossProfitRatio": 1, "researchAndDevelopmentExpenses": 0, "generalAndAdministrativeExpenses": 14500000, "sellingAndMarketingExpenses": 0, "sellingGeneralAndAdministrativeExpenses": 14500000, "otherExpenses": -59800000, "operatingExpenses": -45300000, "costAndExpenses": -45300000, "interestIncome": 0, "interestExpense": 9800000, "depreciationAndAmortization": 17300000, "ebitda": 157400000, "ebitdaratio": 1.6603375527, "operatingIncome": 9800000, "operatingIncomeRatio": 0.1033755274, "totalOtherIncomeExpensesNet": 0, "incomeBeforeTax": 9800000, "incomeBeforeTaxRatio": 0.1033755274, "incomeTaxExpense": -9800000, "netIncome": 9800000, "netIncomeRatio": 0.1033755274, "eps": 1, "epsdiluted": 1, "weightedAverageShsOut": 9800000, "weightedAverageShsOutDil": 9800000, "link": null, "finalLink": null, "calculatedOtherExpenses": 70500000, "calculatedOperatingExpenses": 85000000, "calculatedNetInterest": -9800000, "calculatedOtherIncome": 9800000, "calculatedIncomeNonControlling": 9800000, "calculatedEbitda": 27100000}, {"date": "1994-12-31", "symbol": "MAA", "reportedCurrency": "USD", "cik": "0000912595", "fillingDate": "1994-12-31", "acceptedDate": "1994-12-31 00:00:00", "calendarYear": "1994", "period": "FY", "revenue": 51300000, "costOfRevenue": 0, "grossProfit": 51300000, "grossProfitRatio": 1, "researchAndDevelopmentExpenses": 0, "generalAndAdministrativeExpenses": 8900000, "sellingAndMarketingExpenses": 0, "sellingGeneralAndAdministrativeExpenses": 8900000, "otherExpenses": -32200000, "operatingExpenses": -23300000, "costAndExpenses": -23300000, "interestIncome": 0, "interestExpense": 7000000, "depreciationAndAmortization": 9200000, "ebitda": 83800000, "ebitdaratio": 1.6335282651, "operatingIncome": 7000000, "operatingIncomeRatio": 0.1364522417, "totalOtherIncomeExpensesNet": 0, "incomeBeforeTax": 7000000, "incomeBeforeTaxRatio": 0.1364522417, "incomeTaxExpense": -7000000, "netIncome": 7000000, "netIncomeRatio": 0.1364522417, "eps": 1.01, "epsdiluted": 1.01, "weightedAverageShsOut": 6930693, "weightedAverageShsOutDil": 6930693, "link": null, "finalLink": null, "calculatedOtherExpenses": 35400000, "calculatedOperatingExpenses": 44300000, "calculatedNetInterest": -7000000, "calculatedOtherIncome": 7000000, "calculatedIncomeNonControlling": 7000000, "calculatedEbitda": 16200000}]}