{"originalCurrency": "USD", "convertedCurrency": "USD", "report": [{"date": "2023-12-31", "symbol": "MAC", "reportedCurrency": "USD", "cik": "0000912242", "fillingDate": "2024-02-26", "acceptedDate": "2024-02-26 11:35:07", "calendarYear": "2023", "period": "FY", "revenue": 881369000, "costOfRevenue": 677251000, "grossProfit": 204118000, "grossProfitRatio": 0.2315919893, "researchAndDevelopmentExpenses": 0, "generalAndAdministrativeExpenses": 29238000, "sellingAndMarketingExpenses": 0, "sellingGeneralAndAdministrativeExpenses": 29238000, "otherExpenses": -26539000, "operatingExpenses": 26539000, "costAndExpenses": 703790000, "interestIncome": 0, "interestExpense": 172920000, "depreciationAndAmortization": 282361000, "ebitda": 459940000, "ebitdaratio": 0.5218472626, "operatingIncome": 177579000, "operatingIncomeRatio": 0.201480878, "totalOtherIncomeExpensesNet": -321649000, "incomeBeforeTax": -144070000, "incomeBeforeTaxRatio": -0.1634616148, "incomeTaxExpense": -494000, "netIncome": -274065000, "netIncomeRatio": -0.3109537549, "eps": -1.27, "epsdiluted": -1.27, "weightedAverageShsOut": 215548000, "weightedAverageShsOutDil": 215548000, "link": "https://www.sec.gov/Archives/edgar/data/912242/000091224224000026/0000912242-24-000026-index.htm", "finalLink": "https://www.sec.gov/Archives/edgar/data/912242/000091224224000026/mac-20231231.htm", "calculatedOtherExpenses": -2699000, "calculatedOperatingExpenses": 26539000, "calculatedNetInterest": -172920000, "calculatedOtherIncome": -148729000, "calculatedIncomeNonControlling": 130489000, "calculatedEbitda": 459940000}, {"date": "2022-12-31", "symbol": "MAC", "reportedCurrency": "USD", "cik": "0000912242", "fillingDate": "2023-02-24", "acceptedDate": "2023-02-24 11:37:11", "calendarYear": "2022", "period": "FY", "revenue": 859164000, "costOfRevenue": 390353000, "grossProfit": 468811000, "grossProfitRatio": 0.5456595016, "researchAndDevelopmentExpenses": 0, "generalAndAdministrativeExpenses": 27164000, "sellingAndMarketingExpenses": 0, "sellingGeneralAndAdministrativeExpenses": 27164000, "otherExpenses": 291612000, "operatingExpenses": 318776000, "costAndExpenses": 709129000, "interestIncome": 216851000, "interestExpense": 216851000, "depreciationAndAmortization": 291612000, "ebitda": 436391000, "ebitdaratio": 0.5079251458, "operatingIncome": 144779000, "operatingIncomeRatio": 0.1685114833, "totalOtherIncomeExpensesNet": -209153000, "incomeBeforeTax": -64374000, "incomeBeforeTaxRatio": -0.0749263237, "incomeTaxExpense": 705000, "netIncome": -65079000, "netIncomeRatio": -0.0757468888, "eps": -0.3, "epsdiluted": -0.3, "weightedAverageShsOut": 215031000, "weightedAverageShsOutDil": 215031000, "link": "https://www.sec.gov/Archives/edgar/data/912242/000091224223000007/0000912242-23-000007-index.htm", "finalLink": "https://www.sec.gov/Archives/edgar/data/912242/000091224223000007/mac-20221231.htm", "calculatedOtherExpenses": 296868000, "calculatedOperatingExpenses": 324032000, "calculatedNetInterest": 0, "calculatedOtherIncome": -209153000, "calculatedIncomeNonControlling": 0, "calculatedEbitda": 436391000}, {"date": "2021-12-31", "symbol": "MAC", "reportedCurrency": "USD", "cik": "0000912242", "fillingDate": "2022-02-25", "acceptedDate": "2022-02-25 12:11:25", "calendarYear": "2021", "period": "FY", "revenue": 847437000, "costOfRevenue": 380884000, "grossProfit": 466553000, "grossProfitRatio": 0.5505459403, "researchAndDevelopmentExpenses": 0, "generalAndAdministrativeExpenses": 30056000, "sellingAndMarketingExpenses": 0, "sellingGeneralAndAdministrativeExpenses": 30056000, "otherExpenses": 311129000, "operatingExpenses": 341185000, "costAndExpenses": 722069000, "interestIncome": 192679000, "interestExpense": 192679000, "depreciationAndAmortization": 311129000, "ebitda": 452186000, "ebitdaratio": 0.5335924676, "operatingIncome": 141057000, "operatingIncomeRatio": 0.1664513114, "totalOtherIncomeExpensesNet": -117946000, "incomeBeforeTax": 23111000, "incomeBeforeTaxRatio": 0.0272716438, "incomeTaxExpense": 6948000, "netIncome": 14263000, "netIncomeRatio": 0.0168307497, "eps": -0.31, "epsdiluted": -0.31, "weightedAverageShsOut": 198070000, "weightedAverageShsOutDil": 198070000, "link": "https://www.sec.gov/Archives/edgar/data/912242/000091224222000003/0000912242-22-000003-index.htm", "finalLink": "https://www.sec.gov/Archives/edgar/data/912242/000091224222000003/mac-20211231.htm", "calculatedOtherExpenses": 295440000, "calculatedOperatingExpenses": 325496000, "calculatedNetInterest": 0, "calculatedOtherIncome": -117946000, "calculatedIncomeNonControlling": 1900000, "calculatedEbitda": 452186000}, {"date": "2020-12-31", "symbol": "MAC", "reportedCurrency": "USD", "cik": "0000912242", "fillingDate": "2021-02-24", "acceptedDate": "2021-02-24 11:13:02", "calendarYear": "2020", "period": "FY", "revenue": 786026000, "costOfRevenue": 347979000, "grossProfit": 438047000, "grossProfitRatio": 0.5572932702, "researchAndDevelopmentExpenses": 0, "generalAndAdministrativeExpenses": 30339000, "sellingAndMarketingExpenses": 0, "sellingGeneralAndAdministrativeExpenses": 30339000, "otherExpenses": 319619000, "operatingExpenses": 349958000, "costAndExpenses": 697937000, "interestIncome": 75550000, "interestExpense": 75550000, "depreciationAndAmortization": 319619000, "ebitda": 217372000, "ebitdaratio": 0.2765455596, "operatingIncome": -102247000, "operatingIncomeRatio": -0.1300809388, "totalOtherIncomeExpensesNet": -143662000, "incomeBeforeTax": -245909000, "incomeBeforeTaxRatio": -0.3128509744, "incomeTaxExpense": -447000, "netIncome": -245462000, "netIncomeRatio": -0.3122822909, "eps": -1.68, "epsdiluted": -1.68, "weightedAverageShsOut": 146232000, "weightedAverageShsOutDil": 146232000, "link": "https://www.sec.gov/Archives/edgar/data/912242/000091224221000004/0000912242-21-000004-index.htm", "finalLink": "https://www.sec.gov/Archives/edgar/data/912242/000091224221000004/mac-20201231.htm", "calculatedOtherExpenses": 509955000, "calculatedOperatingExpenses": 540294000, "calculatedNetInterest": 0, "calculatedOtherIncome": -143662000, "calculatedIncomeNonControlling": 0, "calculatedEbitda": 217372000}, {"date": "2019-12-31", "symbol": "MAC", "reportedCurrency": "USD", "cik": "0000912242", "fillingDate": "2020-02-25", "acceptedDate": "2020-02-25 13:13:31", "calendarYear": "2019", "period": "FY", "revenue": 927462000, "costOfRevenue": 367953000, "grossProfit": 559509000, "grossProfitRatio": 0.603268921, "researchAndDevelopmentExpenses": 0, "generalAndAdministrativeExpenses": 22634000, "sellingAndMarketingExpenses": 0, "sellingGeneralAndAdministrativeExpenses": 22634000, "otherExpenses": 330726000, "operatingExpenses": 353360000, "costAndExpenses": 721313000, "interestIncome": 138254000, "interestExpense": 138254000, "depreciationAndAmortization": 330726000, "ebitda": 585383000, "ebitdaratio": 0.6311665599, "operatingIncome": 254657000, "operatingIncomeRatio": 0.2745740526, "totalOtherIncomeExpensesNet": -150514000, "incomeBeforeTax": 104143000, "incomeBeforeTaxRatio": 0.1122881584, "incomeTaxExpense": 1589000, "netIncome": 96820000, "netIncomeRatio": 0.1043924172, "eps": 0.76, "epsdiluted": 0.76, "weightedAverageShsOut": 141340000, "weightedAverageShsOutDil": 141340000, "link": "https://www.sec.gov/Archives/edgar/data/912242/000091224220000004/0000912242-20-000004-index.htm", "finalLink": "https://www.sec.gov/Archives/edgar/data/912242/000091224220000004/mac-20191231.htm", "calculatedOtherExpenses": 282218000, "calculatedOperatingExpenses": 304852000, "calculatedNetInterest": 0, "calculatedOtherIncome": -150514000, "calculatedIncomeNonControlling": 5734000, "calculatedEbitda": 585383000}, {"date": "2018-12-31", "symbol": "MAC", "reportedCurrency": "USD", "cik": "0000912242", "fillingDate": "2019-02-25", "acceptedDate": "2019-02-25 12:19:25", "calendarYear": "2018", "period": "FY", "revenue": 960351000, "costOfRevenue": 381004000, "grossProfit": 579347000, "grossProfitRatio": 0.6032658892, "researchAndDevelopmentExpenses": 0, "generalAndAdministrativeExpenses": 24160000, "sellingAndMarketingExpenses": 0, "sellingGeneralAndAdministrativeExpenses": 24160000, "otherExpenses": 346805000, "operatingExpenses": 370965000, "costAndExpenses": 751969000, "interestIncome": 0, "interestExpense": 182962000, "depreciationAndAmortization": 327436000, "ebitda": 607591000, "ebitdaratio": 0.6326759695, "operatingIncome": 208382000, "operatingIncomeRatio": 0.2169852481, "totalOtherIncomeExpensesNet": 39948000, "incomeBeforeTax": 65368000, "incomeBeforeTaxRatio": 0.0680667798, "incomeTaxExpense": -3604000, "netIncome": 60020000, "netIncomeRatio": 0.0624979825, "eps": 0.43, "epsdiluted": 0.43, "weightedAverageShsOut": 141142000, "weightedAverageShsOutDil": 141221712, "link": "https://www.sec.gov/Archives/edgar/data/912242/000091224219000004/0000912242-19-000004-index.htm", "finalLink": "https://www.sec.gov/Archives/edgar/data/912242/000091224219000004/mac-2018x1231x10k.htm", "calculatedOtherExpenses": 346805000, "calculatedOperatingExpenses": 370965000, "calculatedNetInterest": -182962000, "calculatedOtherIncome": 39948000, "calculatedIncomeNonControlling": 8952000, "calculatedEbitda": 535818000}, {"date": "2017-12-31", "symbol": "MAC", "reportedCurrency": "USD", "cik": "0000912242", "fillingDate": "2018-02-23", "acceptedDate": "2018-02-23 13:08:15", "calendarYear": "2017", "period": "FY", "revenue": 993662000, "costOfRevenue": 395311000, "grossProfit": 598351000, "grossProfitRatio": 0.6021675379, "researchAndDevelopmentExpenses": 0, "generalAndAdministrativeExpenses": 28240000, "sellingAndMarketingExpenses": 0, "sellingGeneralAndAdministrativeExpenses": 28240000, "otherExpenses": -13629000, "operatingExpenses": 363671000, "costAndExpenses": 758982000, "interestIncome": 0, "interestExpense": 171776000, "depreciationAndAmortization": 335431000, "ebitda": 642028000, "ebitdaratio": 0.6461231284, "operatingIncome": 234680000, "operatingIncomeRatio": 0.2361768891, "totalOtherIncomeExpensesNet": 114363000, "incomeBeforeTax": 177267000, "incomeBeforeTaxRatio": 0.1783976845, "incomeTaxExpense": 15594000, "netIncome": 146130000, "netIncomeRatio": 0.1470620795, "eps": 1.04, "epsdiluted": 1.04, "weightedAverageShsOut": 140993985, "weightedAverageShsOutDil": 140993985, "link": "https://www.sec.gov/Archives/edgar/data/912242/000091224218000004/0000912242-18-000004-index.htm", "finalLink": "https://www.sec.gov/Archives/edgar/data/912242/000091224218000004/mac-2017x1231x10k.htm", "calculatedOtherExpenses": 335431000, "calculatedOperatingExpenses": 363671000, "calculatedNetInterest": -171776000, "calculatedOtherIncome": 114363000, "calculatedIncomeNonControlling": 15543000, "calculatedEbitda": 570111000}, {"date": "2016-12-31", "symbol": "MAC", "reportedCurrency": "USD", "cik": "0000912242", "fillingDate": "2017-02-24", "acceptedDate": "2017-02-24 14:25:38", "calendarYear": "2016", "period": "FY", "revenue": 1041271000, "costOfRevenue": 405946000, "grossProfit": 635325000, "grossProfitRatio": 0.610143757, "researchAndDevelopmentExpenses": 0, "generalAndAdministrativeExpenses": 28217000, "sellingAndMarketingExpenses": 0, "sellingGeneralAndAdministrativeExpenses": 28217000, "otherExpenses": -13382000, "operatingExpenses": 376705000, "costAndExpenses": 782651000, "interestIncome": 0, "interestExpense": 163675000, "depreciationAndAmortization": 348488000, "ebitda": 650667000, "ebitdaratio": 0.6248776735, "operatingIncome": 258620000, "operatingIncomeRatio": 0.2483695407, "totalOtherIncomeExpensesNet": 460616000, "incomeBeforeTax": 555561000, "incomeBeforeTaxRatio": 0.5335412203, "incomeTaxExpense": 722000, "netIncome": 516995000, "netIncomeRatio": 0.496503792, "eps": 3.59, "epsdiluted": 3.59, "weightedAverageShsOut": 143985036, "weightedAverageShsOutDil": 143985036, "link": "https://www.sec.gov/Archives/edgar/data/912242/000091224217000003/0000912242-17-000003-index.htm", "finalLink": "https://www.sec.gov/Archives/edgar/data/912242/000091224217000003/mac-2016x1231x10k.htm", "calculatedOtherExpenses": 348488000, "calculatedOperatingExpenses": 376705000, "calculatedNetInterest": -163675000, "calculatedOtherIncome": 460616000, "calculatedIncomeNonControlling": 37844000, "calculatedEbitda": 607108000}, {"date": "2015-12-31", "symbol": "MAC", "reportedCurrency": "USD", "cik": "0000912242", "fillingDate": "2016-02-23", "acceptedDate": "2016-02-23 14:22:27", "calendarYear": "2015", "period": "FY", "revenue": 1288149000, "costOfRevenue": 472155000, "grossProfit": 815994000, "grossProfitRatio": 0.6334624333, "researchAndDevelopmentExpenses": 0, "generalAndAdministrativeExpenses": 29870000, "sellingAndMarketingExpenses": 0, "sellingGeneralAndAdministrativeExpenses": 29870000, "otherExpenses": 10285000, "operatingExpenses": 494342000, "costAndExpenses": 966497000, "interestIncome": 0, "interestExpense": 211943000, "depreciationAndAmortization": 464472000, "ebitda": 841573000, "ebitdaratio": 0.6533196082, "operatingIncome": 321652000, "operatingIncomeRatio": 0.2497009275, "totalOtherIncomeExpensesNet": 409980000, "incomeBeforeTax": 519689000, "incomeBeforeTaxRatio": 0.4034385774, "incomeTaxExpense": -3223000, "netIncome": 487562000, "netIncomeRatio": 0.3784981396, "eps": 3.16, "epsdiluted": 3.16, "weightedAverageShsOut": 154404986, "weightedAverageShsOutDil": 154404986, "link": "https://www.sec.gov/Archives/edgar/data/912242/000091224216000020/0000912242-16-000020-index.htm", "finalLink": "https://www.sec.gov/Archives/edgar/data/912242/000091224216000020/mac-2015x1231x10k.htm", "calculatedOtherExpenses": 464472000, "calculatedOperatingExpenses": 494342000, "calculatedNetInterest": -211943000, "calculatedOtherIncome": 409980000, "calculatedIncomeNonControlling": 35350000, "calculatedEbitda": 786124000}, {"date": "2014-12-31", "symbol": "MAC", "reportedCurrency": "USD", "cik": "0000912242", "fillingDate": "2015-02-23", "acceptedDate": "2015-02-23 14:20:21", "calendarYear": "2014", "period": "FY", "revenue": 1105247000, "costOfRevenue": 441929000, "grossProfit": 663318000, "grossProfitRatio": 0.6001536308, "researchAndDevelopmentExpenses": 0, "generalAndAdministrativeExpenses": 29412000, "sellingAndMarketingExpenses": 0, "sellingGeneralAndAdministrativeExpenses": 29412000, "otherExpenses": 1413646000, "operatingExpenses": 408128000, "costAndExpenses": 850057000, "interestIncome": 0, "interestExpense": 190689000, "depreciationAndAmortization": 378716000, "ebitda": 2108178000, "ebitdaratio": 1.9074270276, "operatingIncome": 255190000, "operatingIncomeRatio": 0.2308895659, "totalOtherIncomeExpensesNet": 1538161000, "incomeBeforeTax": 1602662000, "incomeBeforeTaxRatio": 1.4500487221, "incomeTaxExpense": -4269000, "netIncome": 1499042000, "netIncomeRatio": 1.356295923, "eps": 9.48, "epsdiluted": 9.48, "weightedAverageShsOut": 158201996, "weightedAverageShsOutDil": 158201996, "link": "https://www.sec.gov/Archives/edgar/data/912242/000091224215000005/0000912242-15-000005-index.htm", "finalLink": "https://www.sec.gov/Archives/edgar/data/912242/000091224215000005/mac-2014x1231x10k.htm", "calculatedOtherExpenses": 378716000, "calculatedOperatingExpenses": 408128000, "calculatedNetInterest": -190689000, "calculatedOtherIncome": 1538161000, "calculatedIncomeNonControlling": 107889000, "calculatedEbitda": 633906000}, {"date": "2013-12-31", "symbol": "MAC", "reportedCurrency": "USD", "cik": "0000912242", "fillingDate": "2014-02-21", "acceptedDate": "2014-02-21 12:40:37", "calendarYear": "2013", "period": "FY", "revenue": 1029475000, "costOfRevenue": 423256000, "grossProfit": 606219000, "grossProfitRatio": 0.5888622842, "researchAndDevelopmentExpenses": 0, "generalAndAdministrativeExpenses": 27772000, "sellingAndMarketingExpenses": 0, "sellingGeneralAndAdministrativeExpenses": 27772000, "otherExpenses": -35716000, "operatingExpenses": 384937000, "costAndExpenses": 808193000, "interestIncome": 0, "interestExpense": 197247000, "depreciationAndAmortization": 357165000, "ebitda": 710311000, "ebitdaratio": 0.6899740159, "operatingIncome": 221282000, "operatingIncomeRatio": 0.2149464533, "totalOtherIncomeExpensesNet": 133296000, "incomeBeforeTax": 157331000, "incomeBeforeTaxRatio": 0.1528264407, "incomeTaxExpense": -1692000, "netIncome": 420090000, "netIncomeRatio": 0.4080623619, "eps": 159023, "epsdiluted": 159023, "weightedAverageShsOut": 139598108, "weightedAverageShsOutDil": 140733683, "link": "https://www.sec.gov/Archives/edgar/data/912242/000091224214000003/0000912242-14-000003-index.htm", "finalLink": "https://www.sec.gov/Archives/edgar/data/912242/000091224214000003/mac-2013x1231x10k.htm", "calculatedOtherExpenses": 357165000, "calculatedOperatingExpenses": 384937000, "calculatedNetInterest": -197247000, "calculatedOtherIncome": 133296000, "calculatedIncomeNonControlling": -261067000, "calculatedEbitda": 578447000}, {"date": "2012-12-31", "symbol": "MAC", "reportedCurrency": "USD", "cik": "0000912242", "fillingDate": "2013-02-22", "acceptedDate": "2013-02-22 16:01:02", "calendarYear": "2012", "period": "FY", "revenue": 881323000, "costOfRevenue": 366141000, "grossProfit": 515182000, "grossProfitRatio": 0.5845552652, "researchAndDevelopmentExpenses": 0, "generalAndAdministrativeExpenses": 20412000, "sellingAndMarketingExpenses": 0, "sellingGeneralAndAdministrativeExpenses": 20412000, "otherExpenses": 198145000, "operatingExpenses": 322965000, "costAndExpenses": 689106000, "interestIncome": 0, "interestExpense": 176778000, "depreciationAndAmortization": 302553000, "ebitda": 772196000, "ebitdaratio": 0.8761782003, "operatingIncome": 192217000, "operatingIncomeRatio": 0.2181005148, "totalOtherIncomeExpensesNet": 277426000, "incomeBeforeTax": 292865000, "incomeBeforeTaxRatio": 0.3323015512, "incomeTaxExpense": -4159000, "netIncome": 337426000, "netIncomeRatio": 0.3828630366, "eps": 2.45, "epsdiluted": 2.45, "weightedAverageShsOut": 134067038, "weightedAverageShsOutDil": 137507010, "link": "https://www.sec.gov/Archives/edgar/data/912242/000104746913001491/0001047469-13-001491-index.htm", "finalLink": "https://www.sec.gov/Archives/edgar/data/912242/000104746913001491/a2212822z10-k.htm", "calculatedOtherExpenses": 302553000, "calculatedOperatingExpenses": 322965000, "calculatedNetInterest": -176778000, "calculatedOtherIncome": 277426000, "calculatedIncomeNonControlling": -40402000, "calculatedEbitda": 494770000}, {"date": "2011-12-31", "symbol": "MAC", "reportedCurrency": "USD", "cik": "0000912242", "fillingDate": "2012-02-24", "acceptedDate": "2012-02-24 14:55:55", "calendarYear": "2011", "period": "FY", "revenue": 791250000, "costOfRevenue": 342404000, "grossProfit": 448846000, "grossProfitRatio": 0.5672619273, "researchAndDevelopmentExpenses": 0, "generalAndAdministrativeExpenses": 21113000, "sellingAndMarketingExpenses": 0, "sellingGeneralAndAdministrativeExpenses": 21113000, "otherExpenses": 265331000, "operatingExpenses": 286444000, "costAndExpenses": 628848000, "interestIncome": 0, "interestExpense": 195285000, "depreciationAndAmortization": 282643000, "ebitda": 739722000, "ebitdaratio": 0.9348777251, "operatingIncome": 162402000, "operatingIncomeRatio": 0.2052473934, "totalOtherIncomeExpensesNet": 236004000, "incomeBeforeTax": 203121000, "incomeBeforeTaxRatio": 0.2567090047, "incomeTaxExpense": -6110000, "netIncome": 156866000, "netIncomeRatio": 0.1982508689, "eps": 1.18, "epsdiluted": 1.18, "weightedAverageShsOut": 131628000, "weightedAverageShsOutDil": 131628000, "link": "https://www.sec.gov/Archives/edgar/data/912242/000104746912001454/0001047469-12-001454-index.htm", "finalLink": "https://www.sec.gov/Archives/edgar/data/912242/000104746912001454/a2207040z10-k.htm", "calculatedOtherExpenses": 265331000, "calculatedOperatingExpenses": 286444000, "calculatedNetInterest": -195285000, "calculatedOtherIncome": 236004000, "calculatedIncomeNonControlling": 52365000, "calculatedEbitda": 445045000}, {"date": "2010-12-31", "symbol": "MAC", "reportedCurrency": "USD", "cik": "0000912242", "fillingDate": "2011-02-25", "acceptedDate": "2011-02-25 14:20:14", "calendarYear": "2010", "period": "FY", "revenue": 758559000, "costOfRevenue": 336292000, "grossProfit": 422267000, "grossProfitRatio": 0.5566699492, "researchAndDevelopmentExpenses": 0, "generalAndAdministrativeExpenses": 20703000, "sellingAndMarketingExpenses": 0, "sellingGeneralAndAdministrativeExpenses": 20703000, "otherExpenses": 246812000, "operatingExpenses": 267515000, "costAndExpenses": 603807000, "interestIncome": 0, "interestExpense": 212818000, "depreciationAndAmortization": 260252000, "ebitda": 520259000, "ebitdaratio": 0.6858517268, "operatingIncome": 154752000, "operatingIncomeRatio": 0.2040078623, "totalOtherIncomeExpensesNet": 70172000, "incomeBeforeTax": 37832000, "incomeBeforeTaxRatio": 0.0498735102, "incomeTaxExpense": 9202000, "netIncome": 25190000, "netIncomeRatio": 0.0332077004, "eps": 0.19, "epsdiluted": 0.19, "weightedAverageShsOut": 120346000, "weightedAverageShsOutDil": 120346000, "link": "https://www.sec.gov/Archives/edgar/data/912242/000104746911001377/0001047469-11-001377-index.htm", "finalLink": "https://www.sec.gov/Archives/edgar/data/912242/000104746911001377/a2201763z10-k.htm", "calculatedOtherExpenses": 246812000, "calculatedOperatingExpenses": 267515000, "calculatedNetInterest": -212818000, "calculatedOtherIncome": 95898000, "calculatedIncomeNonControlling": 3440000, "calculatedEbitda": 415004000}, {"date": "2009-12-31", "symbol": "MAC", "reportedCurrency": "USD", "cik": "0000912242", "fillingDate": "2010-02-26", "acceptedDate": "2010-02-26 12:57:11", "calendarYear": "2009", "period": "FY", "revenue": 805654000, "costOfRevenue": 337479000, "grossProfit": 468175000, "grossProfitRatio": 0.5811117428, "researchAndDevelopmentExpenses": 0, "generalAndAdministrativeExpenses": 25933000, "sellingAndMarketingExpenses": 0, "sellingGeneralAndAdministrativeExpenses": 25933000, "otherExpenses": 262063000, "operatingExpenses": 283235000, "costAndExpenses": 620714000, "interestIncome": 0, "interestExpense": 267045000, "depreciationAndAmortization": 262063000, "ebitda": 255905000, "ebitdaratio": 0.3176363551, "operatingIncome": 180179000, "operatingIncomeRatio": 0.223643152, "totalOtherIncomeExpensesNet": 256996000, "incomeBeforeTax": 170130000, "incomeBeforeTaxRatio": 0.2111700556, "incomeTaxExpense": -4761000, "netIncome": 120742000, "netIncomeRatio": 0.1498683057, "eps": 1.45, "epsdiluted": 1.45, "weightedAverageShsOut": 81226000, "weightedAverageShsOutDil": 81226000, "link": "https://www.sec.gov/Archives/edgar/data/912242/000104746910001497/0001047469-10-001497-index.htm", "finalLink": "https://www.sec.gov/Archives/edgar/data/912242/000104746910001497/a2196442z10-k.htm", "calculatedOtherExpenses": 262063000, "calculatedOperatingExpenses": 287996000, "calculatedNetInterest": -267045000, "calculatedOtherIncome": 256996000, "calculatedIncomeNonControlling": 54149000, "calculatedEbitda": 442242000}, {"date": "2008-12-31", "symbol": "MAC", "reportedCurrency": "USD", "cik": "0000912242", "fillingDate": "2009-02-27", "acceptedDate": "2009-02-27 16:06:49", "calendarYear": "2008", "period": "FY", "revenue": 439847000, "costOfRevenue": 364149000, "grossProfit": 75698000, "grossProfitRatio": 0.1721007532, "researchAndDevelopmentExpenses": 0, "generalAndAdministrativeExpenses": 16520000, "sellingAndMarketingExpenses": 0, "sellingGeneralAndAdministrativeExpenses": 16520000, "otherExpenses": 277827000, "operatingExpenses": 350404000, "costAndExpenses": 350404000, "interestIncome": 0, "interestExpense": 281356000, "depreciationAndAmortization": 96441000, "ebitda": 185884000, "ebitdaratio": 0.4226105896, "operatingIncome": 242994000, "operatingIncomeRatio": 0.5524511933, "totalOtherIncomeExpensesNet": -34989000, "incomeBeforeTax": 148998000, "incomeBeforeTaxRatio": 0.3387496107, "incomeTaxExpense": 1126000, "netIncome": 93831000, "netIncomeRatio": 0.2133264522, "eps": 1.19, "epsdiluted": 1.19, "weightedAverageShsOut": 76492918, "weightedAverageShsOutDil": 89774957, "link": "https://www.sec.gov/Archives/edgar/data/912242/000104746909001981/0001047469-09-001981-index.htm", "finalLink": "https://www.sec.gov/Archives/edgar/data/912242/000104746909001981/a2189901z10-k.htm", "calculatedOtherExpenses": -183816000, "calculatedOperatingExpenses": -167296000, "calculatedNetInterest": -281356000, "calculatedOtherIncome": 187360000, "calculatedIncomeNonControlling": 54041000, "calculatedEbitda": 339435000}, {"date": "2007-12-31", "symbol": "MAC", "reportedCurrency": "USD", "cik": "0000912242", "fillingDate": "2008-02-27", "acceptedDate": "2008-02-27 16:09:43", "calendarYear": "2007", "period": "FY", "revenue": 896368000, "costOfRevenue": 73761000, "grossProfit": 822607000, "grossProfitRatio": 0.9177112525, "researchAndDevelopmentExpenses": 0, "generalAndAdministrativeExpenses": 16600000, "sellingAndMarketingExpenses": 0, "sellingGeneralAndAdministrativeExpenses": 16600000, "otherExpenses": 594689000, "operatingExpenses": 611289000, "costAndExpenses": 611289000, "interestIncome": 0, "interestExpense": 0, "depreciationAndAmortization": 243095000, "ebitda": 529051000, "ebitdaratio": 0.5902162951, "operatingIncome": 285079000, "operatingIncomeRatio": 0.3180379041, "totalOtherIncomeExpensesNet": -877000, "incomeBeforeTax": 110350000, "incomeBeforeTaxRatio": 0.12310792, "incomeTaxExpense": -470000, "netIncome": 96540000, "netIncomeRatio": 0.1077013013, "eps": 0.99, "epsdiluted": 0.98, "weightedAverageShsOut": 74499834, "weightedAverageShsOutDil": 87986372, "link": "https://www.sec.gov/Archives/edgar/data/912242/000104746908001823/0001047469-08-001823-index.htm", "finalLink": "https://www.sec.gov/Archives/edgar/data/912242/000104746908001823/a2182865z10-k.htm", "calculatedOtherExpenses": 520928000, "calculatedOperatingExpenses": 537528000, "calculatedNetInterest": 0, "calculatedOtherIncome": -174729000, "calculatedIncomeNonControlling": 14280000, "calculatedEbitda": 528174000}, {"date": "2006-12-31", "symbol": "MAC", "reportedCurrency": "USD", "cik": "0000912242", "fillingDate": "2007-02-27", "acceptedDate": "2007-02-27 16:04:55", "calendarYear": "2006", "period": "FY", "revenue": 829656000, "costOfRevenue": 99494000, "grossProfit": 730162000, "grossProfitRatio": 0.8800780082, "researchAndDevelopmentExpenses": 0, "generalAndAdministrativeExpenses": 13532000, "sellingAndMarketingExpenses": 0, "sellingGeneralAndAdministrativeExpenses": 13532000, "otherExpenses": 543073000, "operatingExpenses": 556605000, "costAndExpenses": 556605000, "interestIncome": 0, "interestExpense": 0, "depreciationAndAmortization": 236670000, "ebitda": 509721000, "ebitdaratio": 0.6143763198, "operatingIncome": 273051000, "operatingIncomeRatio": 0.3291135121, "totalOtherIncomeExpensesNet": 173385000, "incomeBeforeTax": 252325000, "incomeBeforeTaxRatio": 0.304132074, "incomeTaxExpense": -33000, "netIncome": 252358000, "netIncomeRatio": 0.3041718495, "eps": 3.1, "epsdiluted": 3.07, "weightedAverageShsOut": 73521977, "weightedAverageShsOutDil": 91409909, "link": "https://www.sec.gov/Archives/edgar/data/912242/000104746907001438/0001047469-07-001438-index.htm", "finalLink": "https://www.sec.gov/Archives/edgar/data/912242/000104746907001438/a2175451z10-k.htm", "calculatedOtherExpenses": 443579000, "calculatedOperatingExpenses": 457111000, "calculatedNetInterest": 0, "calculatedOtherIncome": -20726000, "calculatedIncomeNonControlling": 0, "calculatedEbitda": 509721000}, {"date": "2005-12-31", "symbol": "MAC", "reportedCurrency": "USD", "cik": "0000912242", "fillingDate": "2006-03-09", "acceptedDate": "2006-03-09 15:21:35", "calendarYear": "2005", "period": "FY", "revenue": 767385000, "costOfRevenue": 52839000, "grossProfit": 714546000, "grossProfitRatio": 0.9311440802, "researchAndDevelopmentExpenses": 0, "generalAndAdministrativeExpenses": 12106000, "sellingAndMarketingExpenses": 0, "sellingGeneralAndAdministrativeExpenses": 12106000, "otherExpenses": 502689000, "operatingExpenses": 514795000, "costAndExpenses": 514795000, "interestIncome": 0, "interestExpense": 249910000, "depreciationAndAmortization": 208932000, "ebitda": 461522000, "ebitdaratio": 0.6014217114, "operatingIncome": 252590000, "operatingIncomeRatio": 0.3291568118, "totalOtherIncomeExpensesNet": -8950000, "incomeBeforeTax": 71686000, "incomeBeforeTaxRatio": 0.0934159516, "incomeTaxExpense": 171954000, "netIncome": 71686000, "netIncomeRatio": 0.0934159516, "eps": 0.86, "epsdiluted": 0.85, "weightedAverageShsOut": 61535443, "weightedAverageShsOutDil": 76373541, "link": "https://www.sec.gov/Archives/edgar/data/912242/000104746906003117/0001047469-06-003117-index.htm", "finalLink": "https://www.sec.gov/Archives/edgar/data/912242/000104746906003117/a2167716z10-k.htm", "calculatedOtherExpenses": 449850000, "calculatedOperatingExpenses": 461956000, "calculatedNetInterest": -249910000, "calculatedOtherIncome": 69006000, "calculatedIncomeNonControlling": -171954000, "calculatedEbitda": 461522000}, {"date": "2004-12-31", "symbol": "MAC", "reportedCurrency": "USD", "cik": "0000912242", "fillingDate": "2005-03-25", "acceptedDate": "2005-03-25 09:01:33", "calendarYear": "2004", "period": "FY", "revenue": 547268000, "costOfRevenue": 38298000, "grossProfit": 508970000, "grossProfitRatio": 0.9300196613, "researchAndDevelopmentExpenses": 0, "generalAndAdministrativeExpenses": 11077000, "sellingAndMarketingExpenses": 0, "sellingGeneralAndAdministrativeExpenses": 11077000, "otherExpenses": 345377000, "operatingExpenses": 356454000, "costAndExpenses": 356454000, "interestIncome": 0, "interestExpense": 146327000, "depreciationAndAmortization": 146378000, "ebitda": 336265000, "ebitdaratio": 0.6144430151, "operatingIncome": 190814000, "operatingIncomeRatio": 0.3486664669, "totalOtherIncomeExpensesNet": 927000, "incomeBeforeTax": 91633000, "incomeBeforeTaxRatio": 0.1674371606, "incomeTaxExpense": 99181000, "netIncome": 91633000, "netIncomeRatio": 0.1674371606, "eps": 1.36, "epsdiluted": 1.35, "weightedAverageShsOut": 60732680, "weightedAverageShsOutDil": 61166485, "link": "https://www.sec.gov/Archives/edgar/data/912242/000104746905007754/0001047469-05-007754-index.htm", "finalLink": "https://www.sec.gov/Archives/edgar/data/912242/000104746905007754/a2152838z10-k.htm", "calculatedOtherExpenses": 307079000, "calculatedOperatingExpenses": 318156000, "calculatedNetInterest": -146327000, "calculatedOtherIncome": 47146000, "calculatedIncomeNonControlling": -99181000, "calculatedEbitda": 337192000}, {"date": "2003-12-31", "symbol": "MAC", "reportedCurrency": "USD", "cik": "0000912242", "fillingDate": "2004-03-12", "acceptedDate": "2004-03-12 16:18:07", "calendarYear": "2003", "period": "FY", "revenue": 486004000, "costOfRevenue": 0, "grossProfit": 486004000, "grossProfitRatio": 1, "researchAndDevelopmentExpenses": 0, "generalAndAdministrativeExpenses": 10724000, "sellingAndMarketingExpenses": 0, "sellingGeneralAndAdministrativeExpenses": 10724000, "otherExpenses": 280376000, "operatingExpenses": 291100000, "costAndExpenses": 291100000, "interestIncome": 0, "interestExpense": 132512000, "depreciationAndAmortization": 109029000, "ebitda": 291513000, "ebitdaratio": 0.5998160509, "operatingIncome": 194904000, "operatingIncomeRatio": 0.4010337363, "totalOtherIncomeExpensesNet": 12420000, "incomeBeforeTax": 128034000, "incomeBeforeTaxRatio": 0.2634422762, "incomeTaxExpense": 66870000, "netIncome": 128034000, "netIncomeRatio": 0.2634422762, "eps": 2.03, "epsdiluted": 2.01, "weightedAverageShsOut": 55700294, "weightedAverageShsOutDil": 56233311, "link": "https://www.sec.gov/Archives/edgar/data/912242/000104746904007699/0001047469-04-007699-index.htm", "finalLink": "https://www.sec.gov/Archives/edgar/data/912242/000104746904007699/a2130493z10-k.htm", "calculatedOtherExpenses": 280376000, "calculatedOperatingExpenses": 291100000, "calculatedNetInterest": -132512000, "calculatedOtherIncome": 65642000, "calculatedIncomeNonControlling": -66870000, "calculatedEbitda": 303933000}, {"date": "2002-12-31", "symbol": "MAC", "reportedCurrency": "USD", "cik": "0000912242", "fillingDate": "2003-03-27", "acceptedDate": "2003-03-27 17:28:20", "calendarYear": "2002", "period": "FY", "revenue": 378924000, "costOfRevenue": 0, "grossProfit": 378924000, "grossProfitRatio": 1, "researchAndDevelopmentExpenses": 0, "generalAndAdministrativeExpenses": 8270000, "sellingAndMarketingExpenses": 0, "sellingGeneralAndAdministrativeExpenses": 8270000, "otherExpenses": 208162000, "operatingExpenses": 216432000, "costAndExpenses": 216432000, "interestIncome": 0, "interestExpense": 122934000, "depreciationAndAmortization": 78837000, "ebitda": 245149000, "ebitdaratio": 0.6469608681, "operatingIncome": 162492000, "operatingIncomeRatio": 0.4288247775, "totalOtherIncomeExpensesNet": -3820000, "incomeBeforeTax": 81382000, "incomeBeforeTaxRatio": 0.2147712998, "incomeTaxExpense": 81110000, "netIncome": 81382000, "netIncomeRatio": 0.2147712998, "eps": 1.57, "epsdiluted": 1.56, "weightedAverageShsOut": 38825534, "weightedAverageShsOutDil": 39065198, "link": "https://www.sec.gov/Archives/edgar/data/912242/000104746903010602/0001047469-03-010602-index.htm", "finalLink": "https://www.sec.gov/Archives/edgar/data/912242/000104746903010602/a2106074z10-k.htm", "calculatedOtherExpenses": 208162000, "calculatedOperatingExpenses": 216432000, "calculatedNetInterest": -122934000, "calculatedOtherIncome": 41824000, "calculatedIncomeNonControlling": -81110000, "calculatedEbitda": 241329000}, {"date": "2001-12-31", "symbol": "MAC", "reportedCurrency": "USD", "cik": "0000912242", "fillingDate": "2002-03-25", "acceptedDate": "2002-03-25 00:00:00", "calendarYear": "2001", "period": "FY", "revenue": 334573000, "costOfRevenue": 0, "grossProfit": 334573000, "grossProfitRatio": 1, "researchAndDevelopmentExpenses": 0, "generalAndAdministrativeExpenses": 6780000, "sellingAndMarketingExpenses": 0, "sellingGeneralAndAdministrativeExpenses": 6780000, "otherExpenses": 176810000, "operatingExpenses": 183590000, "costAndExpenses": 183590000, "interestIncome": 0, "interestExpense": 109646000, "depreciationAndAmortization": 65983000, "ebitda": 192475000, "ebitdaratio": 0.5752855132, "operatingIncome": 150983000, "operatingIncomeRatio": 0.4512707242, "totalOtherIncomeExpensesNet": 24491000, "incomeBeforeTax": 77723000, "incomeBeforeTaxRatio": 0.2323050575, "incomeTaxExpense": 73260000, "netIncome": 77723000, "netIncomeRatio": 0.2323050575, "eps": 1.66, "epsdiluted": 1.66, "weightedAverageShsOut": 35025634, "weightedAverageShsOutDil": 35025634, "link": "https://www.sec.gov/Archives/edgar/data/912242/000091205702011264/0000912057-02-011264-index.htm", "finalLink": "https://www.sec.gov/Archives/edgar/data/912242/000091205702011264/a2073846z10-k.htm", "calculatedOtherExpenses": 176810000, "calculatedOperatingExpenses": 183590000, "calculatedNetInterest": -109646000, "calculatedOtherIncome": 36386000, "calculatedIncomeNonControlling": -73260000, "calculatedEbitda": 216966000}, {"date": "2000-12-31", "symbol": "MAC", "reportedCurrency": "USD", "cik": "0000912242", "fillingDate": "2001-03-29", "acceptedDate": "2001-03-29 00:00:00", "calendarYear": "2000", "period": "FY", "revenue": 320092000, "costOfRevenue": 0, "grossProfit": 320092000, "grossProfitRatio": 1, "researchAndDevelopmentExpenses": 0, "generalAndAdministrativeExpenses": 5509000, "sellingAndMarketingExpenses": 0, "sellingGeneralAndAdministrativeExpenses": 5509000, "otherExpenses": 163321000, "operatingExpenses": 168830000, "costAndExpenses": 168830000, "interestIncome": 0, "interestExpense": 0, "depreciationAndAmortization": 61647000, "ebitda": 212909000, "ebitdaratio": 0.6651493945, "operatingIncome": 151262000, "operatingIncomeRatio": 0.4725578896, "totalOtherIncomeExpensesNet": 0, "incomeBeforeTax": 0, "incomeBeforeTaxRatio": 0, "incomeTaxExpense": 94333000, "netIncome": 56929000, "netIncomeRatio": 0.1778519926, "eps": 1.07, "epsdiluted": 1.07, "weightedAverageShsOut": 35510233, "weightedAverageShsOutDil": 35510233, "link": "https://www.sec.gov/Archives/edgar/data/912242/000091205701505482/0000912057-01-505482-index.htm", "finalLink": "https://www.sec.gov/Archives/edgar/data/912242/000091205701505482/a2042811z10-k.htm", "calculatedOtherExpenses": 163321000, "calculatedOperatingExpenses": 168830000, "calculatedNetInterest": 0, "calculatedOtherIncome": -151262000, "calculatedIncomeNonControlling": -151262000, "calculatedEbitda": 212909000}, {"date": "1999-12-31", "symbol": "MAC", "reportedCurrency": "USD", "cik": "0000912242", "fillingDate": "2000-03-21", "acceptedDate": "2000-03-21 00:00:00", "calendarYear": "1999", "period": "FY", "revenue": 327444000, "costOfRevenue": 0, "grossProfit": 327444000, "grossProfitRatio": 1, "researchAndDevelopmentExpenses": 0, "generalAndAdministrativeExpenses": 5488000, "sellingAndMarketingExpenses": 0, "sellingGeneralAndAdministrativeExpenses": 5488000, "otherExpenses": 161710000, "operatingExpenses": 167198000, "costAndExpenses": 167198000, "interestIncome": 0, "interestExpense": 0, "depreciationAndAmortization": 61383000, "ebitda": 221629000, "ebitdaratio": 0.6768455064, "operatingIncome": 160246000, "operatingIncomeRatio": 0.4893844444, "totalOtherIncomeExpensesNet": 0, "incomeBeforeTax": 0, "incomeBeforeTaxRatio": 0, "incomeTaxExpense": 31235000, "netIncome": 129011000, "netIncomeRatio": 0.3939940875, "eps": 3.14, "epsdiluted": 2.88, "weightedAverageShsOut": 35301469, "weightedAverageShsOutDil": 63210879, "link": "https://www.sec.gov/Archives/edgar/data/912242/000091205700012669/0000912057-00-012669-index.html", "finalLink": "https://www.sec.gov/Archives/edgar/data/912242/000091205700012669/", "calculatedOtherExpenses": 161710000, "calculatedOperatingExpenses": 167198000, "calculatedNetInterest": 0, "calculatedOtherIncome": -160246000, "calculatedIncomeNonControlling": -160246000, "calculatedEbitda": 221629000}, {"date": "1998-12-31", "symbol": "MAC", "reportedCurrency": "USD", "cik": "0000912242", "fillingDate": "1999-03-30", "acceptedDate": "1999-03-30 00:00:00", "calendarYear": "1998", "period": "FY", "revenue": 283861000, "costOfRevenue": 0, "grossProfit": 283861000, "grossProfitRatio": 1, "researchAndDevelopmentExpenses": 0, "generalAndAdministrativeExpenses": 4373000, "sellingAndMarketingExpenses": 0, "sellingGeneralAndAdministrativeExpenses": 4373000, "otherExpenses": 143132000, "operatingExpenses": 147505000, "costAndExpenses": 147505000, "interestIncome": 0, "interestExpense": 0, "depreciationAndAmortization": 53141000, "ebitda": 189497000, "ebitdaratio": 0.6675696908, "operatingIncome": 136356000, "operatingIncomeRatio": 0.4803618673, "totalOtherIncomeExpensesNet": 0, "incomeBeforeTax": 0, "incomeBeforeTaxRatio": 0, "incomeTaxExpense": 92281000, "netIncome": 44075000, "netIncomeRatio": 0.1552696566, "eps": 1.02, "epsdiluted": 1.02, "weightedAverageShsOut": 31977586, "weightedAverageShsOutDil": 45288690, "link": "https://www.sec.gov/Archives/edgar/data/912242/000104746999012492/0001047469-99-012492-index.html", "finalLink": "https://www.sec.gov/Archives/edgar/data/912242/", "calculatedOtherExpenses": 143132000, "calculatedOperatingExpenses": 147505000, "calculatedNetInterest": 0, "calculatedOtherIncome": -136356000, "calculatedIncomeNonControlling": -136356000, "calculatedEbitda": 189497000}, {"date": "1997-12-31", "symbol": "MAC", "reportedCurrency": "USD", "cik": "0000912242", "fillingDate": "1998-03-26", "acceptedDate": "1998-03-26 00:00:00", "calendarYear": "1997", "period": "FY", "revenue": 221214000, "costOfRevenue": 0, "grossProfit": 221214000, "grossProfitRatio": 1, "researchAndDevelopmentExpenses": 0, "generalAndAdministrativeExpenses": 2759000, "sellingAndMarketingExpenses": 0, "sellingGeneralAndAdministrativeExpenses": 2759000, "otherExpenses": 112436000, "operatingExpenses": 115195000, "costAndExpenses": 115195000, "interestIncome": 0, "interestExpense": 0, "depreciationAndAmortization": 41535000, "ebitda": 147554000, "ebitdaratio": 0.6670192664, "operatingIncome": 106019000, "operatingIncomeRatio": 0.4792599022, "totalOtherIncomeExpensesNet": 0, "incomeBeforeTax": 0, "incomeBeforeTaxRatio": 0, "incomeTaxExpense": 83973000, "netIncome": 22046000, "netIncomeRatio": 0.0996591536, "eps": 0.82, "epsdiluted": 0.82, "weightedAverageShsOut": 26876535, "weightedAverageShsOutDil": 39864802, "link": "https://www.sec.gov/Archives/edgar/data/912242/000104746998011649/0001047469-98-011649-index.html", "finalLink": "https://www.sec.gov/Archives/edgar/data/912242/", "calculatedOtherExpenses": 112436000, "calculatedOperatingExpenses": 115195000, "calculatedNetInterest": 0, "calculatedOtherIncome": -106019000, "calculatedIncomeNonControlling": -106019000, "calculatedEbitda": 147554000}, {"date": "1996-12-31", "symbol": "MAC", "reportedCurrency": "USD", "cik": "0000912242", "fillingDate": "1997-03-25", "acceptedDate": "1997-03-25 00:00:00", "calendarYear": "1996", "period": "FY", "revenue": 155059000, "costOfRevenue": 0, "grossProfit": 155059000, "grossProfitRatio": 1, "researchAndDevelopmentExpenses": 0, "generalAndAdministrativeExpenses": 2378000, "sellingAndMarketingExpenses": 0, "sellingGeneralAndAdministrativeExpenses": 2378000, "otherExpenses": 50792000, "operatingExpenses": 53170000, "costAndExpenses": 53170000, "interestIncome": 0, "interestExpense": 0, "depreciationAndAmortization": 32591000, "ebitda": 134480000, "ebitdaratio": 0.8672827762, "operatingIncome": 101889000, "operatingIncomeRatio": 0.6570982658, "totalOtherIncomeExpensesNet": 0, "incomeBeforeTax": 0, "incomeBeforeTaxRatio": 0, "incomeTaxExpense": 82978000, "netIncome": 18911000, "netIncomeRatio": 0.1219600281, "eps": 0.88, "epsdiluted": 0.86, "weightedAverageShsOut": 21572024, "weightedAverageShsOutDil": 21972717, "link": "https://www.sec.gov/Archives/edgar/data/912242/0000912242-97-000007-index.html", "finalLink": "https://www.sec.gov/Archives/edgar/data/912242/0000912242-97-000007.txt", "calculatedOtherExpenses": 50792000, "calculatedOperatingExpenses": 53170000, "calculatedNetInterest": 0, "calculatedOtherIncome": -101889000, "calculatedIncomeNonControlling": -101889000, "calculatedEbitda": 134480000}, {"date": "1995-12-31", "symbol": "MAC", "reportedCurrency": "USD", "cik": "0000912242", "fillingDate": "1995-12-31", "acceptedDate": "1995-12-30 19:00:00", "calendarYear": "1995", "period": "FY", "revenue": 105700000, "costOfRevenue": 0, "grossProfit": 105700000, "grossProfitRatio": 1, "researchAndDevelopmentExpenses": 0, "generalAndAdministrativeExpenses": 2000000, "sellingAndMarketingExpenses": 0, "sellingGeneralAndAdministrativeExpenses": 2000000, "otherExpenses": 0, "operatingExpenses": -57300000, "costAndExpenses": -57300000, "interestIncome": 0, "interestExpense": 0, "depreciationAndAmortization": 26300000, "ebitda": 189300000, "ebitdaratio": 1.7909176916, "operatingIncome": 163000000, "operatingIncomeRatio": 1.5421002838, "totalOtherIncomeExpensesNet": 0, "incomeBeforeTax": 0, "incomeBeforeTaxRatio": 0, "incomeTaxExpense": 151700000, "netIncome": 11300000, "netIncomeRatio": 0.1069063387, "eps": 0.7, "epsdiluted": 0.7, "weightedAverageShsOut": 16068674, "weightedAverageShsOutDil": 16068674, "link": "", "finalLink": "", "calculatedOtherExpenses": -59300000, "calculatedOperatingExpenses": -57300000, "calculatedNetInterest": 0, "calculatedOtherIncome": -163000000, "calculatedIncomeNonControlling": -163000000, "calculatedEbitda": 189300000}, {"date": "1994-12-31", "symbol": "MAC", "reportedCurrency": "USD", "cik": "0000912242", "fillingDate": "1994-12-31", "acceptedDate": "1994-12-30 19:00:00", "calendarYear": "1994", "period": "FY", "revenue": 74500000, "costOfRevenue": 0, "grossProfit": 74500000, "grossProfitRatio": 1, "researchAndDevelopmentExpenses": 0, "generalAndAdministrativeExpenses": 1500000, "sellingAndMarketingExpenses": 0, "sellingGeneralAndAdministrativeExpenses": 1500000, "otherExpenses": 0, "operatingExpenses": -41400000, "costAndExpenses": -41400000, "interestIncome": 0, "interestExpense": 0, "depreciationAndAmortization": 19200000, "ebitda": 135100000, "ebitdaratio": 1.8134228188, "operatingIncome": 115900000, "operatingIncomeRatio": 1.555704698, "totalOtherIncomeExpensesNet": 0, "incomeBeforeTax": 0, "incomeBeforeTaxRatio": 0, "incomeTaxExpense": 107300000, "netIncome": 8600000, "netIncomeRatio": 0.1154362416, "eps": 0.58, "epsdiluted": 0.58, "weightedAverageShsOut": 14878929, "weightedAverageShsOutDil": 14878929, "link": "", "finalLink": "", "calculatedOtherExpenses": -42900000, "calculatedOperatingExpenses": -41400000, "calculatedNetInterest": 0, "calculatedOtherIncome": -115900000, "calculatedIncomeNonControlling": -115900000, "calculatedEbitda": 135100000}]}