{"originalCurrency": "USD", "convertedCurrency": "USD", "report": [{"date": "2023-12-31", "symbol": "MAIN", "reportedCurrency": "USD", "cik": "0001396440", "fillingDate": "2024-02-23", "acceptedDate": "2024-02-23 11:12:09", "calendarYear": "2023", "period": "FY", "revenue": 401928000, "costOfRevenue": 0, "grossProfit": 401928000, "grossProfitRatio": 1, "researchAndDevelopmentExpenses": 0, "generalAndAdministrativeExpenses": -4008000, "sellingAndMarketingExpenses": 0, "sellingGeneralAndAdministrativeExpenses": -4008000, "otherExpenses": 151736000, "operatingExpenses": -151736000, "costAndExpenses": -151736000, "interestIncome": 500385000, "interestExpense": 102575000, "depreciationAndAmortization": -441594000, "ebitda": 553664000, "ebitdaratio": 1.3775203519, "operatingIncome": 553664000, "operatingIncomeRatio": 1.3775203519, "totalOtherIncomeExpensesNet": -102575000, "incomeBeforeTax": 451089000, "incomeBeforeTaxRatio": 1.1223129516, "incomeTaxExpense": 22642000, "netIncome": 428447000, "netIncomeRatio": 1.0659794789, "eps": 5.23, "epsdiluted": 5.23, "weightedAverageShsOut": 81916663, "weightedAverageShsOutDil": 81916663, "link": "https://www.sec.gov/Archives/edgar/data/1396440/000139644024000055/0001396440-24-000055-index.htm", "finalLink": "https://www.sec.gov/Archives/edgar/data/1396440/000139644024000055/main-20231231.htm", "calculatedOtherExpenses": -147728000, "calculatedOperatingExpenses": -151736000, "calculatedNetInterest": 397810000, "calculatedOtherIncome": -500385000, "calculatedIncomeNonControlling": 0, "calculatedEbitda": 112070000}, {"date": "2022-12-31", "symbol": "MAIN", "reportedCurrency": "USD", "cik": "0001396440", "fillingDate": "2023-02-24", "acceptedDate": "2023-02-24 11:27:33", "calendarYear": "2022", "period": "FY", "revenue": 331153000, "costOfRevenue": 0, "grossProfit": 331153000, "grossProfitRatio": 1, "researchAndDevelopmentExpenses": 0, "generalAndAdministrativeExpenses": 16050000, "sellingAndMarketingExpenses": 0, "sellingGeneralAndAdministrativeExpenses": 16050000, "otherExpenses": 50172000, "operatingExpenses": 66222000, "costAndExpenses": 66222000, "interestIncome": 376860000, "interestExpense": 78276000, "depreciationAndAmortization": -323603000, "ebitda": 343207000, "ebitdaratio": 1.036400093, "operatingIncome": 343207000, "operatingIncomeRatio": 1.036400093, "totalOtherIncomeExpensesNet": -78276000, "incomeBeforeTax": 264931000, "incomeBeforeTaxRatio": 0.8000259699, "incomeTaxExpense": 23325000, "netIncome": 241606000, "netIncomeRatio": 0.7295902498, "eps": 3.24, "epsdiluted": 3.24, "weightedAverageShsOut": 74482176, "weightedAverageShsOutDil": 74482176, "link": "https://www.sec.gov/Archives/edgar/data/1396440/000139644023000035/0001396440-23-000035-index.htm", "finalLink": "https://www.sec.gov/Archives/edgar/data/1396440/000139644023000035/main-20221231.htm", "calculatedOtherExpenses": -28104000, "calculatedOperatingExpenses": -12054000, "calculatedNetInterest": 298584000, "calculatedOtherIncome": -376860000, "calculatedIncomeNonControlling": 0, "calculatedEbitda": 19604000}, {"date": "2021-12-31", "symbol": "MAIN", "reportedCurrency": "USD", "cik": "0001396440", "fillingDate": "2022-02-25", "acceptedDate": "2022-02-25 15:45:16", "calendarYear": "2021", "period": "FY", "revenue": 411171000, "costOfRevenue": 0, "grossProfit": 411171000, "grossProfitRatio": 1, "researchAndDevelopmentExpenses": 0, "generalAndAdministrativeExpenses": 2217000, "sellingAndMarketingExpenses": 0, "sellingGeneralAndAdministrativeExpenses": 2217000, "otherExpenses": 45329000, "operatingExpenses": 47546000, "costAndExpenses": 47546000, "interestIncome": 289047000, "interestExpense": 58836000, "depreciationAndAmortization": -241501000, "ebitda": 363625000, "ebitdaratio": 0.8843644129, "operatingIncome": 363625000, "operatingIncomeRatio": 0.8843644129, "totalOtherIncomeExpensesNet": -58836000, "incomeBeforeTax": 363625000, "incomeBeforeTaxRatio": 0.8843644129, "incomeTaxExpense": 32863000, "netIncome": 330762000, "netIncomeRatio": 0.804439029, "eps": 4.8, "epsdiluted": 4.8, "weightedAverageShsOut": 68960923, "weightedAverageShsOutDil": 68960923, "link": "https://www.sec.gov/Archives/edgar/data/1396440/000155837022002131/0001558370-22-002131-index.htm", "finalLink": "https://www.sec.gov/Archives/edgar/data/1396440/000155837022002131/tmb-20211231x10k.htm", "calculatedOtherExpenses": 45329000, "calculatedOperatingExpenses": 47546000, "calculatedNetInterest": 230211000, "calculatedOtherIncome": -230211000, "calculatedIncomeNonControlling": 0, "calculatedEbitda": 122124000}, {"date": "2020-12-31", "symbol": "MAIN", "reportedCurrency": "USD", "cik": "0001396440", "fillingDate": "2021-02-26", "acceptedDate": "2021-02-26 11:39:04", "calendarYear": "2020", "period": "FY", "revenue": 50998000, "costOfRevenue": 0, "grossProfit": 50998000, "grossProfitRatio": 1, "researchAndDevelopmentExpenses": 0, "generalAndAdministrativeExpenses": 5273000, "sellingAndMarketingExpenses": 0, "sellingGeneralAndAdministrativeExpenses": 5273000, "otherExpenses": 29883000, "operatingExpenses": 35156000, "costAndExpenses": 35156000, "interestIncome": 222614000, "interestExpense": 49587000, "depreciationAndAmortization": -187532000, "ebitda": 15842000, "ebitdaratio": 0.3106396329, "operatingIncome": 15842000, "operatingIncomeRatio": 0.3106396329, "totalOtherIncomeExpensesNet": -50120999, "incomeBeforeTax": 15842000, "incomeBeforeTaxRatio": 0.3106396329, "incomeTaxExpense": -13541000, "netIncome": 29383000, "netIncomeRatio": 0.5761598494, "eps": 0.45, "epsdiluted": 0.45, "weightedAverageShsOut": 65705963, "weightedAverageShsOutDil": 65705963, "link": "https://www.sec.gov/Archives/edgar/data/1396440/000155837021001943/0001558370-21-001943-index.htm", "finalLink": "https://www.sec.gov/Archives/edgar/data/1396440/000155837021001943/tmb-20201231x10k.htm", "calculatedOtherExpenses": 29883000, "calculatedOperatingExpenses": 35156000, "calculatedNetInterest": 173027000, "calculatedOtherIncome": -173027000, "calculatedIncomeNonControlling": 0, "calculatedEbitda": -171690000}, {"date": "2019-12-31", "symbol": "MAIN", "reportedCurrency": "USD", "cik": "0001396440", "fillingDate": "2020-02-28", "acceptedDate": "2020-02-28 10:42:32", "calendarYear": "2019", "period": "FY", "revenue": 167799000, "costOfRevenue": 0, "grossProfit": 167799000, "grossProfitRatio": 1, "researchAndDevelopmentExpenses": 0, "generalAndAdministrativeExpenses": 5874000, "sellingAndMarketingExpenses": 0, "sellingGeneralAndAdministrativeExpenses": 5874000, "otherExpenses": 31114000, "operatingExpenses": 36988000, "costAndExpenses": 36988000, "interestIncome": 243373000, "interestExpense": 50258000, "depreciationAndAmortization": -207624000, "ebitda": 130811000, "ebitdaratio": 0.7795696041, "operatingIncome": 130811000, "operatingIncomeRatio": 0.7795696041, "totalOtherIncomeExpensesNet": -55947000, "incomeBeforeTax": 130811000, "incomeBeforeTaxRatio": 0.7795696041, "incomeTaxExpense": 1242000, "netIncome": 129569000, "netIncomeRatio": 0.7721678913, "eps": 2.06, "epsdiluted": 2.06, "weightedAverageShsOut": 62960591, "weightedAverageShsOutDil": 62960591, "link": "https://www.sec.gov/Archives/edgar/data/1396440/000104746920001108/0001047469-20-001108-index.htm", "finalLink": "https://www.sec.gov/Archives/edgar/data/1396440/000104746920001108/a2240804z10-k.htm", "calculatedOtherExpenses": 31114000, "calculatedOperatingExpenses": 36988000, "calculatedNetInterest": 193115000, "calculatedOtherIncome": -193115000, "calculatedIncomeNonControlling": 0, "calculatedEbitda": -76813000}, {"date": "2018-12-31", "symbol": "MAIN", "reportedCurrency": "USD", "cik": "0001396440", "fillingDate": "2019-03-01", "acceptedDate": "2019-03-01 10:40:20", "calendarYear": "2018", "period": "FY", "revenue": 209184000, "costOfRevenue": 0, "grossProfit": 209184000, "grossProfitRatio": 1, "researchAndDevelopmentExpenses": 0, "generalAndAdministrativeExpenses": 5100000, "sellingAndMarketingExpenses": 0, "sellingGeneralAndAdministrativeExpenses": 5100000, "otherExpenses": 29719000, "operatingExpenses": 34819000, "costAndExpenses": 41587000, "interestIncome": 233355000, "interestExpense": 43493000, "depreciationAndAmortization": 259445000, "ebitda": 217858000, "ebitdaratio": 1.0414658865, "operatingIncome": -41587000, "operatingIncomeRatio": -0.198805836, "totalOtherIncomeExpensesNet": 215952000, "incomeBeforeTax": 174365000, "incomeBeforeTaxRatio": 0.8335484549, "incomeTaxExpense": 6152000, "netIncome": 168213000, "netIncomeRatio": 0.8041389399, "eps": 2.8, "epsdiluted": 2.8, "weightedAverageShsOut": 60176843, "weightedAverageShsOutDil": 60176843, "link": "https://www.sec.gov/Archives/edgar/data/1396440/000104746919000819/0001047469-19-000819-index.htm", "finalLink": "https://www.sec.gov/Archives/edgar/data/1396440/000104746919000819/a2237736z10-k.htm", "calculatedOtherExpenses": 245671000, "calculatedOperatingExpenses": 250771000, "calculatedNetInterest": 189862000, "calculatedOtherIncome": 26090000, "calculatedIncomeNonControlling": 0, "calculatedEbitda": 217858000}, {"date": "2017-12-31", "symbol": "MAIN", "reportedCurrency": "USD", "cik": "0001396440", "fillingDate": "2018-02-23", "acceptedDate": "2018-02-23 10:42:05", "calendarYear": "2017", "period": "FY", "revenue": 222772000, "costOfRevenue": 0, "grossProfit": 222772000, "grossProfitRatio": 1, "researchAndDevelopmentExpenses": 0, "generalAndAdministrativeExpenses": 5304000, "sellingAndMarketingExpenses": 0, "sellingGeneralAndAdministrativeExpenses": 5304000, "otherExpenses": 22375000, "operatingExpenses": 27679000, "costAndExpenses": 34049000, "interestIncome": 205741000, "interestExpense": 36479000, "depreciationAndAmortization": 265621000, "ebitda": 231572000, "ebitdaratio": 1.0395022714, "operatingIncome": -34049000, "operatingIncomeRatio": -0.152842368, "totalOtherIncomeExpensesNet": 229142000, "incomeBeforeTax": 195093000, "incomeBeforeTaxRatio": 0.8757518898, "incomeTaxExpense": 24471000, "netIncome": 170622000, "netIncomeRatio": 0.7659041531, "eps": 3.01, "epsdiluted": 3.01, "weightedAverageShsOut": 56691913, "weightedAverageShsOutDil": 56691913, "link": "https://www.sec.gov/Archives/edgar/data/1396440/000104746918000997/0001047469-18-000997-index.htm", "finalLink": "https://www.sec.gov/Archives/edgar/data/1396440/000104746918000997/a2234575z10-k.htm", "calculatedOtherExpenses": 251517000, "calculatedOperatingExpenses": 256821000, "calculatedNetInterest": 169262000, "calculatedOtherIncome": 59880000, "calculatedIncomeNonControlling": 0, "calculatedEbitda": 231572000}, {"date": "2016-12-31", "symbol": "MAIN", "reportedCurrency": "USD", "cik": "0001396440", "fillingDate": "2017-02-24", "acceptedDate": "2017-02-24 10:57:37", "calendarYear": "2016", "period": "FY", "revenue": 167522000, "costOfRevenue": 0, "grossProfit": 167522000, "grossProfitRatio": 1, "researchAndDevelopmentExpenses": 0, "generalAndAdministrativeExpenses": 4195000, "sellingAndMarketingExpenses": 0, "sellingGeneralAndAdministrativeExpenses": 4195000, "otherExpenses": 25655000, "operatingExpenses": 29850000, "costAndExpenses": 34939000, "interestIncome": 178339000, "interestExpense": 33630000, "depreciationAndAmortization": 206241000, "ebitda": 171302000, "ebitdaratio": 1.0225642005, "operatingIncome": -34939000, "operatingIncomeRatio": -0.2085636513, "totalOtherIncomeExpensesNet": 172611000, "incomeBeforeTax": 137672000, "incomeBeforeTaxRatio": 0.8218144483, "incomeTaxExpense": -1227000, "netIncome": 138899000, "netIncomeRatio": 0.8291388594, "eps": 2.67, "epsdiluted": 2.67, "weightedAverageShsOut": 52025002, "weightedAverageShsOutDil": 52025002, "link": "https://www.sec.gov/Archives/edgar/data/1396440/000104746917000935/0001047469-17-000935-index.htm", "finalLink": "https://www.sec.gov/Archives/edgar/data/1396440/000104746917000935/a2230973z10-k.htm", "calculatedOtherExpenses": 198266000, "calculatedOperatingExpenses": 202461000, "calculatedNetInterest": 144709000, "calculatedOtherIncome": 27902000, "calculatedIncomeNonControlling": 0, "calculatedEbitda": 171302000}, {"date": "2015-12-31", "symbol": "MAIN", "reportedCurrency": "USD", "cik": "0001396440", "fillingDate": "2016-02-26", "acceptedDate": "2016-02-26 11:24:37", "calendarYear": "2015", "period": "FY", "revenue": 122029000, "costOfRevenue": 0, "grossProfit": 122029000, "grossProfitRatio": 1, "researchAndDevelopmentExpenses": 0, "generalAndAdministrativeExpenses": 4286000, "sellingAndMarketingExpenses": 0, "sellingGeneralAndAdministrativeExpenses": 4286000, "otherExpenses": 21993000, "operatingExpenses": 26279000, "costAndExpenses": 30614000, "interestIncome": 164589000, "interestExpense": 32115000, "depreciationAndAmortization": 158479000, "ebitda": 127865000, "ebitdaratio": 1.0478246974, "operatingIncome": -30614000, "operatingIncomeRatio": -0.2508747921, "totalOtherIncomeExpensesNet": 126364000, "incomeBeforeTax": 95750000, "incomeBeforeTaxRatio": 0.7846495505, "incomeTaxExpense": -8687000, "netIncome": 104437000, "netIncomeRatio": 0.8558375468, "eps": 2.13, "epsdiluted": 2.13, "weightedAverageShsOut": 49071492, "weightedAverageShsOutDil": 49071492, "link": "https://www.sec.gov/Archives/edgar/data/1396440/000104746916010488/0001047469-16-010488-index.htm", "finalLink": "https://www.sec.gov/Archives/edgar/data/1396440/000104746916010488/a2227430z10-k.htm", "calculatedOtherExpenses": 148357000, "calculatedOperatingExpenses": 152643000, "calculatedNetInterest": 132474000, "calculatedOtherIncome": -6110000, "calculatedIncomeNonControlling": 0, "calculatedEbitda": 127865000}, {"date": "2014-12-31", "symbol": "MAIN", "reportedCurrency": "USD", "cik": "0001396440", "fillingDate": "2015-02-27", "acceptedDate": "2015-02-27 11:03:47", "calendarYear": "2014", "period": "FY", "revenue": 139604000, "costOfRevenue": 0, "grossProfit": 139604000, "grossProfitRatio": 1, "researchAndDevelopmentExpenses": 0, "generalAndAdministrativeExpenses": 5086000, "sellingAndMarketingExpenses": 0, "sellingGeneralAndAdministrativeExpenses": 5086000, "otherExpenses": 27483000, "operatingExpenses": 32569000, "costAndExpenses": 34617000, "interestIncome": 140763000, "interestExpense": 23589000, "depreciationAndAmortization": 165241000, "ebitda": 130624000, "ebitdaratio": 0.9356751956, "operatingIncome": -34617000, "operatingIncomeRatio": -0.2479656743, "totalOtherIncomeExpensesNet": 141652000, "incomeBeforeTax": 107035000, "incomeBeforeTaxRatio": 0.7667043924, "incomeTaxExpense": 6287000, "netIncome": 100748000, "netIncomeRatio": 0.7216698662, "eps": 2.31, "epsdiluted": 2.31, "weightedAverageShsOut": 43522397, "weightedAverageShsOutDil": 43522397, "link": "https://www.sec.gov/Archives/edgar/data/1396440/000104746915001365/0001047469-15-001365-index.htm", "finalLink": "https://www.sec.gov/Archives/edgar/data/1396440/000104746915001365/a2223215z10-k.htm", "calculatedOtherExpenses": 169135000, "calculatedOperatingExpenses": 174221000, "calculatedNetInterest": 117174000, "calculatedOtherIncome": 24478000, "calculatedIncomeNonControlling": 0, "calculatedEbitda": 130624000}, {"date": "2013-12-31", "symbol": "MAIN", "reportedCurrency": "USD", "cik": "0001396440", "fillingDate": "2014-02-28", "acceptedDate": "2014-02-28 11:03:30", "calendarYear": "2013", "period": "FY", "revenue": 110075000, "costOfRevenue": 0, "grossProfit": 110075000, "grossProfitRatio": 1, "researchAndDevelopmentExpenses": 0, "generalAndAdministrativeExpenses": 4877000, "sellingAndMarketingExpenses": 0, "sellingGeneralAndAdministrativeExpenses": 4877000, "otherExpenses": 8378000, "operatingExpenses": 13255000, "costAndExpenses": 13255000, "interestIncome": 116497000, "interestExpense": 20238000, "depreciationAndAmortization": 130313000, "ebitda": 117058000, "ebitdaratio": 1.0634385646, "operatingIncome": -13255000, "operatingIncomeRatio": -0.1204178969, "totalOtherIncomeExpensesNet": 110075000, "incomeBeforeTax": 96820000, "incomeBeforeTaxRatio": 0.8795821031, "incomeTaxExpense": -35000, "netIncome": 96855000, "netIncomeRatio": 0.8799000681, "eps": 2.65, "epsdiluted": 2.65, "weightedAverageShsOut": 36617850, "weightedAverageShsOutDil": 36617850, "link": "https://www.sec.gov/Archives/edgar/data/1396440/000104746914001547/0001047469-14-001547-index.htm", "finalLink": "https://www.sec.gov/Archives/edgar/data/1396440/000104746914001547/a2218551z10-k.htm", "calculatedOtherExpenses": 118453000, "calculatedOperatingExpenses": 123330000, "calculatedNetInterest": 96259000, "calculatedOtherIncome": 13816000, "calculatedIncomeNonControlling": 0, "calculatedEbitda": 117058000}, {"date": "2012-12-31", "symbol": "MAIN", "reportedCurrency": "USD", "cik": "0001396440", "fillingDate": "2013-03-08", "acceptedDate": "2013-03-08 17:30:18", "calendarYear": "2012", "period": "FY", "revenue": 124910000, "costOfRevenue": 0, "grossProfit": 124910000, "grossProfitRatio": 1, "researchAndDevelopmentExpenses": 0, "generalAndAdministrativeExpenses": 2330000, "sellingAndMarketingExpenses": 0, "sellingGeneralAndAdministrativeExpenses": 2330000, "otherExpenses": 7316000, "operatingExpenses": 9646000, "costAndExpenses": 9646000, "interestIncome": 90520000, "interestExpense": 15631000, "depreciationAndAmortization": 140487000, "ebitda": 130841000, "ebitdaratio": 1.0474821872, "operatingIncome": -9646000, "operatingIncomeRatio": -0.077223601, "totalOtherIncomeExpensesNet": 124910000, "incomeBeforeTax": 115264000, "incomeBeforeTaxRatio": 0.922776399, "incomeTaxExpense": 10820000, "netIncome": 104390000, "netIncomeRatio": 0.8357217196, "eps": 3.53, "epsdiluted": 3.53, "weightedAverageShsOut": 29540114, "weightedAverageShsOutDil": 29540114, "link": "https://www.sec.gov/Archives/edgar/data/1396440/000104746913002445/0001047469-13-002445-index.htm", "finalLink": "https://www.sec.gov/Archives/edgar/data/1396440/000104746913002445/a2213375z10-k.htm", "calculatedOtherExpenses": 132226000, "calculatedOperatingExpenses": 134556000, "calculatedNetInterest": 74889000, "calculatedOtherIncome": 50021000, "calculatedIncomeNonControlling": 54000, "calculatedEbitda": 130841000}, {"date": "2011-12-31", "symbol": "MAIN", "reportedCurrency": "USD", "cik": "0001396440", "fillingDate": "2012-03-09", "acceptedDate": "2012-03-09 12:42:42", "calendarYear": "2011", "period": "FY", "revenue": 66240010, "costOfRevenue": 15012763, "grossProfit": 51227247, "grossProfitRatio": 0.7733580807, "researchAndDevelopmentExpenses": 0, "generalAndAdministrativeExpenses": 13444702, "sellingAndMarketingExpenses": 0, "sellingGeneralAndAdministrativeExpenses": 13444702, "otherExpenses": 8375992, "operatingExpenses": 13444702, "costAndExpenses": 13444702, "interestIncome": 13518204, "interestExpense": 13518204, "depreciationAndAmortization": 43495954, "ebitda": 82773058, "ebitdaratio": 1.2495930783, "operatingIncome": 39277104, "operatingIncomeRatio": 0.5929513598, "totalOtherIncomeExpensesNet": 31116988, "incomeBeforeTax": 70394092, "incomeBeforeTaxRatio": 1.0627125811, "incomeTaxExpense": 6287662, "netIncome": 62967192, "netIncomeRatio": 0.9505915232, "eps": 2.76, "epsdiluted": 2.76, "weightedAverageShsOut": 22850299, "weightedAverageShsOutDil": 22850299, "link": "https://www.sec.gov/Archives/edgar/data/1396440/000104746912002353/0001047469-12-002353-index.htm", "finalLink": "https://www.sec.gov/Archives/edgar/data/1396440/000104746912002353/a2207937z10-k.htm", "calculatedOtherExpenses": -1494559, "calculatedOperatingExpenses": 11950143, "calculatedNetInterest": 0, "calculatedOtherIncome": 31116988, "calculatedIncomeNonControlling": 1139238, "calculatedEbitda": 82773058}, {"date": "2010-12-31", "symbol": "MAIN", "reportedCurrency": "USD", "cik": "0001396440", "fillingDate": "2011-03-11", "acceptedDate": "2011-03-11 16:50:31", "calendarYear": "2010", "period": "FY", "revenue": 36974750, "costOfRevenue": 466843, "grossProfit": 36507907, "grossProfitRatio": 0.9873740052, "researchAndDevelopmentExpenses": 0, "generalAndAdministrativeExpenses": 1437027, "sellingAndMarketingExpenses": 0, "sellingGeneralAndAdministrativeExpenses": 1437027, "otherExpenses": -5373262, "operatingExpenses": -3936235, "costAndExpenses": 8188869, "interestIncome": 36507907, "interestExpense": 9058386, "depreciationAndAmortization": 29482232, "ebitda": 48742884, "ebitdaratio": 1.3182748768, "operatingIncome": 19260652, "operatingIncomeRatio": 0.5209136505, "totalOtherIncomeExpensesNet": 21650333, "incomeBeforeTax": 40910985, "incomeBeforeTaxRatio": 1.1064573797, "incomeTaxExpense": 940634, "netIncome": 38743864, "netIncomeRatio": 1.0478465439, "eps": 2.38, "epsdiluted": 2.38, "weightedAverageShsOut": 16292846, "weightedAverageShsOutDil": 16292846, "link": "https://www.sec.gov/Archives/edgar/data/1396440/000104746911002055/0001047469-11-002055-index.htm", "finalLink": "https://www.sec.gov/Archives/edgar/data/1396440/000104746911002055/a2202631z10-k.htm", "calculatedOtherExpenses": 15810228, "calculatedOperatingExpenses": 17247255, "calculatedNetInterest": 27449521, "calculatedOtherIncome": -5799188, "calculatedIncomeNonControlling": 1226487, "calculatedEbitda": 48742884}, {"date": "2009-12-31", "symbol": "MAIN", "reportedCurrency": "USD", "cik": "0001396440", "fillingDate": "2010-03-10", "acceptedDate": "2010-03-10 17:15:05", "calendarYear": "2009", "period": "FY", "revenue": 12086236, "costOfRevenue": -3916011, "grossProfit": 16002247, "grossProfitRatio": 1.3240058361, "researchAndDevelopmentExpenses": 0, "generalAndAdministrativeExpenses": 1351451, "sellingAndMarketingExpenses": 0, "sellingGeneralAndAdministrativeExpenses": 1351451, "otherExpenses": 1068397, "operatingExpenses": 2419848, "costAndExpenses": 2989716, "interestIncome": 16002247, "interestExpense": 3790702, "depreciationAndAmortization": 4235261, "ebitda": 13457090, "ebitdaratio": 1.1134227397, "operatingIncome": 9221829, "operatingIncomeRatio": 0.7630025593, "totalOtherIncomeExpensesNet": 444559, "incomeBeforeTax": 9666388, "incomeBeforeTaxRatio": 0.7997848131, "incomeTaxExpense": -2289841, "netIncome": 11956229, "netIncomeRatio": 0.989243384, "eps": 1.19, "epsdiluted": 1.19, "weightedAverageShsOut": 10042639, "weightedAverageShsOutDil": 10042639, "link": "https://www.sec.gov/Archives/edgar/data/1396440/000104746910002020/0001047469-10-002020-index.htm", "finalLink": "https://www.sec.gov/Archives/edgar/data/1396440/000104746910002020/a2196912z10-k.htm", "calculatedOtherExpenses": 5428967, "calculatedOperatingExpenses": 6780418, "calculatedNetInterest": 12211545, "calculatedOtherIncome": -11766986, "calculatedIncomeNonControlling": 0, "calculatedEbitda": 13457090}, {"date": "2008-12-31", "symbol": "MAIN", "reportedCurrency": "USD", "cik": "0001396440", "fillingDate": "2009-03-13", "acceptedDate": "2009-03-13 06:01:46", "calendarYear": "2008", "period": "FY", "revenue": 9947074, "costOfRevenue": -7348352, "grossProfit": 17295426, "grossProfitRatio": 1.7387450822, "researchAndDevelopmentExpenses": 0, "generalAndAdministrativeExpenses": 1684084, "sellingAndMarketingExpenses": 0, "sellingGeneralAndAdministrativeExpenses": 1684084, "otherExpenses": 511452, "operatingExpenses": 2195536, "costAndExpenses": 3202371, "interestIncome": 17295426, "interestExpense": 3777919, "depreciationAndAmortization": 1214321, "ebitda": 11529457, "ebitdaratio": 1.1590802481, "operatingIncome": 10315136, "operatingIncomeRatio": 1.037002037, "totalOtherIncomeExpensesNet": -2563598, "incomeBeforeTax": 7751538, "incomeBeforeTaxRatio": 0.7792782078, "incomeTaxExpense": -3182401, "netIncome": 10933939, "netIncomeRatio": 1.0992115872, "eps": 1.2, "epsdiluted": 1.2, "weightedAverageShsOut": 9095904, "weightedAverageShsOutDil": 9095904, "link": "https://www.sec.gov/Archives/edgar/data/1396440/000095013409005248/0000950134-09-005248-index.htm", "finalLink": "https://www.sec.gov/Archives/edgar/data/1396440/000095013409005248/h66112e10vk.htm", "calculatedOtherExpenses": 5296206, "calculatedOperatingExpenses": 6980290, "calculatedNetInterest": 13517507, "calculatedOtherIncome": -16081105, "calculatedIncomeNonControlling": 0, "calculatedEbitda": 11529457}, {"date": "2007-12-31", "symbol": "MAIN", "reportedCurrency": "USD", "cik": "0001396440", "fillingDate": "2008-03-21", "acceptedDate": "2008-03-21 15:45:51", "calendarYear": "2007", "period": "FY", "revenue": 7014918, "costOfRevenue": 0, "grossProfit": 7014918, "grossProfitRatio": 1, "researchAndDevelopmentExpenses": 0, "generalAndAdministrativeExpenses": 1207503, "sellingAndMarketingExpenses": 0, "sellingGeneralAndAdministrativeExpenses": 1207503, "otherExpenses": 0, "operatingExpenses": 1207503, "costAndExpenses": 2707440, "interestIncome": 12474978, "interestExpense": 3245839, "depreciationAndAmortization": 2531555, "ebitda": 9053254, "ebitdaratio": 1.2905716075, "operatingIncome": 6521699, "operatingIncomeRatio": 0.9296899835, "totalOtherIncomeExpensesNet": -714284, "incomeBeforeTax": 5807415, "incomeBeforeTaxRatio": 0.8278664127, "incomeTaxExpense": 3262539, "netIncome": 2544876, "netIncomeRatio": 0.3627805771, "eps": 0.3, "epsdiluted": 0.3, "weightedAverageShsOut": 8587701, "weightedAverageShsOutDil": 8587701, "link": "https://www.sec.gov/Archives/edgar/data/1396440/000136231008001564/0001362310-08-001564-index.htm", "finalLink": "https://www.sec.gov/Archives/edgar/data/1396440/000136231008001564/c72751e10vk.htm", "calculatedOtherExpenses": -714284, "calculatedOperatingExpenses": 493219, "calculatedNetInterest": 9229139, "calculatedOtherIncome": -9943423, "calculatedIncomeNonControlling": 0, "calculatedEbitda": 9053254}, {"date": "2006-12-31", "symbol": "MAIN", "reportedCurrency": "USD", "cik": "0001396440", "fillingDate": "2006-12-31", "acceptedDate": "2006-12-31 00:00:00", "calendarYear": "2006", "period": "FY", "revenue": 16020976, "costOfRevenue": 6259169, "grossProfit": 9761807, "grossProfitRatio": 0.6093141267, "researchAndDevelopmentExpenses": 0, "generalAndAdministrativeExpenses": 197979, "sellingAndMarketingExpenses": 0, "sellingGeneralAndAdministrativeExpenses": 197979, "otherExpenses": 0, "operatingExpenses": 197979, "costAndExpenses": 2140011, "interestIncome": 9761807, "interestExpense": 2717236, "depreciationAndAmortization": 13635673, "ebitda": 18540233, "ebitdaratio": 1.1572474111, "operatingIncome": 4904560, "operatingIncomeRatio": 0.3061336588, "totalOtherIncomeExpensesNet": 10918437, "incomeBeforeTax": 15822997, "incomeBeforeTaxRatio": 0.9876425132, "incomeTaxExpense": -13635673, "netIncome": 15822997, "netIncomeRatio": 0.9876425132, "eps": 1.86, "epsdiluted": 1.86, "weightedAverageShsOut": 8526726, "weightedAverageShsOutDil": 8526726, "link": null, "finalLink": null, "calculatedOtherExpenses": 4659268, "calculatedOperatingExpenses": 4857247, "calculatedNetInterest": 7044571, "calculatedOtherIncome": 3873866, "calculatedIncomeNonControlling": 13635673, "calculatedEbitda": 18540233}, {"date": "2005-12-31", "symbol": "MAIN", "reportedCurrency": "USD", "cik": "0001396440", "fillingDate": "2005-12-31", "acceptedDate": "2005-12-31 00:00:00", "calendarYear": "2005", "period": "FY", "revenue": 8087255, "costOfRevenue": 0, "grossProfit": 8087255, "grossProfitRatio": 1, "researchAndDevelopmentExpenses": 0, "generalAndAdministrativeExpenses": 197192, "sellingAndMarketingExpenses": 0, "sellingGeneralAndAdministrativeExpenses": 197192, "otherExpenses": 0, "operatingExpenses": 197192, "costAndExpenses": 197192, "interestIncome": 7559744, "interestExpense": 2063726, "depreciationAndAmortization": 10150981, "ebitda": 9953789, "ebitdaratio": 1.2307994493, "operatingIncome": -197192, "operatingIncomeRatio": -0.024383057, "totalOtherIncomeExpensesNet": 8087255, "incomeBeforeTax": 7890063, "incomeBeforeTaxRatio": 0.975616943, "incomeTaxExpense": -10150981, "netIncome": 7890063, "netIncomeRatio": 0.975616943, "eps": 0.93, "epsdiluted": 0.93, "weightedAverageShsOut": 8526726, "weightedAverageShsOutDil": 8526726, "link": null, "finalLink": null, "calculatedOtherExpenses": 8087255, "calculatedOperatingExpenses": 8284447, "calculatedNetInterest": 5496018, "calculatedOtherIncome": 2591237, "calculatedIncomeNonControlling": 10150981, "calculatedEbitda": 9953789}]}