{"originalCurrency": "USD", "convertedCurrency": "USD", "report": [{"date": "2023-12-31", "symbol": "MAN", "reportedCurrency": "USD", "cik": "0000871763", "fillingDate": "2024-02-16", "acceptedDate": "2024-02-16 16:22:24", "calendarYear": "2023", "period": "FY", "revenue": 18914500000, "costOfRevenue": 15556500000, "grossProfit": 3358000000, "grossProfitRatio": 0.177535753, "researchAndDevelopmentExpenses": 0, "generalAndAdministrativeExpenses": 0, "sellingAndMarketingExpenses": 0, "sellingGeneralAndAdministrativeExpenses": 2894400000, "otherExpenses": 17400000, "operatingExpenses": 2894400000, "costAndExpenses": 18450900000, "interestIncome": 34200000, "interestExpense": 79700000, "depreciationAndAmortization": 88600000, "ebitda": 552200000, "ebitdaratio": 0.0291945333, "operatingIncome": 463600000, "operatingIncomeRatio": 0.0245102963, "totalOtherIncomeExpensesNet": -257700000, "incomeBeforeTax": 205900000, "incomeBeforeTaxRatio": 0.0108858283, "incomeTaxExpense": 117100000, "netIncome": 88800000, "netIncomeRatio": 0.0046948109, "eps": 1.78, "epsdiluted": 1.76, "weightedAverageShsOut": 49800000, "weightedAverageShsOutDil": 50400000, "link": "https://www.sec.gov/Archives/edgar/data/871763/000095017024016399/0000950170-24-016399-index.htm", "finalLink": "https://www.sec.gov/Archives/edgar/data/871763/000095017024016399/man-20231231.htm", "calculatedOtherExpenses": 0, "calculatedOperatingExpenses": 2894400000, "calculatedNetInterest": -45500000, "calculatedOtherIncome": -212200000, "calculatedIncomeNonControlling": 0, "calculatedEbitda": 552200000}, {"date": "2022-12-31", "symbol": "MAN", "reportedCurrency": "USD", "cik": "0000871763", "fillingDate": "2023-02-17", "acceptedDate": "2023-02-17 16:17:14", "calendarYear": "2022", "period": "FY", "revenue": 19827500000, "costOfRevenue": 16255100000, "grossProfit": 3572400000, "grossProfitRatio": 0.1801740008, "researchAndDevelopmentExpenses": 0, "generalAndAdministrativeExpenses": 0, "sellingAndMarketingExpenses": 0, "sellingGeneralAndAdministrativeExpenses": 2940700000, "otherExpenses": 16300000, "operatingExpenses": 2940700000, "costAndExpenses": 19195800000, "interestIncome": 17900000, "interestExpense": 46900000, "depreciationAndAmortization": 168800000, "ebitda": 750500000, "ebitdaratio": 0.0378514689, "operatingIncome": 581700000, "operatingIncomeRatio": 0.0293380406, "totalOtherIncomeExpensesNet": -24600000, "incomeBeforeTax": 557100000, "incomeBeforeTaxRatio": 0.0280973396, "incomeTaxExpense": 183300000, "netIncome": 373800000, "netIncomeRatio": 0.0188526037, "eps": 7.16, "epsdiluted": 7.08, "weightedAverageShsOut": 52200000, "weightedAverageShsOutDil": 52800000, "link": "https://www.sec.gov/Archives/edgar/data/871763/000095017023003214/0000950170-23-003214-index.htm", "finalLink": "https://www.sec.gov/Archives/edgar/data/871763/000095017023003214/man-20221231.htm", "calculatedOtherExpenses": 50000000, "calculatedOperatingExpenses": 2990700000, "calculatedNetInterest": -29000000, "calculatedOtherIncome": 4400000, "calculatedIncomeNonControlling": 0, "calculatedEbitda": 750500000}, {"date": "2021-12-31", "symbol": "MAN", "reportedCurrency": "USD", "cik": "0000871763", "fillingDate": "2022-02-18", "acceptedDate": "2022-02-18 17:24:41", "calendarYear": "2021", "period": "FY", "revenue": 20724400000, "costOfRevenue": 17316900000, "grossProfit": 3407500000, "grossProfitRatio": 0.1644197178, "researchAndDevelopmentExpenses": 0, "generalAndAdministrativeExpenses": 0, "sellingAndMarketingExpenses": 0, "sellingGeneralAndAdministrativeExpenses": 2822100000, "otherExpenses": 14700000, "operatingExpenses": 2822100000, "costAndExpenses": 20139000000, "interestIncome": 12000000, "interestExpense": 38800000, "depreciationAndAmortization": 100100000, "ebitda": 685500000, "ebitdaratio": 0.0330769528, "operatingIncome": 585400000, "operatingIncomeRatio": 0.0282468974, "totalOtherIncomeExpensesNet": -17300000, "incomeBeforeTax": 568100000, "incomeBeforeTaxRatio": 0.0274121326, "incomeTaxExpense": 185700000, "netIncome": 382400000, "netIncomeRatio": 0.0184516801, "eps": 7.02, "epsdiluted": 6.9, "weightedAverageShsOut": 54500000, "weightedAverageShsOutDil": 55400000, "link": "https://www.sec.gov/Archives/edgar/data/871763/000095017022001500/0000950170-22-001500-index.htm", "finalLink": "https://www.sec.gov/Archives/edgar/data/871763/000095017022001500/man-20211231.htm", "calculatedOtherExpenses": 0, "calculatedOperatingExpenses": 2822100000, "calculatedNetInterest": -26800000, "calculatedOtherIncome": 9500000, "calculatedIncomeNonControlling": 0, "calculatedEbitda": 685500000}, {"date": "2020-12-31", "symbol": "MAN", "reportedCurrency": "USD", "cik": "0000871763", "fillingDate": "2021-02-19", "acceptedDate": "2021-02-19 17:07:50", "calendarYear": "2020", "period": "FY", "revenue": 18001000000, "costOfRevenue": 15176300000, "grossProfit": 2824700000, "grossProfitRatio": 0.1569190601, "researchAndDevelopmentExpenses": 0, "generalAndAdministrativeExpenses": 0, "sellingAndMarketingExpenses": 0, "sellingGeneralAndAdministrativeExpenses": 2570300000, "otherExpenses": -4800000, "operatingExpenses": 2570300000, "costAndExpenses": 17746600000, "interestIncome": 13100000, "interestExpense": 43300000, "depreciationAndAmortization": 76300000, "ebitda": 339000000, "ebitdaratio": 0.0188322871, "operatingIncome": 262700000, "operatingIncomeRatio": 0.0145936337, "totalOtherIncomeExpensesNet": -115000000, "incomeBeforeTax": 147700000, "incomeBeforeTaxRatio": 0.0082050997, "incomeTaxExpense": 123900000, "netIncome": 23800000, "netIncomeRatio": 0.0013221488, "eps": 0.41, "epsdiluted": 0.41, "weightedAverageShsOut": 58000000, "weightedAverageShsOutDil": 58300000, "link": "https://www.sec.gov/Archives/edgar/data/871763/000156459021006974/0001564590-21-006974-index.htm", "finalLink": "https://www.sec.gov/Archives/edgar/data/871763/000156459021006974/man-10k_20201231.htm", "calculatedOtherExpenses": -8300000, "calculatedOperatingExpenses": 2562000000, "calculatedNetInterest": -30200000, "calculatedOtherIncome": -84800000, "calculatedIncomeNonControlling": 0, "calculatedEbitda": 339000000}, {"date": "2019-12-31", "symbol": "MAN", "reportedCurrency": "USD", "cik": "0000871763", "fillingDate": "2020-02-21", "acceptedDate": "2020-02-21 16:29:22", "calendarYear": "2019", "period": "FY", "revenue": 20863500000, "costOfRevenue": 17488400000, "grossProfit": 3375100000, "grossProfitRatio": 0.1617705562, "researchAndDevelopmentExpenses": 0, "generalAndAdministrativeExpenses": 0, "sellingAndMarketingExpenses": 0, "sellingGeneralAndAdministrativeExpenses": 2666200000, "otherExpenses": 85700000, "operatingExpenses": 2666200000, "costAndExpenses": 20154600000, "interestIncome": 6000000, "interestExpense": 44400000, "depreciationAndAmortization": 232900000, "ebitda": 877800000, "ebitdaratio": 0.0420734776, "operatingIncome": 644900000, "operatingIncomeRatio": 0.0309104417, "totalOtherIncomeExpensesNet": 40600000, "incomeBeforeTax": 685500000, "incomeBeforeTaxRatio": 0.0328564239, "incomeTaxExpense": 219800000, "netIncome": 465700000, "netIncomeRatio": 0.0223212788, "eps": 7.77, "epsdiluted": 7.72, "weightedAverageShsOut": 59900000, "weightedAverageShsOutDil": 60300000, "link": "https://www.sec.gov/Archives/edgar/data/871763/000156459020005762/0001564590-20-005762-index.htm", "finalLink": "https://www.sec.gov/Archives/edgar/data/871763/000156459020005762/man-10k_20191231.htm", "calculatedOtherExpenses": 64000000, "calculatedOperatingExpenses": 2730200000, "calculatedNetInterest": -38400000, "calculatedOtherIncome": 79000000, "calculatedIncomeNonControlling": 0, "calculatedEbitda": 877800000}, {"date": "2018-12-31", "symbol": "MAN", "reportedCurrency": "USD", "cik": "0000871763", "fillingDate": "2019-02-22", "acceptedDate": "2019-02-22 17:13:15", "calendarYear": "2018", "period": "FY", "revenue": 21991200000, "costOfRevenue": 18412200000, "grossProfit": 3579000000, "grossProfitRatio": 0.1627469169, "researchAndDevelopmentExpenses": 0, "generalAndAdministrativeExpenses": 2782300000, "sellingAndMarketingExpenses": 0, "sellingGeneralAndAdministrativeExpenses": 2782300000, "otherExpenses": 400000, "operatingExpenses": 2782300000, "costAndExpenses": 21194500000, "interestIncome": 6000000, "interestExpense": 47000000, "depreciationAndAmortization": 85800000, "ebitda": 888900000, "ebitdaratio": 0.0404207137, "operatingIncome": 796700000, "operatingIncomeRatio": 0.0362281276, "totalOtherIncomeExpensesNet": -1000000, "incomeBeforeTax": 754700000, "incomeBeforeTaxRatio": 0.0343182728, "incomeTaxExpense": 198000000, "netIncome": 556700000, "netIncomeRatio": 0.0253146713, "eps": 8.62, "epsdiluted": 8.55, "weightedAverageShsOut": 64600000, "weightedAverageShsOutDil": 65100000, "link": "https://www.sec.gov/Archives/edgar/data/871763/000087176319000050/0000871763-19-000050-index.htm", "finalLink": "https://www.sec.gov/Archives/edgar/data/871763/000087176319000050/man-123118x10k.htm", "calculatedOtherExpenses": 0, "calculatedOperatingExpenses": 2782300000, "calculatedNetInterest": -41000000, "calculatedOtherIncome": -1000000, "calculatedIncomeNonControlling": 0, "calculatedEbitda": 882500000}, {"date": "2017-12-31", "symbol": "MAN", "reportedCurrency": "USD", "cik": "0000871763", "fillingDate": "2018-02-23", "acceptedDate": "2018-02-23 16:34:15", "calendarYear": "2017", "period": "FY", "revenue": 21034300000, "costOfRevenue": 17549700000, "grossProfit": 3484600000, "grossProfitRatio": 0.1656627508, "researchAndDevelopmentExpenses": 0, "generalAndAdministrativeExpenses": 2696400000, "sellingAndMarketingExpenses": 0, "sellingGeneralAndAdministrativeExpenses": 2696400000, "otherExpenses": -16700000, "operatingExpenses": 2696400000, "costAndExpenses": 20246100000, "interestIncome": 4800000, "interestExpense": 38200000, "depreciationAndAmortization": 84400000, "ebitda": 860700000, "ebitdaratio": 0.0409188801, "operatingIncome": 788200000, "operatingIncomeRatio": 0.0374721289, "totalOtherIncomeExpensesNet": -17500000, "incomeBeforeTax": 737300000, "incomeBeforeTaxRatio": 0.0350522718, "incomeTaxExpense": 191900000, "netIncome": 545400000, "netIncomeRatio": 0.0259290777, "eps": 8.13, "epsdiluted": 8.04, "weightedAverageShsOut": 67100000, "weightedAverageShsOutDil": 67900000, "link": "https://www.sec.gov/Archives/edgar/data/871763/000087176318000070/0000871763-18-000070-index.htm", "finalLink": "https://www.sec.gov/Archives/edgar/data/871763/000087176318000070/man-123117x10k.htm", "calculatedOtherExpenses": 0, "calculatedOperatingExpenses": 2696400000, "calculatedNetInterest": -33400000, "calculatedOtherIncome": -17500000, "calculatedIncomeNonControlling": 0, "calculatedEbitda": 872600000}, {"date": "2016-12-31", "symbol": "MAN", "reportedCurrency": "USD", "cik": "0000871763", "fillingDate": "2017-02-21", "acceptedDate": "2017-02-21 08:45:53", "calendarYear": "2016", "period": "FY", "revenue": 19654100000, "costOfRevenue": 16320300000, "grossProfit": 3333800000, "grossProfitRatio": 0.1696236409, "researchAndDevelopmentExpenses": 0, "generalAndAdministrativeExpenses": 2583000000, "sellingAndMarketingExpenses": 0, "sellingGeneralAndAdministrativeExpenses": 2583000000, "otherExpenses": -12400000, "operatingExpenses": 2583000000, "costAndExpenses": 18903300000, "interestIncome": 3600000, "interestExpense": 37900000, "depreciationAndAmortization": 85300000, "ebitda": 827300000, "ebitdaratio": 0.0420929984, "operatingIncome": 750800000, "operatingIncomeRatio": 0.0382006808, "totalOtherIncomeExpensesNet": -15200000, "incomeBeforeTax": 701300000, "incomeBeforeTaxRatio": 0.0356821223, "incomeTaxExpense": 257600000, "netIncome": 443700000, "netIncomeRatio": 0.0225754423, "eps": 6.33, "epsdiluted": 6.27, "weightedAverageShsOut": 70100000, "weightedAverageShsOutDil": 70800000, "link": "https://www.sec.gov/Archives/edgar/data/871763/000087176317000071/0000871763-17-000071-index.htm", "finalLink": "https://www.sec.gov/Archives/edgar/data/871763/000087176317000071/man-123116x10k.htm", "calculatedOtherExpenses": 0, "calculatedOperatingExpenses": 2583000000, "calculatedNetInterest": -34300000, "calculatedOtherIncome": -15200000, "calculatedIncomeNonControlling": 0, "calculatedEbitda": 836100000}, {"date": "2015-12-31", "symbol": "MAN", "reportedCurrency": "USD", "cik": "0000871763", "fillingDate": "2016-02-22", "acceptedDate": "2016-02-22 16:26:05", "calendarYear": "2015", "period": "FY", "revenue": 19329900000, "costOfRevenue": 16034100000, "grossProfit": 3295800000, "grossProfitRatio": 0.1705026927, "researchAndDevelopmentExpenses": 0, "generalAndAdministrativeExpenses": 2606900000, "sellingAndMarketingExpenses": 0, "sellingGeneralAndAdministrativeExpenses": 2606900000, "otherExpenses": 600000, "operatingExpenses": 2606900000, "costAndExpenses": 18641000000, "interestIncome": 2500000, "interestExpense": 36000000, "depreciationAndAmortization": 77700000, "ebitda": 769700000, "ebitdaratio": 0.0398191403, "operatingIncome": 688900000, "operatingIncomeRatio": 0.0356390876, "totalOtherIncomeExpensesNet": 5300000, "incomeBeforeTax": 660700000, "incomeBeforeTaxRatio": 0.0341802079, "incomeTaxExpense": 241500000, "netIncome": 419200000, "netIncomeRatio": 0.0216866099, "eps": 5.46, "epsdiluted": 5.4, "weightedAverageShsOut": 76800000, "weightedAverageShsOutDil": 77700000, "link": "https://www.sec.gov/Archives/edgar/data/871763/000087176316000150/0000871763-16-000150-index.htm", "finalLink": "https://www.sec.gov/Archives/edgar/data/871763/000087176316000150/man-123115x10k.htm", "calculatedOtherExpenses": 0, "calculatedOperatingExpenses": 2606900000, "calculatedNetInterest": -33500000, "calculatedOtherIncome": 5300000, "calculatedIncomeNonControlling": 0, "calculatedEbitda": 766600000}, {"date": "2014-12-31", "symbol": "MAN", "reportedCurrency": "USD", "cik": "0000871763", "fillingDate": "2015-02-20", "acceptedDate": "2015-02-20 07:23:14", "calendarYear": "2014", "period": "FY", "revenue": 20762800000, "costOfRevenue": 17274600000, "grossProfit": 3488200000, "grossProfitRatio": 0.1680023889, "researchAndDevelopmentExpenses": 0, "generalAndAdministrativeExpenses": 2768300000, "sellingAndMarketingExpenses": 0, "sellingGeneralAndAdministrativeExpenses": 2768300000, "otherExpenses": -9000000, "operatingExpenses": 2768300000, "costAndExpenses": 20042900000, "interestIncome": 4400000, "interestExpense": 35900000, "depreciationAndAmortization": 83800000, "ebitda": 799100000, "ebitdaratio": 0.0384871019, "operatingIncome": 719900000, "operatingIncomeRatio": 0.0346725875, "totalOtherIncomeExpensesNet": -6800000, "incomeBeforeTax": 681600000, "incomeBeforeTaxRatio": 0.0328279423, "incomeTaxExpense": 254000000, "netIncome": 427600000, "netIncomeRatio": 0.0205945248, "eps": 5.38, "epsdiluted": 5.3, "weightedAverageShsOut": 79500000, "weightedAverageShsOutDil": 80700000, "link": "https://www.sec.gov/Archives/edgar/data/871763/000087176315000008/0000871763-15-000008-index.htm", "finalLink": "https://www.sec.gov/Archives/edgar/data/871763/000087176315000008/form10_k.htm", "calculatedOtherExpenses": 0, "calculatedOperatingExpenses": 2768300000, "calculatedNetInterest": -31500000, "calculatedOtherIncome": -6800000, "calculatedIncomeNonControlling": 0, "calculatedEbitda": 803700000}, {"date": "2013-12-31", "symbol": "MAN", "reportedCurrency": "USD", "cik": "0000871763", "fillingDate": "2014-02-21", "acceptedDate": "2014-02-21 17:20:26", "calendarYear": "2013", "period": "FY", "revenue": 20250500000, "costOfRevenue": 16883800000, "grossProfit": 3366700000, "grossProfitRatio": 0.1662526851, "researchAndDevelopmentExpenses": 0, "generalAndAdministrativeExpenses": 2854800000, "sellingAndMarketingExpenses": 0, "sellingGeneralAndAdministrativeExpenses": 2854800000, "otherExpenses": -700000, "operatingExpenses": 2854800000, "costAndExpenses": 19738600000, "interestIncome": 3700000, "interestExpense": 37100000, "depreciationAndAmortization": 94300000, "ebitda": 609200000, "ebitdaratio": 0.0300832078, "operatingIncome": 511900000, "operatingIncomeRatio": 0.0252783882, "totalOtherIncomeExpensesNet": -3000000, "incomeBeforeTax": 475500000, "incomeBeforeTaxRatio": 0.0234809017, "incomeTaxExpense": 187500000, "netIncome": 288000000, "netIncomeRatio": 0.0142218711, "eps": 3.69, "epsdiluted": 3.62, "weightedAverageShsOut": 78000000, "weightedAverageShsOutDil": 79600000, "link": "https://www.sec.gov/Archives/edgar/data/871763/000087176314000011/0000871763-14-000011-index.htm", "finalLink": "https://www.sec.gov/Archives/edgar/data/871763/000087176314000011/form10-k.htm", "calculatedOtherExpenses": 0, "calculatedOperatingExpenses": 2854800000, "calculatedNetInterest": -33400000, "calculatedOtherIncome": -3000000, "calculatedIncomeNonControlling": 0, "calculatedEbitda": 606200000}, {"date": "2012-12-31", "symbol": "MAN", "reportedCurrency": "USD", "cik": "0000871763", "fillingDate": "2013-02-22", "acceptedDate": "2013-02-22 12:15:59", "calendarYear": "2012", "period": "FY", "revenue": 20678000000, "costOfRevenue": 17236000000, "grossProfit": 3442000000, "grossProfitRatio": 0.1664571042, "researchAndDevelopmentExpenses": 0, "generalAndAdministrativeExpenses": 3030300000, "sellingAndMarketingExpenses": 0, "sellingGeneralAndAdministrativeExpenses": 3030300000, "otherExpenses": -7200000, "operatingExpenses": 3030300000, "costAndExpenses": 20266300000, "interestIncome": 6600000, "interestExpense": 41800000, "depreciationAndAmortization": 100500000, "ebitda": 511600000, "ebitdaratio": 0.0247412709, "operatingIncome": 411700000, "operatingIncomeRatio": 0.0199100493, "totalOtherIncomeExpensesNet": -8100000, "incomeBeforeTax": 368400000, "incomeBeforeTaxRatio": 0.0178160364, "incomeTaxExpense": 170800000, "netIncome": 197600000, "netIncomeRatio": 0.0095560499, "eps": 2.49, "epsdiluted": 2.47, "weightedAverageShsOut": 79500000, "weightedAverageShsOutDil": 80100000, "link": "https://www.sec.gov/Archives/edgar/data/871763/000087176313000006/0000871763-13-000006-index.htm", "finalLink": "https://www.sec.gov/Archives/edgar/data/871763/000087176313000006/form_10-k.htm", "calculatedOtherExpenses": 0, "calculatedOperatingExpenses": 3030300000, "calculatedNetInterest": -35200000, "calculatedOtherIncome": -8100000, "calculatedIncomeNonControlling": 0, "calculatedEbitda": 512200000}, {"date": "2011-12-31", "symbol": "MAN", "reportedCurrency": "USD", "cik": "0000871763", "fillingDate": "2012-02-23", "acceptedDate": "2012-02-23 15:38:32", "calendarYear": "2011", "period": "FY", "revenue": 22006000000, "costOfRevenue": 18299700000, "grossProfit": 3706300000, "grossProfitRatio": 0.1684222485, "researchAndDevelopmentExpenses": 0, "generalAndAdministrativeExpenses": 3182100000, "sellingAndMarketingExpenses": 0, "sellingGeneralAndAdministrativeExpenses": 3182100000, "otherExpenses": 0, "operatingExpenses": 3182100000, "costAndExpenses": 21481800000, "interestIncome": 7300000, "interestExpense": 44300000, "depreciationAndAmortization": 104400000, "ebitda": 628600000, "ebitdaratio": 0.0285649368, "operatingIncome": 524200000, "operatingIncomeRatio": 0.0238207762, "totalOtherIncomeExpensesNet": -44300000, "incomeBeforeTax": 479900000, "incomeBeforeTaxRatio": 0.0218076888, "incomeTaxExpense": 228300000, "netIncome": 251600000, "netIncomeRatio": 0.0114332455, "eps": 3.08, "epsdiluted": 3.04, "weightedAverageShsOut": 81600000, "weightedAverageShsOutDil": 82800000, "link": "https://www.sec.gov/Archives/edgar/data/871763/000087176312000015/0000871763-12-000015-index.htm", "finalLink": "https://www.sec.gov/Archives/edgar/data/871763/000087176312000015/form10k.htm", "calculatedOtherExpenses": 0, "calculatedOperatingExpenses": 3182100000, "calculatedNetInterest": -37000000, "calculatedOtherIncome": -7300000, "calculatedIncomeNonControlling": 0, "calculatedEbitda": 628600000}, {"date": "2010-12-31", "symbol": "MAN", "reportedCurrency": "USD", "cik": "0000871763", "fillingDate": "2011-02-24", "acceptedDate": "2011-02-24 15:58:31", "calendarYear": "2010", "period": "FY", "revenue": 18866500000, "costOfRevenue": 15621100000, "grossProfit": 3245400000, "grossProfitRatio": 0.1720191874, "researchAndDevelopmentExpenses": 0, "generalAndAdministrativeExpenses": 2938600000, "sellingAndMarketingExpenses": 0, "sellingGeneralAndAdministrativeExpenses": 2938600000, "otherExpenses": 0, "operatingExpenses": 2938600000, "costAndExpenses": 18559700000, "interestIncome": 6200000, "interestExpense": 43200000, "depreciationAndAmortization": 110100000, "ebitda": 416900000, "ebitdaratio": 0.0220973684, "operatingIncome": -122000000, "operatingIncomeRatio": -0.0064664882, "totalOtherIncomeExpensesNet": -428800000, "incomeBeforeTax": -165200000, "incomeBeforeTaxRatio": -0.0087562611, "incomeTaxExpense": 98400000, "netIncome": -263600000, "netIncomeRatio": -0.0139718549, "eps": -3.25, "epsdiluted": -3.25, "weightedAverageShsOut": 81000000, "weightedAverageShsOutDil": 81000000, "link": "https://www.sec.gov/Archives/edgar/data/871763/000087176311000011/0000871763-11-000011-index.htm", "finalLink": "https://www.sec.gov/Archives/edgar/data/871763/000087176311000011/form_10k.htm", "calculatedOtherExpenses": 428800000, "calculatedOperatingExpenses": 3367400000, "calculatedNetInterest": -37000000, "calculatedOtherIncome": -6200000, "calculatedIncomeNonControlling": 0, "calculatedEbitda": -11900000}, {"date": "2009-12-31", "symbol": "MAN", "reportedCurrency": "USD", "cik": "0000871763", "fillingDate": "2010-02-19", "acceptedDate": "2010-02-19 14:06:55", "calendarYear": "2009", "period": "FY", "revenue": 16038700000, "costOfRevenue": 13220500000, "grossProfit": 2818200000, "grossProfitRatio": 0.1757124954, "researchAndDevelopmentExpenses": 0, "generalAndAdministrativeExpenses": 2715500000, "sellingAndMarketingExpenses": 61000000, "sellingGeneralAndAdministrativeExpenses": 2776500000, "otherExpenses": 0, "operatingExpenses": 2776500000, "costAndExpenses": 15997000000, "interestIncome": 11700000, "interestExpense": 61700000, "depreciationAndAmortization": 97200000, "ebitda": 150600000, "ebitdaratio": 0.0093897884, "operatingIncome": 41700000, "operatingIncomeRatio": 0.0025999613, "totalOtherIncomeExpensesNet": -14600000, "incomeBeforeTax": -22900000, "incomeBeforeTaxRatio": -0.0014277965, "incomeTaxExpense": -13700000, "netIncome": -9200000, "netIncomeRatio": -0.0005736126, "eps": -0.12, "epsdiluted": -0.12, "weightedAverageShsOut": 78300000, "weightedAverageShsOutDil": 78300000, "link": "https://www.sec.gov/Archives/edgar/data/871763/000087176310000010/0000871763-10-000010-index.htm", "finalLink": "https://www.sec.gov/Archives/edgar/data/871763/000087176310000010/form10-k.htm", "calculatedOtherExpenses": 0, "calculatedOperatingExpenses": 2776500000, "calculatedNetInterest": -50000000, "calculatedOtherIncome": -14600000, "calculatedIncomeNonControlling": 0, "calculatedEbitda": 138900000}, {"date": "2008-12-31", "symbol": "MAN", "reportedCurrency": "USD", "cik": "0000871763", "fillingDate": "2009-02-20", "acceptedDate": "2009-02-20 16:24:16", "calendarYear": "2008", "period": "FY", "revenue": 21552800000, "costOfRevenue": 17450200000, "grossProfit": 4102600000, "grossProfitRatio": 0.1903511377, "researchAndDevelopmentExpenses": 0, "generalAndAdministrativeExpenses": 3430300000, "sellingAndMarketingExpenses": 163100000, "sellingGeneralAndAdministrativeExpenses": 3593400000, "otherExpenses": 0, "operatingExpenses": 3593400000, "costAndExpenses": 21043600000, "interestIncome": 22100000, "interestExpense": 50900000, "depreciationAndAmortization": 107100000, "ebitda": 616300000, "ebitdaratio": 0.0285948925, "operatingIncome": 509200000, "operatingIncomeRatio": 0.0236257006, "totalOtherIncomeExpensesNet": -172200000, "incomeBeforeTax": 458300000, "incomeBeforeTaxRatio": 0.0212640585, "incomeTaxExpense": 239400000, "netIncome": 218900000, "netIncomeRatio": 0.010156453, "eps": 2.61, "epsdiluted": 2.58, "weightedAverageShsOut": 78700000, "weightedAverageShsOutDil": 79700000, "link": "https://www.sec.gov/Archives/edgar/data/871763/000087176309000009/0000871763-09-000009-index.htm", "finalLink": "https://www.sec.gov/Archives/edgar/data/871763/000087176309000009/form10-k.htm", "calculatedOtherExpenses": 0, "calculatedOperatingExpenses": 3593400000, "calculatedNetInterest": -28800000, "calculatedOtherIncome": -22100000, "calculatedIncomeNonControlling": 0, "calculatedEbitda": 616300000}, {"date": "2007-12-31", "symbol": "MAN", "reportedCurrency": "USD", "cik": "0000871763", "fillingDate": "2008-02-25", "acceptedDate": "2008-02-25 14:20:29", "calendarYear": "2007", "period": "FY", "revenue": 20500300000, "costOfRevenue": 16651700000, "grossProfit": 3848600000, "grossProfitRatio": 0.187733838, "researchAndDevelopmentExpenses": 0, "generalAndAdministrativeExpenses": 3023200000, "sellingAndMarketingExpenses": 0, "sellingGeneralAndAdministrativeExpenses": 3023200000, "otherExpenses": 0, "operatingExpenses": 3023200000, "costAndExpenses": 19674900000, "interestIncome": 0, "interestExpense": 34200000, "depreciationAndAmortization": 99000000, "ebitda": 929600000, "ebitdaratio": 0.0453456779, "operatingIncome": 825400000, "operatingIncomeRatio": 0.0402628254, "totalOtherIncomeExpensesNet": -5200000, "incomeBeforeTax": 791200000, "incomeBeforeTaxRatio": 0.0385945572, "incomeTaxExpense": 306500000, "netIncome": 484700000, "netIncomeRatio": 0.0236435564, "eps": 5.83, "epsdiluted": 5.73, "weightedAverageShsOut": 83100000, "weightedAverageShsOutDil": 84600000, "link": "https://www.sec.gov/Archives/edgar/data/871763/000119312508037291/0001193125-08-037291-index.htm", "finalLink": "https://www.sec.gov/Archives/edgar/data/871763/000119312508037291/d10k.htm", "calculatedOtherExpenses": 0, "calculatedOperatingExpenses": 3023200000, "calculatedNetInterest": -34200000, "calculatedOtherIncome": 0, "calculatedIncomeNonControlling": 0, "calculatedEbitda": 924400000}, {"date": "2006-12-31", "symbol": "MAN", "reportedCurrency": "USD", "cik": "0000871763", "fillingDate": "2007-02-28", "acceptedDate": "2007-02-28 11:47:19", "calendarYear": "2006", "period": "FY", "revenue": 17562500000, "costOfRevenue": 14416500000, "grossProfit": 3146000000, "grossProfitRatio": 0.1791316726, "researchAndDevelopmentExpenses": 0, "generalAndAdministrativeExpenses": 2613900000, "sellingAndMarketingExpenses": 0, "sellingGeneralAndAdministrativeExpenses": 2613900000, "otherExpenses": 0, "operatingExpenses": 2613900000, "costAndExpenses": 17030400000, "interestIncome": 0, "interestExpense": 50200000, "depreciationAndAmortization": 88800000, "ebitda": 635300000, "ebitdaratio": 0.0361736655, "operatingIncome": 532100000, "operatingIncomeRatio": 0.0302975089, "totalOtherIncomeExpensesNet": -14400000, "incomeBeforeTax": 481900000, "incomeBeforeTaxRatio": 0.0274391459, "incomeTaxExpense": 176200000, "netIncome": 398000000, "netIncomeRatio": 0.0226619217, "eps": 4.62, "epsdiluted": 4.54, "weightedAverageShsOut": 86200000, "weightedAverageShsOutDil": 87700000, "link": "https://www.sec.gov/Archives/edgar/data/871763/000119312507042164/0001193125-07-042164-index.htm", "finalLink": "https://www.sec.gov/Archives/edgar/data/871763/000119312507042164/d10k.htm", "calculatedOtherExpenses": 0, "calculatedOperatingExpenses": 2613900000, "calculatedNetInterest": -50200000, "calculatedOtherIncome": 0, "calculatedIncomeNonControlling": -92300000, "calculatedEbitda": 620900000}, {"date": "2005-12-31", "symbol": "MAN", "reportedCurrency": "USD", "cik": "0000871763", "fillingDate": "2006-02-28", "acceptedDate": "2006-02-28 17:12:20", "calendarYear": "2005", "period": "FY", "revenue": 16080400000, "costOfRevenue": 13131800000, "grossProfit": 2948600000, "grossProfitRatio": 0.1833660854, "researchAndDevelopmentExpenses": 0, "generalAndAdministrativeExpenses": 2512100000, "sellingAndMarketingExpenses": 0, "sellingGeneralAndAdministrativeExpenses": 2512100000, "otherExpenses": 0, "operatingExpenses": 2512100000, "costAndExpenses": 15643900000, "interestIncome": 0, "interestExpense": 41800000, "depreciationAndAmortization": 94800000, "ebitda": 536200000, "ebitdaratio": 0.0333449417, "operatingIncome": 436500000, "operatingIncomeRatio": 0.0271448471, "totalOtherIncomeExpensesNet": -4900000, "incomeBeforeTax": 394700000, "incomeBeforeTaxRatio": 0.0245454093, "incomeTaxExpense": 134600000, "netIncome": 260100000, "netIncomeRatio": 0.0161749708, "eps": 2.95, "epsdiluted": 2.87, "weightedAverageShsOut": 88100000, "weightedAverageShsOutDil": 91100000, "link": "https://www.sec.gov/Archives/edgar/data/871763/000119312506041441/0001193125-06-041441-index.htm", "finalLink": "https://www.sec.gov/Archives/edgar/data/871763/000119312506041441/d10k.htm", "calculatedOtherExpenses": 0, "calculatedOperatingExpenses": 2512100000, "calculatedNetInterest": -41800000, "calculatedOtherIncome": 0, "calculatedIncomeNonControlling": 0, "calculatedEbitda": 531300000}, {"date": "2004-12-31", "symbol": "MAN", "reportedCurrency": "USD", "cik": "0000871763", "fillingDate": "2005-02-23", "acceptedDate": "2005-02-23 10:01:45", "calendarYear": "2004", "period": "FY", "revenue": 14930000000, "costOfRevenue": 12141900000, "grossProfit": 2788100000, "grossProfitRatio": 0.1867448091, "researchAndDevelopmentExpenses": 0, "generalAndAdministrativeExpenses": 2392300000, "sellingAndMarketingExpenses": 0, "sellingGeneralAndAdministrativeExpenses": 2392300000, "otherExpenses": 0, "operatingExpenses": 2392300000, "costAndExpenses": 14534200000, "interestIncome": 0, "interestExpense": 26300000, "depreciationAndAmortization": 94300000, "ebitda": 490100000, "ebitdaratio": 0.0328265238, "operatingIncome": 395800000, "operatingIncomeRatio": 0.0265103818, "totalOtherIncomeExpensesNet": -26300000, "incomeBeforeTax": 369500000, "incomeBeforeTaxRatio": 0.0247488279, "incomeTaxExpense": 123800000, "netIncome": 245700000, "netIncomeRatio": 0.0164567984, "eps": 2.76, "epsdiluted": 2.59, "weightedAverageShsOut": 88900000, "weightedAverageShsOutDil": 96800000, "link": "https://www.sec.gov/Archives/edgar/data/871763/000119312505034776/0001193125-05-034776-index.htm", "finalLink": "https://www.sec.gov/Archives/edgar/data/871763/000119312505034776/d10k.htm", "calculatedOtherExpenses": 0, "calculatedOperatingExpenses": 2392300000, "calculatedNetInterest": -26300000, "calculatedOtherIncome": 0, "calculatedIncomeNonControlling": 0, "calculatedEbitda": 490100000}, {"date": "2003-12-31", "symbol": "MAN", "reportedCurrency": "USD", "cik": "0000871763", "fillingDate": "2004-02-24", "acceptedDate": "2004-02-24 16:55:57", "calendarYear": "2003", "period": "FY", "revenue": 12184500000, "costOfRevenue": 10047700000, "grossProfit": 2136800000, "grossProfitRatio": 0.1753703476, "researchAndDevelopmentExpenses": 0, "generalAndAdministrativeExpenses": 1878900000, "sellingAndMarketingExpenses": 0, "sellingGeneralAndAdministrativeExpenses": 1878900000, "otherExpenses": 0, "operatingExpenses": 1878900000, "costAndExpenses": 11926600000, "interestIncome": 0, "interestExpense": -1963100000, "depreciationAndAmortization": 72000000, "ebitda": 329900000, "ebitdaratio": 0.0270753827, "operatingIncome": 257900000, "operatingIncomeRatio": 0.0211662358, "totalOtherIncomeExpensesNet": 1963100000, "incomeBeforeTax": 2221000000, "incomeBeforeTaxRatio": 0.1822807665, "incomeTaxExpense": 84400000, "netIncome": 137700000, "netIncomeRatio": 0.0113012434, "eps": 1.79, "epsdiluted": 1.7, "weightedAverageShsOut": 76927374, "weightedAverageShsOutDil": 81000000, "link": "https://www.sec.gov/Archives/edgar/data/871763/000119312504028721/0001193125-04-028721-index.htm", "finalLink": "https://www.sec.gov/Archives/edgar/data/871763/000119312504028721/d10k.htm", "calculatedOtherExpenses": 0, "calculatedOperatingExpenses": 1878900000, "calculatedNetInterest": 1963100000, "calculatedOtherIncome": 0, "calculatedIncomeNonControlling": 1998900000, "calculatedEbitda": 329900000}, {"date": "2002-12-31", "symbol": "MAN", "reportedCurrency": "USD", "cik": "0000871763", "fillingDate": "2003-02-27", "acceptedDate": "2003-02-27 14:05:41", "calendarYear": "2002", "period": "FY", "revenue": 10610900000, "costOfRevenue": 8700500000, "grossProfit": 1910400000, "grossProfitRatio": 0.1800412783, "researchAndDevelopmentExpenses": 0, "generalAndAdministrativeExpenses": 1675600000, "sellingAndMarketingExpenses": 0, "sellingGeneralAndAdministrativeExpenses": 1675600000, "otherExpenses": 0, "operatingExpenses": 1675600000, "costAndExpenses": 10376100000, "interestIncome": 0, "interestExpense": 46800000, "depreciationAndAmortization": 72700000, "ebitda": 307500000, "ebitdaratio": 0.0289796341, "operatingIncome": 234800000, "operatingIncomeRatio": 0.0221281889, "totalOtherIncomeExpensesNet": -46800000, "incomeBeforeTax": 188000000, "incomeBeforeTaxRatio": 0.01771763, "incomeTaxExpense": 74800000, "netIncome": 113200000, "netIncomeRatio": 0.0106682751, "eps": 1.47, "epsdiluted": 1.41, "weightedAverageShsOut": 77006803, "weightedAverageShsOutDil": 80283688, "link": "https://www.sec.gov/Archives/edgar/data/871763/000095013403003159/0000950134-03-003159-index.htm", "finalLink": "https://www.sec.gov/Archives/edgar/data/871763/000095013403003159/c75053e10vk.txt", "calculatedOtherExpenses": 0, "calculatedOperatingExpenses": 1675600000, "calculatedNetInterest": -46800000, "calculatedOtherIncome": 0, "calculatedIncomeNonControlling": 0, "calculatedEbitda": 307500000}, {"date": "2001-12-31", "symbol": "MAN", "reportedCurrency": "USD", "cik": "0000871763", "fillingDate": "2002-04-01", "acceptedDate": "2002-04-01 00:00:00", "calendarYear": "2001", "period": "FY", "revenue": 10484000000, "costOfRevenue": 8527000000, "grossProfit": 1957000000, "grossProfitRatio": 0.1866653949, "researchAndDevelopmentExpenses": 0, "generalAndAdministrativeExpenses": 1719000000, "sellingAndMarketingExpenses": 0, "sellingGeneralAndAdministrativeExpenses": 1719000000, "otherExpenses": 0, "operatingExpenses": 1719000000, "costAndExpenses": 10246000000, "interestIncome": 0, "interestExpense": 40000000, "depreciationAndAmortization": 80000000, "ebitda": 318000000, "ebitdaratio": 0.0303319344, "operatingIncome": 238000000, "operatingIncomeRatio": 0.0227012591, "totalOtherIncomeExpensesNet": -40000000, "incomeBeforeTax": 198000000, "incomeBeforeTaxRatio": 0.0188859214, "incomeTaxExpense": 73000000, "netIncome": 125000000, "netIncomeRatio": 0.0119229302, "eps": 1.64, "epsdiluted": 1.59, "weightedAverageShsOut": 76219512, "weightedAverageShsOutDil": 78616352, "link": "https://www.sec.gov/Archives/edgar/data/871763/000095012402001155/0000950124-02-001155-index.htm", "finalLink": "https://www.sec.gov/Archives/edgar/data/871763/000095012402001155/c68288e10-k405.txt", "calculatedOtherExpenses": 0, "calculatedOperatingExpenses": 1719000000, "calculatedNetInterest": -40000000, "calculatedOtherIncome": 0, "calculatedIncomeNonControlling": 0, "calculatedEbitda": 318000000}, {"date": "2000-12-31", "symbol": "MAN", "reportedCurrency": "USD", "cik": "0000871763", "fillingDate": "2001-04-02", "acceptedDate": "2001-04-02 00:00:00", "calendarYear": "2000", "period": "FY", "revenue": 10842800000, "costOfRevenue": 8829300000, "grossProfit": 2013500000, "grossProfitRatio": 0.1856992659, "researchAndDevelopmentExpenses": 0, "generalAndAdministrativeExpenses": 1635700000, "sellingAndMarketingExpenses": 0, "sellingGeneralAndAdministrativeExpenses": 1635700000, "otherExpenses": 66800000, "operatingExpenses": 1702500000, "costAndExpenses": 10531800000, "interestIncome": 0, "interestExpense": 45800000, "depreciationAndAmortization": 66800000, "ebitda": 377800000, "ebitdaratio": 0.0348433984, "operatingIncome": 311000000, "operatingIncomeRatio": 0.0286826281, "totalOtherIncomeExpensesNet": -45800000, "incomeBeforeTax": 265200000, "incomeBeforeTaxRatio": 0.0244586269, "incomeTaxExpense": 94000000, "netIncome": 171200000, "netIncomeRatio": 0.0157892795, "eps": 2.26, "epsdiluted": 2.22, "weightedAverageShsOut": 75663717, "weightedAverageShsOutDil": 77027027, "link": "https://www.sec.gov/Archives/edgar/data/871763/000095012401001871/0000950124-01-001871-index.htm", "finalLink": "https://www.sec.gov/Archives/edgar/data/871763/000095012401001871/c61295e10-k405.txt", "calculatedOtherExpenses": 66800000, "calculatedOperatingExpenses": 1702500000, "calculatedNetInterest": -45800000, "calculatedOtherIncome": 0, "calculatedIncomeNonControlling": 0, "calculatedEbitda": 377800000}, {"date": "1999-12-31", "symbol": "MAN", "reportedCurrency": "USD", "cik": "0000871763", "fillingDate": "2000-03-30", "acceptedDate": "2000-03-30 00:00:00", "calendarYear": "1999", "period": "FY", "revenue": 9770100000, "costOfRevenue": 8001500000, "grossProfit": 1768600000, "grossProfitRatio": 0.1810216886, "researchAndDevelopmentExpenses": 0, "generalAndAdministrativeExpenses": 1474300000, "sellingAndMarketingExpenses": 0, "sellingGeneralAndAdministrativeExpenses": 1474300000, "otherExpenses": 63700000, "operatingExpenses": 1538000000, "costAndExpenses": 9539500000, "interestIncome": 0, "interestExpense": 24800000, "depreciationAndAmortization": 63700000, "ebitda": 294300000, "ebitdaratio": 0.0301225167, "operatingIncome": 230600000, "operatingIncomeRatio": 0.0236026243, "totalOtherIncomeExpensesNet": -24800000, "incomeBeforeTax": 205800000, "incomeBeforeTaxRatio": 0.0210642675, "incomeTaxExpense": 55800000, "netIncome": 150000000, "netIncomeRatio": 0.0153529647, "eps": 1.94, "epsdiluted": 1.91, "weightedAverageShsOut": 77319588, "weightedAverageShsOutDil": 78534031, "link": "https://www.sec.gov/Archives/edgar/data/871763/000095012400001839/0000950124-00-001839-index.html", "finalLink": "https://www.sec.gov/Archives/edgar/data/871763/000095012400001839/", "calculatedOtherExpenses": 63700000, "calculatedOperatingExpenses": 1538000000, "calculatedNetInterest": -24800000, "calculatedOtherIncome": 0, "calculatedIncomeNonControlling": 0, "calculatedEbitda": 294300000}, {"date": "1998-12-31", "symbol": "MAN", "reportedCurrency": "USD", "cik": "0000871763", "fillingDate": "1999-03-31", "acceptedDate": "1999-03-31 00:00:00", "calendarYear": "1998", "period": "FY", "revenue": 8814300000, "costOfRevenue": 7255700000, "grossProfit": 1558600000, "grossProfitRatio": 0.1768262936, "researchAndDevelopmentExpenses": 0, "generalAndAdministrativeExpenses": 1280500000, "sellingAndMarketingExpenses": 0, "sellingGeneralAndAdministrativeExpenses": 1280500000, "otherExpenses": 55600000, "operatingExpenses": 1336100000, "costAndExpenses": 8591800000, "interestIncome": 0, "interestExpense": 108700000, "depreciationAndAmortization": 55600000, "ebitda": 370200000, "ebitdaratio": 0.0419999319, "operatingIncome": 222500000, "operatingIncomeRatio": 0.0252430709, "totalOtherIncomeExpensesNet": -92100000, "incomeBeforeTax": 113800000, "incomeBeforeTaxRatio": 0.0129108381, "incomeTaxExpense": 38100000, "netIncome": 75700000, "netIncomeRatio": 0.0085883167, "eps": 0.94, "epsdiluted": 0.93, "weightedAverageShsOut": 80531915, "weightedAverageShsOutDil": 81397849, "link": "https://www.sec.gov/Archives/edgar/data/871763/000095012499002273/0000950124-99-002273-index.html", "finalLink": "https://www.sec.gov/Archives/edgar/data/871763/", "calculatedOtherExpenses": 55600000, "calculatedOperatingExpenses": 1336100000, "calculatedNetInterest": -108700000, "calculatedOtherIncome": 0, "calculatedIncomeNonControlling": 0, "calculatedEbitda": 278100000}, {"date": "1997-12-31", "symbol": "MAN", "reportedCurrency": "USD", "cik": "0000871763", "fillingDate": "1998-03-31", "acceptedDate": "1998-03-31 00:00:00", "calendarYear": "1997", "period": "FY", "revenue": 7258500000, "costOfRevenue": 5906700000, "grossProfit": 1351800000, "grossProfitRatio": 0.1862368258, "researchAndDevelopmentExpenses": 0, "generalAndAdministrativeExpenses": 1054800000, "sellingAndMarketingExpenses": 0, "sellingGeneralAndAdministrativeExpenses": 1054800000, "otherExpenses": 41600000, "operatingExpenses": 1096400000, "costAndExpenses": 7003100000, "interestIncome": 0, "interestExpense": 6200000, "depreciationAndAmortization": 41600000, "ebitda": 297000000, "ebitdaratio": 0.0409175449, "operatingIncome": 255400000, "operatingIncomeRatio": 0.0351863333, "totalOtherIncomeExpensesNet": -6200000, "incomeBeforeTax": 249200000, "incomeBeforeTaxRatio": 0.0343321623, "incomeTaxExpense": 85300000, "netIncome": 163900000, "netIncomeRatio": 0.022580423, "eps": 2.01, "epsdiluted": 1.97, "weightedAverageShsOut": 81542289, "weightedAverageShsOutDil": 83197970, "link": "https://www.sec.gov/Archives/edgar/data/871763/000095012498001814/0000950124-98-001814-index.html", "finalLink": "https://www.sec.gov/Archives/edgar/data/871763/", "calculatedOtherExpenses": 41600000, "calculatedOperatingExpenses": 1096400000, "calculatedNetInterest": -6200000, "calculatedOtherIncome": 0, "calculatedIncomeNonControlling": 0, "calculatedEbitda": 297000000}, {"date": "1996-12-31", "symbol": "MAN", "reportedCurrency": "USD", "cik": "0000871763", "fillingDate": "1997-03-31", "acceptedDate": "1997-03-31 00:00:00", "calendarYear": "1996", "period": "FY", "revenue": 6079900000, "costOfRevenue": 4896300000, "grossProfit": 1183600000, "grossProfitRatio": 0.1946742545, "researchAndDevelopmentExpenses": 0, "generalAndAdministrativeExpenses": 921000000, "sellingAndMarketingExpenses": 0, "sellingGeneralAndAdministrativeExpenses": 921000000, "otherExpenses": 35600000, "operatingExpenses": 956600000, "costAndExpenses": 5852900000, "interestIncome": 0, "interestExpense": -15300000, "depreciationAndAmortization": 35600000, "ebitda": 240800000, "ebitdaratio": 0.0396059146, "operatingIncome": 227000000, "operatingIncomeRatio": 0.0373361404, "totalOtherIncomeExpensesNet": 21800000, "incomeBeforeTax": 242300000, "incomeBeforeTaxRatio": 0.0398526292, "incomeTaxExpense": 80000000, "netIncome": 162300000, "netIncomeRatio": 0.026694518, "eps": 1.95, "epsdiluted": 1.95, "weightedAverageShsOut": 83230769, "weightedAverageShsOutDil": 83357664, "link": "https://www.sec.gov/Archives/edgar/data/871763/000095013797001357/0000950137-97-001357-index.html", "finalLink": "https://www.sec.gov/Archives/edgar/data/871763/", "calculatedOtherExpenses": 35600000, "calculatedOperatingExpenses": 956600000, "calculatedNetInterest": 15300000, "calculatedOtherIncome": 0, "calculatedIncomeNonControlling": 0, "calculatedEbitda": 262600000}, {"date": "1995-12-31", "symbol": "MAN", "reportedCurrency": "USD", "cik": "0000871763", "fillingDate": "1995-12-31", "acceptedDate": "1995-12-31 00:00:00", "calendarYear": "1995", "period": "FY", "revenue": 5484200000, "costOfRevenue": 4455500000, "grossProfit": 1028700000, "grossProfitRatio": 0.1875752161, "researchAndDevelopmentExpenses": 0, "generalAndAdministrativeExpenses": 0, "sellingAndMarketingExpenses": 0, "sellingGeneralAndAdministrativeExpenses": 789200000, "otherExpenses": 27800000, "operatingExpenses": 817000000, "costAndExpenses": 5272500000, "interestIncome": 0, "interestExpense": 8000000, "depreciationAndAmortization": 27800000, "ebitda": 239500000, "ebitdaratio": 0.0436709092, "operatingIncome": 211700000, "operatingIncomeRatio": 0.0386018015, "totalOtherIncomeExpensesNet": -8000000, "incomeBeforeTax": 203700000, "incomeBeforeTaxRatio": 0.0371430655, "incomeTaxExpense": 75700000, "netIncome": 128000000, "netIncomeRatio": 0.0233397761, "eps": 1.68, "epsdiluted": 1.59, "weightedAverageShsOut": 76190476, "weightedAverageShsOutDil": 80503145, "link": null, "finalLink": null, "calculatedOtherExpenses": 27800000, "calculatedOperatingExpenses": 817000000, "calculatedNetInterest": -8000000, "calculatedOtherIncome": 0, "calculatedIncomeNonControlling": 0, "calculatedEbitda": 239500000}, {"date": "1994-12-31", "symbol": "MAN", "reportedCurrency": "USD", "cik": "0000871763", "fillingDate": "1994-12-31", "acceptedDate": "1994-12-31 00:00:00", "calendarYear": "1994", "period": "FY", "revenue": 4296400000, "costOfRevenue": 3479000000, "grossProfit": 817400000, "grossProfitRatio": 0.1902523043, "researchAndDevelopmentExpenses": 0, "generalAndAdministrativeExpenses": 0, "sellingAndMarketingExpenses": 0, "sellingGeneralAndAdministrativeExpenses": 637900000, "otherExpenses": 27700000, "operatingExpenses": 665600000, "costAndExpenses": 4144600000, "interestIncome": 0, "interestExpense": 15300000, "depreciationAndAmortization": 27700000, "ebitda": 179500000, "ebitdaratio": 0.041779164, "operatingIncome": 151800000, "operatingIncomeRatio": 0.0353319058, "totalOtherIncomeExpensesNet": -15300000, "incomeBeforeTax": 136500000, "incomeBeforeTaxRatio": 0.0317707848, "incomeTaxExpense": 52600000, "netIncome": 83900000, "netIncomeRatio": 0.0195279769, "eps": 1.12, "epsdiluted": 1.12, "weightedAverageShsOut": 74910714, "weightedAverageShsOutDil": 74910714, "link": null, "finalLink": null, "calculatedOtherExpenses": 27700000, "calculatedOperatingExpenses": 665600000, "calculatedNetInterest": -15300000, "calculatedOtherIncome": 0, "calculatedIncomeNonControlling": 0, "calculatedEbitda": 179500000}, {"date": "1993-12-31", "symbol": "MAN", "reportedCurrency": "USD", "cik": "0000871763", "fillingDate": "1993-12-31", "acceptedDate": "1993-12-31 00:00:00", "calendarYear": "1993", "period": "FY", "revenue": 3180400000, "costOfRevenue": 2536500000, "grossProfit": 643900000, "grossProfitRatio": 0.2024588102, "researchAndDevelopmentExpenses": 0, "generalAndAdministrativeExpenses": 0, "sellingAndMarketingExpenses": 0, "sellingGeneralAndAdministrativeExpenses": 562300000, "otherExpenses": 96800000, "operatingExpenses": 659100000, "costAndExpenses": 3195600000, "interestIncome": 0, "interestExpense": 12300000, "depreciationAndAmortization": 96800000, "ebitda": 81600000, "ebitdaratio": 0.02565715, "operatingIncome": -15200000, "operatingIncomeRatio": -0.004779273, "totalOtherIncomeExpensesNet": -12300000, "incomeBeforeTax": -27500000, "incomeBeforeTaxRatio": -0.0086467111, "incomeTaxExpense": 21400000, "netIncome": -48900000, "netIncomeRatio": -0.0153754245, "eps": -0.66, "epsdiluted": -0.66, "weightedAverageShsOut": 74090909, "weightedAverageShsOutDil": 74090909, "link": null, "finalLink": null, "calculatedOtherExpenses": 96800000, "calculatedOperatingExpenses": 659100000, "calculatedNetInterest": -12300000, "calculatedOtherIncome": 0, "calculatedIncomeNonControlling": 0, "calculatedEbitda": 81600000}, {"date": "1992-12-31", "symbol": "MAN", "reportedCurrency": "USD", "cik": "0000871763", "fillingDate": "1992-12-31", "acceptedDate": "1992-12-31 00:00:00", "calendarYear": "1992", "period": "FY", "revenue": 3186600000, "costOfRevenue": 2520000000, "grossProfit": 666600000, "grossProfitRatio": 0.2091884767, "researchAndDevelopmentExpenses": 0, "generalAndAdministrativeExpenses": 0, "sellingAndMarketingExpenses": 0, "sellingGeneralAndAdministrativeExpenses": 643200000, "otherExpenses": 22300000, "operatingExpenses": 665500000, "costAndExpenses": 3185500000, "interestIncome": 0, "interestExpense": 14500000, "depreciationAndAmortization": 22300000, "ebitda": 37800000, "ebitdaratio": 0.0118621728, "operatingIncome": 1100000, "operatingIncomeRatio": 0.0003451955, "totalOtherIncomeExpensesNet": -14400000, "incomeBeforeTax": -13400000, "incomeBeforeTaxRatio": -0.0042051089, "incomeTaxExpense": 26300000, "netIncome": -46800000, "netIncomeRatio": -0.0146864997, "eps": -0.64, "epsdiluted": -0.64, "weightedAverageShsOut": 73125000, "weightedAverageShsOutDil": 73125000, "link": null, "finalLink": null, "calculatedOtherExpenses": 22300000, "calculatedOperatingExpenses": 665500000, "calculatedNetInterest": -14500000, "calculatedOtherIncome": 0, "calculatedIncomeNonControlling": 7100000, "calculatedEbitda": 23400000}, {"date": "1991-12-31", "symbol": "MAN", "reportedCurrency": "USD", "cik": "0000871763", "fillingDate": "1991-12-31", "acceptedDate": "1991-12-31 00:00:00", "calendarYear": "1991", "period": "FY", "revenue": 2799900000, "costOfRevenue": 2168200000, "grossProfit": 631700000, "grossProfitRatio": 0.2256152005, "researchAndDevelopmentExpenses": 0, "generalAndAdministrativeExpenses": 0, "sellingAndMarketingExpenses": 0, "sellingGeneralAndAdministrativeExpenses": 538800000, "otherExpenses": 101200000, "operatingExpenses": 640000000, "costAndExpenses": 2808200000, "interestIncome": 0, "interestExpense": 25700000, "depreciationAndAmortization": 101200000, "ebitda": 96900000, "ebitdaratio": 0.0346083789, "operatingIncome": -8300000, "operatingIncomeRatio": -0.0029643916, "totalOtherIncomeExpensesNet": -4000000, "incomeBeforeTax": -34000000, "incomeBeforeTaxRatio": -0.0121432908, "incomeTaxExpense": 19300000, "netIncome": -53300000, "netIncomeRatio": -0.0190363942, "eps": -0.73, "epsdiluted": -0.73, "weightedAverageShsOut": 73013699, "weightedAverageShsOutDil": 73013699, "link": null, "finalLink": null, "calculatedOtherExpenses": 101200000, "calculatedOperatingExpenses": 640000000, "calculatedNetInterest": -25700000, "calculatedOtherIncome": 0, "calculatedIncomeNonControlling": 0, "calculatedEbitda": 92900000}, {"date": "1990-12-31", "symbol": "MAN", "reportedCurrency": "USD", "cik": "0000871763", "fillingDate": "1990-12-31", "acceptedDate": "1990-12-31 00:00:00", "calendarYear": "1990", "period": "FY", "revenue": 3054200000, "costOfRevenue": 2293500000, "grossProfit": 760700000, "grossProfitRatio": 0.2490668588, "researchAndDevelopmentExpenses": 0, "generalAndAdministrativeExpenses": 0, "sellingAndMarketingExpenses": 0, "sellingGeneralAndAdministrativeExpenses": 596900000, "otherExpenses": 32200000, "operatingExpenses": 629100000, "costAndExpenses": 2922600000, "interestIncome": 0, "interestExpense": 176800000, "depreciationAndAmortization": 32200000, "ebitda": 305900000, "ebitdaratio": 0.1001571606, "operatingIncome": 131600000, "operatingIncomeRatio": 0.0430882064, "totalOtherIncomeExpensesNet": -142100000, "incomeBeforeTax": -45200000, "incomeBeforeTaxRatio": -0.0147992928, "incomeTaxExpense": 37000000, "netIncome": -82200000, "netIncomeRatio": -0.0269137581, "eps": -1.11, "epsdiluted": -1.11, "weightedAverageShsOut": 74054054, "weightedAverageShsOutDil": 74054054, "link": null, "finalLink": null, "calculatedOtherExpenses": 32200000, "calculatedOperatingExpenses": 629100000, "calculatedNetInterest": -176800000, "calculatedOtherIncome": 0, "calculatedIncomeNonControlling": 0, "calculatedEbitda": 163800000}]}