{"originalCurrency": "USD", "convertedCurrency": "USD", "report": [{"date": "2023-12-31", "symbol": "MAR", "reportedCurrency": "USD", "cik": "0001048286", "fillingDate": "2024-02-13", "acceptedDate": "2024-02-13 12:30:40", "calendarYear": "2023", "period": "FY", "revenue": 23713000000, "costOfRevenue": 18589000000, "grossProfit": 5124000000, "grossProfitRatio": 0.2160840046, "researchAndDevelopmentExpenses": 0, "generalAndAdministrativeExpenses": 1011000000, "sellingAndMarketingExpenses": 794000000, "sellingGeneralAndAdministrativeExpenses": 1011000000, "otherExpenses": 40000000, "operatingExpenses": 1200000000, "costAndExpenses": 19789000000, "interestIncome": 30000000, "interestExpense": 565000000, "depreciationAndAmortization": 277000000, "ebitda": 4280000000, "ebitdaratio": 0.1804917134, "operatingIncome": 3864000000, "operatingIncomeRatio": 0.1629485936, "totalOtherIncomeExpensesNet": -11000000, "incomeBeforeTax": 3378000000, "incomeBeforeTaxRatio": 0.1424535065, "incomeTaxExpense": 295000000, "netIncome": 3083000000, "netIncomeRatio": 0.130013073, "eps": 10.23, "epsdiluted": 10.18, "weightedAverageShsOut": 301500000, "weightedAverageShsOutDil": 302900000, "link": "https://www.sec.gov/Archives/edgar/data/1048286/000162828024004372/0001628280-24-004372-index.htm", "finalLink": "https://www.sec.gov/Archives/edgar/data/1048286/000162828024004372/mar-20231231.htm", "calculatedOtherExpenses": 249000000, "calculatedOperatingExpenses": 1260000000, "calculatedNetInterest": -535000000, "calculatedOtherIncome": 49000000, "calculatedIncomeNonControlling": 0, "calculatedEbitda": 4141000000}, {"date": "2022-12-31", "symbol": "MAR", "reportedCurrency": "USD", "cik": "0001048286", "fillingDate": "2023-02-14", "acceptedDate": "2023-02-14 15:00:35", "calendarYear": "2022", "period": "FY", "revenue": 20773000000, "costOfRevenue": 16215000000, "grossProfit": 4558000000, "grossProfitRatio": 0.2194194387, "researchAndDevelopmentExpenses": 0, "generalAndAdministrativeExpenses": 891000000, "sellingAndMarketingExpenses": 635000000, "sellingGeneralAndAdministrativeExpenses": 891000000, "otherExpenses": 193000000, "operatingExpenses": 1084000000, "costAndExpenses": 17299000000, "interestIncome": 26000000, "interestExpense": 403000000, "depreciationAndAmortization": 193000000, "ebitda": 3722000000, "ebitdaratio": 0.1791748905, "operatingIncome": 3529000000, "operatingIncomeRatio": 0.169883984, "totalOtherIncomeExpensesNet": -415000000, "incomeBeforeTax": 3114000000, "incomeBeforeTaxRatio": 0.1499061281, "incomeTaxExpense": 756000000, "netIncome": 2358000000, "netIncomeRatio": 0.1135127329, "eps": 7.27, "epsdiluted": 7.24, "weightedAverageShsOut": 324400000, "weightedAverageShsOutDil": 325800000, "link": "https://www.sec.gov/Archives/edgar/data/1048286/000162828023003485/0001628280-23-003485-index.htm", "finalLink": "https://www.sec.gov/Archives/edgar/data/1048286/000162828023003485/mar-20221231.htm", "calculatedOtherExpenses": 138000000, "calculatedOperatingExpenses": 1029000000, "calculatedNetInterest": -377000000, "calculatedOtherIncome": -38000000, "calculatedIncomeNonControlling": 0, "calculatedEbitda": 3722000000}, {"date": "2021-12-31", "symbol": "MAR", "reportedCurrency": "USD", "cik": "0001048286", "fillingDate": "2022-02-15", "acceptedDate": "2022-02-15 12:23:48", "calendarYear": "2021", "period": "FY", "revenue": 13857000000, "costOfRevenue": 11056000000, "grossProfit": 2801000000, "grossProfitRatio": 0.2021361045, "researchAndDevelopmentExpenses": 0, "generalAndAdministrativeExpenses": 823000000, "sellingAndMarketingExpenses": 470000000, "sellingGeneralAndAdministrativeExpenses": 823000000, "otherExpenses": 220000000, "operatingExpenses": 1043000000, "costAndExpenses": 12099000000, "interestIncome": 28000000, "interestExpense": 420000000, "depreciationAndAmortization": 242000000, "ebitda": 1992000000, "ebitdaratio": 0.1437540593, "operatingIncome": 1750000000, "operatingIncomeRatio": 0.1262899618, "totalOtherIncomeExpensesNet": -570000000, "incomeBeforeTax": 1180000000, "incomeBeforeTaxRatio": 0.0851555171, "incomeTaxExpense": 81000000, "netIncome": 1099000000, "netIncomeRatio": 0.079310096, "eps": 3.36, "epsdiluted": 3.34, "weightedAverageShsOut": 327200000, "weightedAverageShsOutDil": 329300000, "link": "https://www.sec.gov/Archives/edgar/data/1048286/000162828022002666/0001628280-22-002666-index.htm", "finalLink": "https://www.sec.gov/Archives/edgar/data/1048286/000162828022002666/mar-20211231.htm", "calculatedOtherExpenses": 228000000, "calculatedOperatingExpenses": 1051000000, "calculatedNetInterest": -392000000, "calculatedOtherIncome": -178000000, "calculatedIncomeNonControlling": 0, "calculatedEbitda": 1992000000}, {"date": "2020-12-31", "symbol": "MAR", "reportedCurrency": "USD", "cik": "0001048286", "fillingDate": "2021-02-18", "acceptedDate": "2021-02-18 12:34:16", "calendarYear": "2020", "period": "FY", "revenue": 10571000000, "costOfRevenue": 9112000000, "grossProfit": 1459000000, "grossProfitRatio": 0.1380191089, "researchAndDevelopmentExpenses": 0, "generalAndAdministrativeExpenses": 762000000, "sellingAndMarketingExpenses": 276000000, "sellingGeneralAndAdministrativeExpenses": 762000000, "otherExpenses": 346000000, "operatingExpenses": 1108000000, "costAndExpenses": 10220000000, "interestIncome": 27000000, "interestExpense": 445000000, "depreciationAndAmortization": 346000000, "ebitda": 592000000, "ebitdaratio": 0.0560022704, "operatingIncome": 246000000, "operatingIncomeRatio": 0.0232712137, "totalOtherIncomeExpensesNet": -712000000, "incomeBeforeTax": -466000000, "incomeBeforeTaxRatio": -0.0440828682, "incomeTaxExpense": -199000000, "netIncome": -267000000, "netIncomeRatio": -0.0252577807, "eps": -0.82, "epsdiluted": -0.82, "weightedAverageShsOut": 325800000, "weightedAverageShsOutDil": 325800000, "link": "https://www.sec.gov/Archives/edgar/data/1048286/000162828021002433/0001628280-21-002433-index.htm", "finalLink": "https://www.sec.gov/Archives/edgar/data/1048286/000162828021002433/mar-20201231.htm", "calculatedOtherExpenses": 451000000, "calculatedOperatingExpenses": 1213000000, "calculatedNetInterest": -418000000, "calculatedOtherIncome": -294000000, "calculatedIncomeNonControlling": 0, "calculatedEbitda": 592000000}, {"date": "2019-12-31", "symbol": "MAR", "reportedCurrency": "USD", "cik": "0001048286", "fillingDate": "2020-02-27", "acceptedDate": "2020-02-27 11:40:50", "calendarYear": "2019", "period": "FY", "revenue": 20972000000, "costOfRevenue": 17755000000, "grossProfit": 3217000000, "grossProfitRatio": 0.1533950029, "researchAndDevelopmentExpenses": 0, "generalAndAdministrativeExpenses": 938000000, "sellingAndMarketingExpenses": 851000000, "sellingGeneralAndAdministrativeExpenses": 938000000, "otherExpenses": 341000000, "operatingExpenses": 1279000000, "costAndExpenses": 19034000000, "interestIncome": 26000000, "interestExpense": 394000000, "depreciationAndAmortization": 672000000, "ebitda": 2472000000, "ebitdaratio": 0.1178714476, "operatingIncome": 1800000000, "operatingIncomeRatio": 0.085828724, "totalOtherIncomeExpensesNet": -201000000, "incomeBeforeTax": 1599000000, "incomeBeforeTaxRatio": 0.0762445165, "incomeTaxExpense": 326000000, "netIncome": 1273000000, "netIncomeRatio": 0.0606999809, "eps": 3.83, "epsdiluted": 3.79, "weightedAverageShsOut": 332700000, "weightedAverageShsOutDil": 335500000, "link": "https://www.sec.gov/Archives/edgar/data/1048286/000162828020002376/0001628280-20-002376-index.htm", "finalLink": "https://www.sec.gov/Archives/edgar/data/1048286/000162828020002376/mar-q42019x10k.htm", "calculatedOtherExpenses": 479000000, "calculatedOperatingExpenses": 1417000000, "calculatedNetInterest": -368000000, "calculatedOtherIncome": 167000000, "calculatedIncomeNonControlling": 0, "calculatedEbitda": 2472000000}, {"date": "2018-12-31", "symbol": "MAR", "reportedCurrency": "USD", "cik": "0001048286", "fillingDate": "2019-03-01", "acceptedDate": "2019-03-01 12:09:20", "calendarYear": "2018", "period": "FY", "revenue": 20690000000, "costOfRevenue": 17150000000, "grossProfit": 3540000000, "grossProfitRatio": 0.1710971484, "researchAndDevelopmentExpenses": 0, "generalAndAdministrativeExpenses": 927000000, "sellingAndMarketingExpenses": 660000000, "sellingGeneralAndAdministrativeExpenses": 927000000, "otherExpenses": 194000000, "operatingExpenses": 1153000000, "costAndExpenses": 18303000000, "interestIncome": 22000000, "interestExpense": 340000000, "depreciationAndAmortization": 226000000, "ebitda": 2932000000, "ebitdaratio": 0.1417109715, "operatingIncome": 2232000000, "operatingIncomeRatio": 0.107878202, "totalOtherIncomeExpensesNet": 142000000, "incomeBeforeTax": 2211000000, "incomeBeforeTaxRatio": 0.1068632189, "incomeTaxExpense": 403000000, "netIncome": 1808000000, "netIncomeRatio": 0.0873852102, "eps": 5.16, "epsdiluted": 5.1, "weightedAverageShsOut": 350100000, "weightedAverageShsOutDil": 354200000, "link": "https://www.sec.gov/Archives/edgar/data/1048286/000162828019002337/0001628280-19-002337-index.htm", "finalLink": "https://www.sec.gov/Archives/edgar/data/1048286/000162828019002337/mar-q42018x10k.htm", "calculatedOtherExpenses": 381000000, "calculatedOperatingExpenses": 1308000000, "calculatedNetInterest": -318000000, "calculatedOtherIncome": 297000000, "calculatedIncomeNonControlling": 0, "calculatedEbitda": 2458000000}, {"date": "2017-12-31", "symbol": "MAR", "reportedCurrency": "USD", "cik": "0001048286", "fillingDate": "2018-02-15", "acceptedDate": "2018-02-15 15:50:50", "calendarYear": "2017", "period": "FY", "revenue": 20452000000, "costOfRevenue": 16639000000, "grossProfit": 3813000000, "grossProfitRatio": 0.1864365343, "researchAndDevelopmentExpenses": 0, "generalAndAdministrativeExpenses": 921000000, "sellingAndMarketingExpenses": 562000000, "sellingGeneralAndAdministrativeExpenses": 921000000, "otherExpenses": 688000000, "operatingExpenses": 1150000000, "costAndExpenses": 17789000000, "interestIncome": 38000000, "interestExpense": 288000000, "depreciationAndAmortization": 229000000, "ebitda": 3658000000, "ebitdaratio": 0.1788578134, "operatingIncome": 2504000000, "operatingIncomeRatio": 0.1224330139, "totalOtherIncomeExpensesNet": 569000000, "incomeBeforeTax": 2982000000, "incomeBeforeTaxRatio": 0.1458048113, "incomeTaxExpense": 1523000000, "netIncome": 1459000000, "netIncomeRatio": 0.0713377665, "eps": 3.89, "epsdiluted": 3.84, "weightedAverageShsOut": 375200000, "weightedAverageShsOutDil": 379900000, "link": "https://www.sec.gov/Archives/edgar/data/1048286/000162828018001756/0001628280-18-001756-index.htm", "finalLink": "https://www.sec.gov/Archives/edgar/data/1048286/000162828018001756/mar-q42017x10k.htm", "calculatedOtherExpenses": 388000000, "calculatedOperatingExpenses": 1309000000, "calculatedNetInterest": -250000000, "calculatedOtherIncome": 728000000, "calculatedIncomeNonControlling": 0, "calculatedEbitda": 2733000000}, {"date": "2016-12-31", "symbol": "MAR", "reportedCurrency": "USD", "cik": "0001048286", "fillingDate": "2017-02-21", "acceptedDate": "2017-02-21 15:55:33", "calendarYear": "2016", "period": "FY", "revenue": 17072000000, "costOfRevenue": 14446000000, "grossProfit": 2626000000, "grossProfitRatio": 0.153819119, "researchAndDevelopmentExpenses": 0, "generalAndAdministrativeExpenses": 704000000, "sellingAndMarketingExpenses": 409000000, "sellingGeneralAndAdministrativeExpenses": 704000000, "otherExpenses": 5000000, "operatingExpenses": 872000000, "costAndExpenses": 15318000000, "interestIncome": 35000000, "interestExpense": 234000000, "depreciationAndAmortization": 168000000, "ebitda": 1972000000, "ebitdaratio": 0.1155107779, "operatingIncome": 1368000000, "operatingIncomeRatio": 0.080131209, "totalOtherIncomeExpensesNet": -371000000, "incomeBeforeTax": 1184000000, "incomeBeforeTaxRatio": 0.0693533271, "incomeTaxExpense": 404000000, "netIncome": 780000000, "netIncomeRatio": 0.0456888472, "eps": 2.78, "epsdiluted": 2.73, "weightedAverageShsOut": 290900000, "weightedAverageShsOutDil": 290900000, "link": "https://www.sec.gov/Archives/edgar/data/1048286/000162828017001506/0001628280-17-001506-index.htm", "finalLink": "https://www.sec.gov/Archives/edgar/data/1048286/000162828017001506/mar-q42016x10k.htm", "calculatedOtherExpenses": 554000000, "calculatedOperatingExpenses": 1258000000, "calculatedNetInterest": -199000000, "calculatedOtherIncome": 15000000, "calculatedIncomeNonControlling": 0, "calculatedEbitda": 1536000000}, {"date": "2015-12-31", "symbol": "MAR", "reportedCurrency": "USD", "cik": "0001048286", "fillingDate": "2016-02-18", "acceptedDate": "2016-02-18 12:08:18", "calendarYear": "2015", "period": "FY", "revenue": 14486000000, "costOfRevenue": 12363000000, "grossProfit": 2123000000, "grossProfitRatio": 0.1465552948, "researchAndDevelopmentExpenses": 0, "generalAndAdministrativeExpenses": 634000000, "sellingAndMarketingExpenses": 0, "sellingGeneralAndAdministrativeExpenses": 634000000, "otherExpenses": 27000000, "operatingExpenses": 773000000, "costAndExpenses": 13136000000, "interestIncome": 29000000, "interestExpense": 167000000, "depreciationAndAmortization": 139000000, "ebitda": 1561000000, "ebitdaratio": 0.1077592158, "operatingIncome": 1350000000, "operatingIncomeRatio": 0.0931934281, "totalOtherIncomeExpensesNet": 43000000, "incomeBeforeTax": 1255000000, "incomeBeforeTaxRatio": 0.0866353721, "incomeTaxExpense": 396000000, "netIncome": 859000000, "netIncomeRatio": 0.0592986332, "eps": 3.22, "epsdiluted": 3.15, "weightedAverageShsOut": 267300000, "weightedAverageShsOutDil": 272800000, "link": "https://www.sec.gov/Archives/edgar/data/1048286/000162828016011346/0001628280-16-011346-index.htm", "finalLink": "https://www.sec.gov/Archives/edgar/data/1048286/000162828016011346/mar-q42015x10k.htm", "calculatedOtherExpenses": 139000000, "calculatedOperatingExpenses": 773000000, "calculatedNetInterest": -138000000, "calculatedOtherIncome": 43000000, "calculatedIncomeNonControlling": 0, "calculatedEbitda": 1489000000}, {"date": "2014-12-31", "symbol": "MAR", "reportedCurrency": "USD", "cik": "0001048286", "fillingDate": "2015-02-19", "acceptedDate": "2015-02-19 12:08:23", "calendarYear": "2014", "period": "FY", "revenue": 13796000000, "costOfRevenue": 11830000000, "grossProfit": 1966000000, "grossProfitRatio": 0.1425050739, "researchAndDevelopmentExpenses": 0, "generalAndAdministrativeExpenses": 659000000, "sellingAndMarketingExpenses": 0, "sellingGeneralAndAdministrativeExpenses": 659000000, "otherExpenses": 8000000, "operatingExpenses": 807000000, "costAndExpenses": 12637000000, "interestIncome": 30000000, "interestExpense": 115000000, "depreciationAndAmortization": 148000000, "ebitda": 1351000000, "ebitdaratio": 0.0979269353, "operatingIncome": 1159000000, "operatingIncomeRatio": 0.0840098579, "totalOtherIncomeExpensesNet": 14000000, "incomeBeforeTax": 1088000000, "incomeBeforeTaxRatio": 0.0788634387, "incomeTaxExpense": 335000000, "netIncome": 753000000, "netIncomeRatio": 0.054581038, "eps": 2.6, "epsdiluted": 2.54, "weightedAverageShsOut": 289900000, "weightedAverageShsOutDil": 296800000, "link": "https://www.sec.gov/Archives/edgar/data/1048286/000162828015000842/0001628280-15-000842-index.htm", "finalLink": "https://www.sec.gov/Archives/edgar/data/1048286/000162828015000842/mar-q42014x10k.htm", "calculatedOtherExpenses": 148000000, "calculatedOperatingExpenses": 807000000, "calculatedNetInterest": -85000000, "calculatedOtherIncome": 14000000, "calculatedIncomeNonControlling": 0, "calculatedEbitda": 1307000000}, {"date": "2013-12-31", "symbol": "MAR", "reportedCurrency": "USD", "cik": "0001048286", "fillingDate": "2014-02-20", "acceptedDate": "2014-02-20 13:27:51", "calendarYear": "2013", "period": "FY", "revenue": 12784000000, "costOfRevenue": 11070000000, "grossProfit": 1714000000, "grossProfitRatio": 0.1340738423, "researchAndDevelopmentExpenses": 0, "generalAndAdministrativeExpenses": 726000000, "sellingAndMarketingExpenses": 0, "sellingGeneralAndAdministrativeExpenses": 726000000, "otherExpenses": 11000000, "operatingExpenses": 726000000, "costAndExpenses": 11796000000, "interestIncome": 23000000, "interestExpense": 120000000, "depreciationAndAmortization": 127000000, "ebitda": 1144000000, "ebitdaratio": 0.0894868586, "operatingIncome": 988000000, "operatingIncomeRatio": 0.0772841051, "totalOtherIncomeExpensesNet": 6000000, "incomeBeforeTax": 897000000, "incomeBeforeTaxRatio": 0.0701658323, "incomeTaxExpense": 271000000, "netIncome": 626000000, "netIncomeRatio": 0.0489674593, "eps": 2.05, "epsdiluted": 2, "weightedAverageShsOut": 305000000, "weightedAverageShsOutDil": 313000000, "link": "https://www.sec.gov/Archives/edgar/data/1048286/000144530514000495/0001445305-14-000495-index.htm", "finalLink": "https://www.sec.gov/Archives/edgar/data/1048286/000144530514000495/mar-q42013x10k.htm", "calculatedOtherExpenses": 0, "calculatedOperatingExpenses": 726000000, "calculatedNetInterest": -97000000, "calculatedOtherIncome": 6000000, "calculatedIncomeNonControlling": 0, "calculatedEbitda": 1115000000}, {"date": "2012-12-28", "symbol": "MAR", "reportedCurrency": "USD", "cik": "0001048286", "fillingDate": "2013-02-20", "acceptedDate": "2013-02-20 11:12:43", "calendarYear": "2012", "period": "FY", "revenue": 11814000000, "costOfRevenue": 10229000000, "grossProfit": 1585000000, "grossProfitRatio": 0.1341628576, "researchAndDevelopmentExpenses": 0, "generalAndAdministrativeExpenses": 645000000, "sellingAndMarketingExpenses": 0, "sellingGeneralAndAdministrativeExpenses": 645000000, "otherExpenses": 42000000, "operatingExpenses": 645000000, "costAndExpenses": 10874000000, "interestIncome": 17000000, "interestExpense": 137000000, "depreciationAndAmortization": 145000000, "ebitda": 986000000, "ebitdaratio": 0.0834603013, "operatingIncome": 940000000, "operatingIncomeRatio": 0.0795666159, "totalOtherIncomeExpensesNet": 29000000, "incomeBeforeTax": 849000000, "incomeBeforeTaxRatio": 0.0718638903, "incomeTaxExpense": 278000000, "netIncome": 571000000, "netIncomeRatio": 0.0483324869, "eps": 1.77, "epsdiluted": 1.72, "weightedAverageShsOut": 322600000, "weightedAverageShsOutDil": 332900000, "link": "https://www.sec.gov/Archives/edgar/data/1048286/000144530513000255/0001445305-13-000255-index.htm", "finalLink": "https://www.sec.gov/Archives/edgar/data/1048286/000144530513000255/mar-q42012x10k.htm", "calculatedOtherExpenses": 0, "calculatedOperatingExpenses": 645000000, "calculatedNetInterest": -120000000, "calculatedOtherIncome": 29000000, "calculatedIncomeNonControlling": 0, "calculatedEbitda": 1085000000}, {"date": "2011-12-30", "symbol": "MAR", "reportedCurrency": "USD", "cik": "0001048286", "fillingDate": "2012-02-16", "acceptedDate": "2012-02-16 15:34:57", "calendarYear": "2011", "period": "FY", "revenue": 12317000000, "costOfRevenue": 11039000000, "grossProfit": 1278000000, "grossProfitRatio": 0.1037590322, "researchAndDevelopmentExpenses": 0, "generalAndAdministrativeExpenses": 752000000, "sellingAndMarketingExpenses": 0, "sellingGeneralAndAdministrativeExpenses": 752000000, "otherExpenses": 342000000, "operatingExpenses": 752000000, "costAndExpenses": 11791000000, "interestIncome": 14000000, "interestExpense": 164000000, "depreciationAndAmortization": 168000000, "ebitda": 708000000, "ebitdaratio": 0.0574815296, "operatingIncome": 526000000, "operatingIncomeRatio": 0.0427052042, "totalOtherIncomeExpensesNet": -20000000, "incomeBeforeTax": 356000000, "incomeBeforeTaxRatio": 0.028903142, "incomeTaxExpense": 158000000, "netIncome": 198000000, "netIncomeRatio": 0.016075343, "eps": 0.56, "epsdiluted": 0.55, "weightedAverageShsOut": 350100000, "weightedAverageShsOutDil": 362300000, "link": "https://www.sec.gov/Archives/edgar/data/1048286/000144530512000342/0001445305-12-000342-index.htm", "finalLink": "https://www.sec.gov/Archives/edgar/data/1048286/000144530512000342/mar-q42011x10k.htm", "calculatedOtherExpenses": 0, "calculatedOperatingExpenses": 752000000, "calculatedNetInterest": -150000000, "calculatedOtherIncome": -20000000, "calculatedIncomeNonControlling": 0, "calculatedEbitda": 694000000}, {"date": "2010-12-31", "symbol": "MAR", "reportedCurrency": "USD", "cik": "0001048286", "fillingDate": "2011-02-18", "acceptedDate": "2011-02-18 10:27:36", "calendarYear": "2010", "period": "FY", "revenue": 11691000000, "costOfRevenue": 10216000000, "grossProfit": 1475000000, "grossProfitRatio": 0.1261654264, "researchAndDevelopmentExpenses": 0, "generalAndAdministrativeExpenses": 780000000, "sellingAndMarketingExpenses": 0, "sellingGeneralAndAdministrativeExpenses": 780000000, "otherExpenses": 35000000, "operatingExpenses": 780000000, "costAndExpenses": 10996000000, "interestIncome": 19000000, "interestExpense": 180000000, "depreciationAndAmortization": 178000000, "ebitda": 731000000, "ebitdaratio": 0.06252673, "operatingIncome": 695000000, "operatingIncomeRatio": 0.0594474382, "totalOtherIncomeExpensesNet": 17000000, "incomeBeforeTax": 551000000, "incomeBeforeTaxRatio": 0.0471302711, "incomeTaxExpense": 93000000, "netIncome": 458000000, "netIncomeRatio": 0.0391754341, "eps": 1.26, "epsdiluted": 1.21, "weightedAverageShsOut": 362800000, "weightedAverageShsOutDil": 378300000, "link": "https://www.sec.gov/Archives/edgar/data/1048286/000119312511039869/0001193125-11-039869-index.htm", "finalLink": "https://www.sec.gov/Archives/edgar/data/1048286/000119312511039869/d10k.htm", "calculatedOtherExpenses": 0, "calculatedOperatingExpenses": 780000000, "calculatedNetInterest": -161000000, "calculatedOtherIncome": 17000000, "calculatedIncomeNonControlling": 0, "calculatedEbitda": 873000000}, {"date": "2009-12-31", "symbol": "MAR", "reportedCurrency": "USD", "cik": "0001048286", "fillingDate": "2010-02-12", "acceptedDate": "2010-02-12 16:10:55", "calendarYear": "2009", "period": "FY", "revenue": 10908000000, "costOfRevenue": 9673000000, "grossProfit": 1235000000, "grossProfitRatio": 0.1132196553, "researchAndDevelopmentExpenses": 0, "generalAndAdministrativeExpenses": 622000000, "sellingAndMarketingExpenses": 100000000, "sellingGeneralAndAdministrativeExpenses": 722000000, "otherExpenses": 926000000, "operatingExpenses": 722000000, "costAndExpenses": 10395000000, "interestIncome": 25000000, "interestExpense": 118000000, "depreciationAndAmortization": 185000000, "ebitda": 657000000, "ebitdaratio": 0.0602310231, "operatingIncome": -152000000, "operatingIncomeRatio": -0.0139347268, "totalOtherIncomeExpensesNet": -838000000, "incomeBeforeTax": -418000000, "incomeBeforeTaxRatio": -0.0383204987, "incomeTaxExpense": -65000000, "netIncome": -346000000, "netIncomeRatio": -0.0317198387, "eps": -0.97, "epsdiluted": -0.97, "weightedAverageShsOut": 356400000, "weightedAverageShsOutDil": 356400000, "link": "https://www.sec.gov/Archives/edgar/data/1048286/000119312510030603/0001193125-10-030603-index.htm", "finalLink": "https://www.sec.gov/Archives/edgar/data/1048286/000119312510030603/d10k.htm", "calculatedOtherExpenses": 665000000, "calculatedOperatingExpenses": 1387000000, "calculatedNetInterest": -93000000, "calculatedOtherIncome": -173000000, "calculatedIncomeNonControlling": -7000000, "calculatedEbitda": 33000000}, {"date": "2008-12-31", "symbol": "MAR", "reportedCurrency": "USD", "cik": "0001048286", "fillingDate": "2009-02-12", "acceptedDate": "2009-02-12 16:45:33", "calendarYear": "2008", "period": "FY", "revenue": 12879000000, "costOfRevenue": 11256000000, "grossProfit": 1623000000, "grossProfitRatio": 0.1260191009, "researchAndDevelopmentExpenses": 0, "generalAndAdministrativeExpenses": 783000000, "sellingAndMarketingExpenses": 20000000, "sellingGeneralAndAdministrativeExpenses": 803000000, "otherExpenses": 27000000, "operatingExpenses": 783000000, "costAndExpenses": 12039000000, "interestIncome": 0, "interestExpense": 0, "depreciationAndAmortization": 190000000, "ebitda": 1047000000, "ebitdaratio": 0.0812951316, "operatingIncome": 785000000, "operatingIncomeRatio": 0.0609519373, "totalOtherIncomeExpensesNet": -2000000, "incomeBeforeTax": 694000000, "incomeBeforeTaxRatio": 0.0538861713, "incomeTaxExpense": 350000000, "netIncome": 362000000, "netIncomeRatio": 0.0281077723, "eps": 1.02, "epsdiluted": 0.98, "weightedAverageShsOut": 355600000, "weightedAverageShsOutDil": 370700000, "link": "https://www.sec.gov/Archives/edgar/data/1048286/000119312509027236/0001193125-09-027236-index.htm", "finalLink": "https://www.sec.gov/Archives/edgar/data/1048286/000119312509027236/d10k.htm", "calculatedOtherExpenses": 35000000, "calculatedOperatingExpenses": 838000000, "calculatedNetInterest": 0, "calculatedOtherIncome": -91000000, "calculatedIncomeNonControlling": -18000000, "calculatedEbitda": 975000000}, {"date": "2007-12-28", "symbol": "MAR", "reportedCurrency": "USD", "cik": "0001048286", "fillingDate": "2008-02-15", "acceptedDate": "2008-02-15 17:11:16", "calendarYear": "2007", "period": "FY", "revenue": 12990000000, "costOfRevenue": 11034000000, "grossProfit": 1956000000, "grossProfitRatio": 0.1505773672, "researchAndDevelopmentExpenses": 0, "generalAndAdministrativeExpenses": 768000000, "sellingAndMarketingExpenses": 17000000, "sellingGeneralAndAdministrativeExpenses": 785000000, "otherExpenses": -28000000, "operatingExpenses": 768000000, "costAndExpenses": 11802000000, "interestIncome": 0, "interestExpense": 0, "depreciationAndAmortization": 197000000, "ebitda": 1288000000, "ebitdaratio": 0.0991531948, "operatingIncome": 1188000000, "operatingIncomeRatio": 0.0914549654, "totalOtherIncomeExpensesNet": 112000000, "incomeBeforeTax": 1137000000, "incomeBeforeTaxRatio": 0.0875288684, "incomeTaxExpense": 441000000, "netIncome": 696000000, "netIncomeRatio": 0.0535796767, "eps": 1.83, "epsdiluted": 1.73, "weightedAverageShsOut": 380328086, "weightedAverageShsOutDil": 402061120, "link": "https://www.sec.gov/Archives/edgar/data/1048286/000119312508032582/0001193125-08-032582-index.htm", "finalLink": "https://www.sec.gov/Archives/edgar/data/1048286/000119312508032582/d10k.htm", "calculatedOtherExpenses": -17000000, "calculatedOperatingExpenses": 768000000, "calculatedNetInterest": 0, "calculatedOtherIncome": -51000000, "calculatedIncomeNonControlling": 0, "calculatedEbitda": 1385000000}, {"date": "2006-12-29", "symbol": "MAR", "reportedCurrency": "USD", "cik": "0001048286", "fillingDate": "2007-02-21", "acceptedDate": "2007-02-21 10:38:22", "calendarYear": "2006", "period": "FY", "revenue": 12160000000, "costOfRevenue": 10472000000, "grossProfit": 1688000000, "grossProfitRatio": 0.1388157895, "researchAndDevelopmentExpenses": 0, "generalAndAdministrativeExpenses": 683000000, "sellingAndMarketingExpenses": -9000000, "sellingGeneralAndAdministrativeExpenses": 674000000, "otherExpenses": -6000000, "operatingExpenses": 677000000, "costAndExpenses": 11149000000, "interestIncome": 0, "interestExpense": 0, "depreciationAndAmortization": 188000000, "ebitda": 1140000000, "ebitdaratio": 0.09375, "operatingIncome": 1011000000, "operatingIncomeRatio": 0.0831414474, "totalOtherIncomeExpensesNet": 62000000, "incomeBeforeTax": 997000000, "incomeBeforeTaxRatio": 0.0819901316, "incomeTaxExpense": 286000000, "netIncome": 608000000, "netIncomeRatio": 0.05, "eps": 1.48, "epsdiluted": 1.39, "weightedAverageShsOut": 409763440, "weightedAverageShsOutDil": 435918553, "link": "https://www.sec.gov/Archives/edgar/data/1048286/000119312507035757/0001193125-07-035757-index.htm", "finalLink": "https://www.sec.gov/Archives/edgar/data/1048286/000119312507035757/d10k.htm", "calculatedOtherExpenses": 3000000, "calculatedOperatingExpenses": 677000000, "calculatedNetInterest": 0, "calculatedOtherIncome": -14000000, "calculatedIncomeNonControlling": 103000000, "calculatedEbitda": 1199000000}, {"date": "2005-12-30", "symbol": "MAR", "reportedCurrency": "USD", "cik": "0001048286", "fillingDate": "2006-02-22", "acceptedDate": "2006-02-22 15:09:18", "calendarYear": "2005", "period": "FY", "revenue": 11550000000, "costOfRevenue": 10242000000, "grossProfit": 1308000000, "grossProfitRatio": 0.1132467532, "researchAndDevelopmentExpenses": 0, "generalAndAdministrativeExpenses": 748000000, "sellingAndMarketingExpenses": 5000000, "sellingGeneralAndAdministrativeExpenses": 753000000, "otherExpenses": 5000000, "operatingExpenses": 753000000, "costAndExpenses": 10995000000, "interestIncome": 0, "interestExpense": 0, "depreciationAndAmortization": 184000000, "ebitda": 550000000, "ebitdaratio": 0.0476190476, "operatingIncome": 555000000, "operatingIncomeRatio": 0.0480519481, "totalOtherIncomeExpensesNet": 189000000, "incomeBeforeTax": 717000000, "incomeBeforeTaxRatio": 0.0620779221, "incomeTaxExpense": 94000000, "netIncome": 669000000, "netIncomeRatio": 0.0579220779, "eps": 1.61, "epsdiluted": 1.43, "weightedAverageShsOut": 445634246, "weightedAverageShsOutDil": 466421974, "link": "https://www.sec.gov/Archives/edgar/data/1048286/000119312506036627/0001193125-06-036627-index.htm", "finalLink": "https://www.sec.gov/Archives/edgar/data/1048286/000119312506036627/d10k.htm", "calculatedOtherExpenses": 0, "calculatedOperatingExpenses": 753000000, "calculatedNetInterest": 0, "calculatedOtherIncome": 162000000, "calculatedIncomeNonControlling": -46000000, "calculatedEbitda": 739000000}, {"date": "2004-12-31", "symbol": "MAR", "reportedCurrency": "USD", "cik": "0001048286", "fillingDate": "2005-02-23", "acceptedDate": "2005-02-22 21:19:03", "calendarYear": "2004", "period": "FY", "revenue": 10099000000, "costOfRevenue": 9015000000, "grossProfit": 1084000000, "grossProfitRatio": 0.1073373601, "researchAndDevelopmentExpenses": 0, "generalAndAdministrativeExpenses": 0, "sellingAndMarketingExpenses": 0, "sellingGeneralAndAdministrativeExpenses": 607000000, "otherExpenses": 607000000, "operatingExpenses": 607000000, "costAndExpenses": 9622000000, "interestIncome": 0, "interestExpense": 0, "depreciationAndAmortization": 166000000, "ebitda": 485000000, "ebitdaratio": 0.0480245569, "operatingIncome": 477000000, "operatingIncomeRatio": 0.0472323992, "totalOtherIncomeExpensesNet": 130000000, "incomeBeforeTax": 654000000, "incomeBeforeTaxRatio": 0.064758887, "incomeTaxExpense": 100000000, "netIncome": 596000000, "netIncomeRatio": 0.0590157441, "eps": 1.31, "epsdiluted": 1.23, "weightedAverageShsOut": 459718796, "weightedAverageShsOutDil": 485898392, "link": "https://www.sec.gov/Archives/edgar/data/1048286/000119312505034535/0001193125-05-034535-index.htm", "finalLink": "https://www.sec.gov/Archives/edgar/data/1048286/000119312505034535/d10k.htm", "calculatedOtherExpenses": 0, "calculatedOperatingExpenses": 607000000, "calculatedNetInterest": 0, "calculatedOtherIncome": 177000000, "calculatedIncomeNonControlling": -42000000, "calculatedEbitda": 643000000}, {"date": "2003-12-31", "symbol": "MAR", "reportedCurrency": "USD", "cik": "0001048286", "fillingDate": "2004-02-23", "acceptedDate": "2004-02-23 16:39:42", "calendarYear": "2003", "period": "FY", "revenue": 9014000000, "costOfRevenue": 8114000000, "grossProfit": 900000000, "grossProfitRatio": 0.099844686, "researchAndDevelopmentExpenses": 0, "generalAndAdministrativeExpenses": 530000000, "sellingAndMarketingExpenses": -7000000, "sellingGeneralAndAdministrativeExpenses": 523000000, "otherExpenses": -7000000, "operatingExpenses": 523000000, "costAndExpenses": 8637000000, "interestIncome": 0, "interestExpense": 0, "depreciationAndAmortization": 160000000, "ebitda": 438000000, "ebitdaratio": 0.0485910805, "operatingIncome": 377000000, "operatingIncomeRatio": 0.0418238296, "totalOtherIncomeExpensesNet": 92000000, "incomeBeforeTax": 488000000, "incomeBeforeTaxRatio": 0.0541380075, "incomeTaxExpense": -43000000, "netIncome": 502000000, "netIncomeRatio": 0.0556911471, "eps": 1.08, "epsdiluted": 1.01, "weightedAverageShsOut": 470824527, "weightedAverageShsOutDil": 497535911, "link": "https://www.sec.gov/Archives/edgar/data/1048286/000119312504027964/0001193125-04-027964-index.htm", "finalLink": "https://www.sec.gov/Archives/edgar/data/1048286/000119312504027964/d10k.htm", "calculatedOtherExpenses": 0, "calculatedOperatingExpenses": 523000000, "calculatedNetInterest": 0, "calculatedOtherIncome": 111000000, "calculatedIncomeNonControlling": 29000000, "calculatedEbitda": 537000000}, {"date": "2002-12-31", "symbol": "MAR", "reportedCurrency": "USD", "cik": "0001048286", "fillingDate": "2003-02-14", "acceptedDate": "2003-02-14 09:56:59", "calendarYear": "2002", "period": "FY", "revenue": 8441000000, "costOfRevenue": 7868000000, "grossProfit": 573000000, "grossProfitRatio": 0.0678829523, "researchAndDevelopmentExpenses": 0, "generalAndAdministrativeExpenses": 359000000, "sellingAndMarketingExpenses": -221000000, "sellingGeneralAndAdministrativeExpenses": 138000000, "otherExpenses": 0, "operatingExpenses": 138000000, "costAndExpenses": 8006000000, "interestIncome": 0, "interestExpense": 0, "depreciationAndAmortization": 187000000, "ebitda": 622000000, "ebitdaratio": 0.0736879517, "operatingIncome": 435000000, "operatingIncomeRatio": 0.0515341784, "totalOtherIncomeExpensesNet": 36000000, "incomeBeforeTax": 471000000, "incomeBeforeTaxRatio": 0.0557990759, "incomeTaxExpense": 32000000, "netIncome": 277000000, "netIncomeRatio": 0.0328160171, "eps": 0.58, "epsdiluted": 0.54, "weightedAverageShsOut": 488356731, "weightedAverageShsOutDil": 509140877, "link": "https://www.sec.gov/Archives/edgar/data/1048286/000092838503000294/0000928385-03-000294-index.htm", "finalLink": "https://www.sec.gov/Archives/edgar/data/1048286/000092838503000294/d10k.htm", "calculatedOtherExpenses": 0, "calculatedOperatingExpenses": 138000000, "calculatedNetInterest": 0, "calculatedOtherIncome": 36000000, "calculatedIncomeNonControlling": 162000000, "calculatedEbitda": 622000000}, {"date": "2001-12-28", "symbol": "MAR", "reportedCurrency": "USD", "cik": "0001048286", "fillingDate": "2002-03-22", "acceptedDate": "2002-03-22 00:00:00", "calendarYear": "2001", "period": "FY", "revenue": 10152000000, "costOfRevenue": 9456000000, "grossProfit": 696000000, "grossProfitRatio": 0.0685579196, "researchAndDevelopmentExpenses": 0, "generalAndAdministrativeExpenses": 139000000, "sellingAndMarketingExpenses": 48000000, "sellingGeneralAndAdministrativeExpenses": 187000000, "otherExpenses": 124000000, "operatingExpenses": 187000000, "costAndExpenses": 9643000000, "interestIncome": 0, "interestExpense": 0, "depreciationAndAmortization": 222000000, "ebitda": 855000000, "ebitdaratio": 0.0842198582, "operatingIncome": 385000000, "operatingIncomeRatio": 0.0379235619, "totalOtherIncomeExpensesNet": -124000000, "incomeBeforeTax": 370000000, "incomeBeforeTaxRatio": 0.0364460205, "incomeTaxExpense": 134000000, "netIncome": 236000000, "netIncomeRatio": 0.0232466509, "eps": 0.48, "epsdiluted": 0.46, "weightedAverageShsOut": 494232219, "weightedAverageShsOutDil": 518650807, "link": "https://www.sec.gov/Archives/edgar/data/1048286/000092838502000921/0000928385-02-000921-index.htm", "finalLink": "https://www.sec.gov/Archives/edgar/data/1048286/000092838502000921/d10k.txt", "calculatedOtherExpenses": 124000000, "calculatedOperatingExpenses": 311000000, "calculatedNetInterest": 0, "calculatedOtherIncome": -15000000, "calculatedIncomeNonControlling": 0, "calculatedEbitda": 607000000}, {"date": "2000-12-29", "symbol": "MAR", "reportedCurrency": "USD", "cik": "0001048286", "fillingDate": "2001-03-16", "acceptedDate": "2001-03-16 00:00:00", "calendarYear": "2000", "period": "FY", "revenue": 10017000000, "costOfRevenue": 8900000000, "grossProfit": 1117000000, "grossProfitRatio": 0.1115104323, "researchAndDevelopmentExpenses": 0, "generalAndAdministrativeExpenses": 120000000, "sellingAndMarketingExpenses": 0, "sellingGeneralAndAdministrativeExpenses": 120000000, "otherExpenses": 0, "operatingExpenses": 315000000, "costAndExpenses": 9215000000, "interestIncome": 0, "interestExpense": 0, "depreciationAndAmortization": 195000000, "ebitda": 997000000, "ebitdaratio": 0.0995307976, "operatingIncome": 802000000, "operatingIncomeRatio": 0.0800638914, "totalOtherIncomeExpensesNet": -45000000, "incomeBeforeTax": 757000000, "incomeBeforeTaxRatio": 0.0755715284, "incomeTaxExpense": 278000000, "netIncome": 479000000, "netIncomeRatio": 0.0478187082, "eps": 0.97, "epsdiluted": 0.93, "weightedAverageShsOut": 487017150, "weightedAverageShsOutDil": 515143882, "link": "https://www.sec.gov/Archives/edgar/data/1048286/000092838501000845/0000928385-01-000845-index.htm", "finalLink": "https://www.sec.gov/Archives/edgar/data/1048286/000092838501000845/0000928385-01-000845-0001.txt", "calculatedOtherExpenses": 195000000, "calculatedOperatingExpenses": 315000000, "calculatedNetInterest": 0, "calculatedOtherIncome": -45000000, "calculatedIncomeNonControlling": 0, "calculatedEbitda": 997000000}, {"date": "1999-12-31", "symbol": "MAR", "reportedCurrency": "USD", "cik": "0001048286", "fillingDate": "2000-03-10", "acceptedDate": "2000-03-10 00:00:00", "calendarYear": "1999", "period": "FY", "revenue": 8739000000, "costOfRevenue": 7747000000, "grossProfit": 992000000, "grossProfitRatio": 0.1135141321, "researchAndDevelopmentExpenses": 0, "generalAndAdministrativeExpenses": 164000000, "sellingAndMarketingExpenses": 0, "sellingGeneralAndAdministrativeExpenses": 164000000, "otherExpenses": 162000000, "operatingExpenses": 326000000, "costAndExpenses": 8073000000, "interestIncome": 0, "interestExpense": 0, "depreciationAndAmortization": 162000000, "ebitda": 828000000, "ebitdaratio": 0.0947476828, "operatingIncome": 666000000, "operatingIncomeRatio": 0.0762100927, "totalOtherIncomeExpensesNet": -29000000, "incomeBeforeTax": 637000000, "incomeBeforeTaxRatio": 0.0728916352, "incomeTaxExpense": 237000000, "netIncome": 400000000, "netIncomeRatio": 0.0457718274, "eps": 0.8, "epsdiluted": 0.74, "weightedAverageShsOut": 501421052, "weightedAverageShsOutDil": 539162421, "link": "https://www.sec.gov/Archives/edgar/data/1048286/000092838500000655/0000928385-00-000655-index.html", "finalLink": "https://www.sec.gov/Archives/edgar/data/1048286/000092838500000655/", "calculatedOtherExpenses": 162000000, "calculatedOperatingExpenses": 326000000, "calculatedNetInterest": 0, "calculatedOtherIncome": -29000000, "calculatedIncomeNonControlling": 0, "calculatedEbitda": 828000000}, {"date": "1998-12-31", "symbol": "MAR", "reportedCurrency": "USD", "cik": "0001048286", "fillingDate": "1999-03-16", "acceptedDate": "1999-03-16 00:00:00", "calendarYear": "1998", "period": "FY", "revenue": 7968000000, "costOfRevenue": 7092000000, "grossProfit": 876000000, "grossProfitRatio": 0.109939759, "researchAndDevelopmentExpenses": 0, "generalAndAdministrativeExpenses": 110000000, "sellingAndMarketingExpenses": 0, "sellingGeneralAndAdministrativeExpenses": 110000000, "otherExpenses": 0, "operatingExpenses": 250000000, "costAndExpenses": 7342000000, "interestIncome": 0, "interestExpense": 0, "depreciationAndAmortization": 140000000, "ebitda": 730000000, "ebitdaratio": 0.0916164659, "operatingIncome": 626000000, "operatingIncomeRatio": 0.078564257, "totalOtherIncomeExpensesNet": 36000000, "incomeBeforeTax": 632000000, "incomeBeforeTaxRatio": 0.0793172691, "incomeTaxExpense": 242000000, "netIncome": 390000000, "netIncomeRatio": 0.0489457831, "eps": 0.77, "epsdiluted": 0.72, "weightedAverageShsOut": 505464770, "weightedAverageShsOutDil": 540085644, "link": "https://www.sec.gov/Archives/edgar/data/1048286/000092838599000780/0000928385-99-000780-index.html", "finalLink": "https://www.sec.gov/Archives/edgar/data/1048286/", "calculatedOtherExpenses": 140000000, "calculatedOperatingExpenses": 250000000, "calculatedNetInterest": 0, "calculatedOtherIncome": 6000000, "calculatedIncomeNonControlling": 0, "calculatedEbitda": 766000000}, {"date": "1997-12-31", "symbol": "MAR", "reportedCurrency": "USD", "cik": "0001048286", "fillingDate": "1998-03-06", "acceptedDate": "1998-03-06 00:00:00", "calendarYear": "1997", "period": "FY", "revenue": 9046000000, "costOfRevenue": 0, "grossProfit": 9046000000, "grossProfitRatio": 1, "researchAndDevelopmentExpenses": 0, "generalAndAdministrativeExpenses": 0, "sellingAndMarketingExpenses": 0, "sellingGeneralAndAdministrativeExpenses": 0, "otherExpenses": 8437000000, "operatingExpenses": 8437000000, "costAndExpenses": 8437000000, "interestIncome": 0, "interestExpense": 0, "depreciationAndAmortization": 126000000, "ebitda": 735000000, "ebitdaratio": 0.0812513818, "operatingIncome": 609000000, "operatingIncomeRatio": 0.0673225735, "totalOtherIncomeExpensesNet": -78000000, "incomeBeforeTax": 531000000, "incomeBeforeTaxRatio": 0.0586999779, "incomeTaxExpense": 207000000, "netIncome": 324000000, "netIncomeRatio": 0.0358169357, "eps": 0.63, "epsdiluted": 0.59, "weightedAverageShsOut": 515812867, "weightedAverageShsOutDil": 550489363, "link": "https://www.sec.gov/Archives/edgar/data/1048286/000092838598000395/0000928385-98-000395-index.html", "finalLink": "https://www.sec.gov/Archives/edgar/data/1048286/", "calculatedOtherExpenses": 8437000000, "calculatedOperatingExpenses": 8437000000, "calculatedNetInterest": 0, "calculatedOtherIncome": -78000000, "calculatedIncomeNonControlling": 0, "calculatedEbitda": 735000000}]}