{"originalCurrency": "USD", "convertedCurrency": "USD", "report": [{"date": "2023-12-31", "symbol": "MARA", "reportedCurrency": "USD", "cik": "0001507605", "fillingDate": "2024-02-28", "acceptedDate": "2024-02-28 17:28:40", "calendarYear": "2023", "period": "FY", "revenue": 387508000, "costOfRevenue": 402851000, "grossProfit": -15343000, "grossProfitRatio": -0.0395940213, "researchAndDevelopmentExpenses": 0, "generalAndAdministrativeExpenses": 95230000, "sellingAndMarketingExpenses": 80459000, "sellingGeneralAndAdministrativeExpenses": 95230000, "otherExpenses": 2809000, "operatingExpenses": 95230000, "costAndExpenses": 498081000, "interestIncome": 10350000, "interestExpense": 10350000, "depreciationAndAmortization": 179513000, "ebitda": 68940000, "ebitdaratio": 0.1779060045, "operatingIncome": -110573000, "operatingIncomeRatio": -0.2853437865, "totalOtherIncomeExpensesNet": 388172000, "incomeBeforeTax": 277599000, "incomeBeforeTaxRatio": 0.7163697266, "incomeTaxExpense": 16425999, "netIncome": 261173000, "netIncomeRatio": 0.6739809243, "eps": 1.41, "epsdiluted": 1.35, "weightedAverageShsOut": 183855570, "weightedAverageShsOutDil": 192293277, "link": "https://www.sec.gov/Archives/edgar/data/1507605/000162828024007680/0001628280-24-007680-index.htm", "finalLink": "https://www.sec.gov/Archives/edgar/data/1507605/000162828024007680/mara-20231231.htm", "calculatedOtherExpenses": 0, "calculatedOperatingExpenses": 95230000, "calculatedNetInterest": 0, "calculatedOtherIncome": 388172000, "calculatedIncomeNonControlling": 1, "calculatedEbitda": 68940000}, {"date": "2022-12-31", "symbol": "MARA", "reportedCurrency": "USD", "cik": "0001507605", "fillingDate": "2023-03-16", "acceptedDate": "2023-03-16 15:22:57", "calendarYear": "2022", "period": "FY", "revenue": 117753000, "costOfRevenue": 151426000, "grossProfit": -33673000, "grossProfitRatio": -0.2859629903, "researchAndDevelopmentExpenses": 0, "generalAndAdministrativeExpenses": 82870000, "sellingAndMarketingExpenses": 0, "sellingGeneralAndAdministrativeExpenses": 82870000, "otherExpenses": 1283000, "operatingExpenses": 82870000, "costAndExpenses": 234296000, "interestIncome": 14980000, "interestExpense": 14980000, "depreciationAndAmortization": 627317000, "ebitda": -36551000, "ebitdaratio": -0.3104039812, "operatingIncome": -663868000, "operatingIncomeRatio": -5.6378011601, "totalOtherIncomeExpensesNet": -44710000, "incomeBeforeTax": -708578000, "incomeBeforeTaxRatio": -6.0174942464, "incomeTaxExpense": -21838000, "netIncome": -686740000, "netIncomeRatio": -5.8320382496, "eps": -6.05, "epsdiluted": -6.05, "weightedAverageShsOut": 113467837, "weightedAverageShsOutDil": 113467837, "link": "https://www.sec.gov/Archives/edgar/data/1507605/000149315223007879/0001493152-23-007879-index.htm", "finalLink": "https://www.sec.gov/Archives/edgar/data/1507605/000149315223007879/form10-k.htm", "calculatedOtherExpenses": 547325000, "calculatedOperatingExpenses": 630195000, "calculatedNetInterest": 0, "calculatedOtherIncome": -44710000, "calculatedIncomeNonControlling": 0, "calculatedEbitda": -36551000}, {"date": "2021-12-31", "symbol": "MARA", "reportedCurrency": "USD", "cik": "0001507605", "fillingDate": "2022-03-10", "acceptedDate": "2022-03-10 06:17:33", "calendarYear": "2021", "period": "FY", "revenue": 159163000, "costOfRevenue": 42395000, "grossProfit": 116768000, "grossProfitRatio": 0.733637843, "researchAndDevelopmentExpenses": 0, "generalAndAdministrativeExpenses": 174324000, "sellingAndMarketingExpenses": 31000, "sellingGeneralAndAdministrativeExpenses": 174355000, "otherExpenses": 81827, "operatingExpenses": 144622000, "costAndExpenses": 172113000, "interestIncome": 677415, "interestExpense": 1569731, "depreciationAndAmortization": 14904000, "ebitda": 2241000, "ebitdaratio": 0.0140799055, "operatingIncome": -12663000, "operatingIncomeRatio": -0.079559948, "totalOtherIncomeExpensesNet": -1857000, "incomeBeforeTax": -14520000, "incomeBeforeTaxRatio": -0.0912272325, "incomeTaxExpense": 22576000, "netIncome": -37096000, "netIncomeRatio": -0.2330692435, "eps": -0.37, "epsdiluted": -0.37, "weightedAverageShsOut": 99337587, "weightedAverageShsOutDil": 99337587, "link": "https://www.sec.gov/Archives/edgar/data/1507605/000149315222006446/0001493152-22-006446-index.htm", "finalLink": "https://www.sec.gov/Archives/edgar/data/1507605/000149315222006446/form10-k.htm", "calculatedOtherExpenses": -44924000, "calculatedOperatingExpenses": 129431000, "calculatedNetInterest": -892316, "calculatedOtherIncome": -964684, "calculatedIncomeNonControlling": 0, "calculatedEbitda": 2241000}, {"date": "2020-12-31", "symbol": "MARA", "reportedCurrency": "USD", "cik": "0001507605", "fillingDate": "2021-03-16", "acceptedDate": "2021-03-16 17:23:58", "calendarYear": "2020", "period": "FY", "revenue": 4357443, "costOfRevenue": 11731271, "grossProfit": -7373828, "grossProfitRatio": -1.692237397, "researchAndDevelopmentExpenses": 0, "generalAndAdministrativeExpenses": 1587974, "sellingAndMarketingExpenses": 0, "sellingGeneralAndAdministrativeExpenses": 1587974, "otherExpenses": 46929, "operatingExpenses": 1587974, "costAndExpenses": 13319245, "interestIncome": 18343, "interestExpense": 20984, "depreciationAndAmortization": 4097772, "ebitda": -5735332, "ebitdaratio": -1.3162150371, "operatingIncome": -9833104, "operatingIncomeRatio": -2.2566225192, "totalOtherIncomeExpensesNet": -614667, "incomeBeforeTax": -10447771, "incomeBeforeTaxRatio": -2.3976839169, "incomeTaxExpense": 67913, "netIncome": -10515684, "netIncomeRatio": -2.4132694335, "eps": -0.13, "epsdiluted": -0.13, "weightedAverageShsOut": 81408340, "weightedAverageShsOutDil": 81408340, "link": "https://www.sec.gov/Archives/edgar/data/1507605/000149315221006139/0001493152-21-006139-index.htm", "finalLink": "https://www.sec.gov/Archives/edgar/data/1507605/000149315221006139/form10-k.htm", "calculatedOtherExpenses": 871302, "calculatedOperatingExpenses": 2459276, "calculatedNetInterest": -2641, "calculatedOtherIncome": -612026, "calculatedIncomeNonControlling": 0, "calculatedEbitda": -5735332}, {"date": "2019-12-31", "symbol": "MARA", "reportedCurrency": "USD", "cik": "0001507605", "fillingDate": "2020-03-24", "acceptedDate": "2020-03-23 17:55:47", "calendarYear": "2019", "period": "FY", "revenue": 1185227, "costOfRevenue": 3957631, "grossProfit": -2772404, "grossProfitRatio": -2.3391333475, "researchAndDevelopmentExpenses": 0, "generalAndAdministrativeExpenses": 1018931, "sellingAndMarketingExpenses": 0, "sellingGeneralAndAdministrativeExpenses": 1018931, "otherExpenses": 507862, "operatingExpenses": 1018931, "costAndExpenses": 4976562, "interestIncome": 33651, "interestExpense": 51915, "depreciationAndAmortization": 2066610, "ebitda": -2172501, "ebitdaratio": -1.8329830488, "operatingIncome": -4239111, "operatingIncomeRatio": -3.5766237185, "totalOtherIncomeExpensesNet": 722046, "incomeBeforeTax": -3517065, "incomeBeforeTaxRatio": -2.9674188995, "incomeTaxExpense": 559777, "netIncome": -4076842, "netIncomeRatio": -3.4397140801, "eps": -0.61, "epsdiluted": -0.61, "weightedAverageShsOut": 6664238, "weightedAverageShsOutDil": 6664238, "link": "https://www.sec.gov/Archives/edgar/data/1507605/000149315220004558/0001493152-20-004558-index.htm", "finalLink": "https://www.sec.gov/Archives/edgar/data/1507605/000149315220004558/form10-k.htm", "calculatedOtherExpenses": 447776, "calculatedOperatingExpenses": 1466707, "calculatedNetInterest": -18264, "calculatedOtherIncome": 740310, "calculatedIncomeNonControlling": 0, "calculatedEbitda": -2172501}, {"date": "2018-12-31", "symbol": "MARA", "reportedCurrency": "USD", "cik": "0001507605", "fillingDate": "2019-03-25", "acceptedDate": "2019-03-25 16:34:54", "calendarYear": "2018", "period": "FY", "revenue": 1562372, "costOfRevenue": 5336059, "grossProfit": -3773687, "grossProfitRatio": -2.4153575461, "researchAndDevelopmentExpenses": 0, "generalAndAdministrativeExpenses": 3229961, "sellingAndMarketingExpenses": 0, "sellingGeneralAndAdministrativeExpenses": 3229961, "otherExpenses": 112471, "operatingExpenses": 6079961, "costAndExpenses": 11416020, "interestIncome": 14230, "interestExpense": 2371510, "depreciationAndAmortization": 2069712, "ebitda": -7657235, "ebitdaratio": -4.9010318925, "operatingIncome": -12076336, "operatingIncomeRatio": -7.7294882397, "totalOtherIncomeExpensesNet": -534262, "incomeBeforeTax": -12745190, "incomeBeforeTaxRatio": -8.1575898698, "incomeTaxExpense": 69134, "netIncome": -12814324, "netIncomeRatio": -8.2018392547, "eps": -2.41, "epsdiluted": -2.41, "weightedAverageShsOut": 5315944, "weightedAverageShsOutDil": 5315944, "link": "https://www.sec.gov/Archives/edgar/data/1507605/000149315219003868/0001493152-19-003868-index.htm", "finalLink": "https://www.sec.gov/Archives/edgar/data/1507605/000149315219003868/form10-k.htm", "calculatedOtherExpenses": 5072688, "calculatedOperatingExpenses": 8302649, "calculatedNetInterest": -2357280, "calculatedOtherIncome": 1688426, "calculatedIncomeNonControlling": 0, "calculatedEbitda": -10006624}, {"date": "2017-12-31", "symbol": "MARA", "reportedCurrency": "USD", "cik": "0001507605", "fillingDate": "2018-04-16", "acceptedDate": "2018-04-16 17:15:58", "calendarYear": "2017", "period": "FY", "revenue": 519622, "costOfRevenue": 7833218, "grossProfit": -7313596, "grossProfitRatio": -14.0748390176, "researchAndDevelopmentExpenses": 0, "generalAndAdministrativeExpenses": 4166344, "sellingAndMarketingExpenses": 0, "sellingGeneralAndAdministrativeExpenses": 4166344, "otherExpenses": 1278984, "operatingExpenses": 4166344, "costAndExpenses": 11999562, "interestIncome": 2793, "interestExpense": 4870932, "depreciationAndAmortization": 1850268, "ebitda": -8347895, "ebitdaratio": -16.0653224844, "operatingIncome": -14183490, "operatingIncomeRatio": -27.2957842432, "totalOtherIncomeExpensesNet": -15089442, "incomeBeforeTax": -31437521, "incomeBeforeTaxRatio": -60.5007505456, "incomeTaxExpense": -103952, "netIncome": -31333569, "netIncomeRatio": -60.3006974301, "eps": -19.2, "epsdiluted": -19.2, "weightedAverageShsOut": 1630662, "weightedAverageShsOutDil": 1630662, "link": "https://www.sec.gov/Archives/edgar/data/1507605/000149315218005254/0001493152-18-005254-index.htm", "finalLink": "https://www.sec.gov/Archives/edgar/data/1507605/000149315218005254/form10-k.htm", "calculatedOtherExpenses": 2703550, "calculatedOperatingExpenses": 6869894, "calculatedNetInterest": -4868139, "calculatedOtherIncome": -12385892, "calculatedIncomeNonControlling": 0, "calculatedEbitda": -12333222}, {"date": "2016-12-31", "symbol": "MARA", "reportedCurrency": "USD", "cik": "0001507605", "fillingDate": "2017-04-05", "acceptedDate": "2017-04-04 18:01:31", "calendarYear": "2016", "period": "FY", "revenue": 36629276, "costOfRevenue": 19064473, "grossProfit": 17564803, "grossProfitRatio": 0.4795290794, "researchAndDevelopmentExpenses": 0, "generalAndAdministrativeExpenses": 9400224, "sellingAndMarketingExpenses": 0, "sellingGeneralAndAdministrativeExpenses": 9400224, "otherExpenses": 1775418, "operatingExpenses": 16853228, "costAndExpenses": 35917701, "interestIncome": 4353, "interestExpense": 3140375, "depreciationAndAmortization": 7457266, "ebitda": 8173194, "ebitdaratio": 0.2231328296, "operatingIncome": -15583614, "operatingIncomeRatio": -0.4254414966, "totalOtherIncomeExpensesNet": -14887618, "incomeBeforeTax": -17312065, "incomeBeforeTaxRatio": -0.4726291887, "incomeTaxExpense": 11516807, "netIncome": -28665024, "netIncomeRatio": -0.7825714055, "eps": -30.2, "epsdiluted": -30.2, "weightedAverageShsOut": 948628, "weightedAverageShsOutDil": 948628, "link": "https://www.sec.gov/Archives/edgar/data/1507605/000110465917021458/0001104659-17-021458-index.htm", "finalLink": "https://www.sec.gov/Archives/edgar/data/1507605/000110465917021458/a17-1184_110k.htm", "calculatedOtherExpenses": 23748193, "calculatedOperatingExpenses": 33148417, "calculatedNetInterest": -3136022, "calculatedOtherIncome": 1407571, "calculatedIncomeNonControlling": -163848, "calculatedEbitda": -8126348}, {"date": "2015-12-31", "symbol": "MARA", "reportedCurrency": "USD", "cik": "0001507605", "fillingDate": "2016-03-30", "acceptedDate": "2016-03-30 16:04:38", "calendarYear": "2015", "period": "FY", "revenue": 18977794, "costOfRevenue": 22023044, "grossProfit": -3045250, "grossProfitRatio": -0.1604638558, "researchAndDevelopmentExpenses": 0, "generalAndAdministrativeExpenses": 6016608, "sellingAndMarketingExpenses": 0, "sellingGeneralAndAdministrativeExpenses": 6016608, "otherExpenses": 6307822, "operatingExpenses": 16841772, "costAndExpenses": 38864816, "interestIncome": 1068, "interestExpense": 4245982, "depreciationAndAmortization": 10832742, "ebitda": -2745391, "ebitdaratio": -0.1446633365, "operatingIncome": -25680432, "operatingIncomeRatio": -1.3531831993, "totalOtherIncomeExpensesNet": -964370, "incomeBeforeTax": -25096307, "incomeBeforeTaxRatio": -1.3224038052, "incomeTaxExpense": -8156448, "netIncome": -16939859, "netIncomeRatio": -0.8926147581, "eps": -19.04, "epsdiluted": -19.04, "weightedAverageShsOut": 888049, "weightedAverageShsOutDil": 888049, "link": "https://www.sec.gov/Archives/edgar/data/1507605/000110465916108696/0001104659-16-108696-index.htm", "finalLink": "https://www.sec.gov/Archives/edgar/data/1507605/000110465916108696/a16-6075_110k.htm", "calculatedOtherExpenses": 16618574, "calculatedOperatingExpenses": 22635182, "calculatedNetInterest": -4244914, "calculatedOtherIncome": 4829039, "calculatedIncomeNonControlling": 0, "calculatedEbitda": -14847690}, {"date": "2014-12-31", "symbol": "MARA", "reportedCurrency": "USD", "cik": "0001507605", "fillingDate": "2015-03-26", "acceptedDate": "2015-03-26 16:06:35", "calendarYear": "2014", "period": "FY", "revenue": 21404469, "costOfRevenue": 11787445, "grossProfit": 9617024, "grossProfitRatio": 0.4492998168, "researchAndDevelopmentExpenses": 0, "generalAndAdministrativeExpenses": 8150984, "sellingAndMarketingExpenses": 0, "sellingGeneralAndAdministrativeExpenses": 8150984, "otherExpenses": -52228, "operatingExpenses": 13679263, "costAndExpenses": 25466708, "interestIncome": 634, "interestExpense": 543283, "depreciationAndAmortization": 5528280, "ebitda": 1466675, "ebitdaratio": 0.0685219054, "operatingIncome": -6206727, "operatingIncomeRatio": -0.2899734163, "totalOtherIncomeExpensesNet": -2190466, "incomeBeforeTax": -6795354, "incomeBeforeTaxRatio": -0.317473608, "incomeTaxExpense": -4913232, "netIncome": -1882123, "netIncomeRatio": -0.08793131, "eps": -2.56, "epsdiluted": -2.56, "weightedAverageShsOut": 728804, "weightedAverageShsOutDil": 728804, "link": "https://www.sec.gov/Archives/edgar/data/1507605/000141588915001044/0001415889-15-001044-index.htm", "finalLink": "https://www.sec.gov/Archives/edgar/data/1507605/000141588915001044/mara10k_dec312014.htm", "calculatedOtherExpenses": 7672767, "calculatedOperatingExpenses": 15823751, "calculatedNetInterest": -542649, "calculatedOtherIncome": -45978, "calculatedIncomeNonControlling": 1, "calculatedEbitda": -678447}, {"date": "2013-12-31", "symbol": "MARA", "reportedCurrency": "USD", "cik": "0001507605", "fillingDate": "2014-03-31", "acceptedDate": "2014-03-31 06:14:54", "calendarYear": "2013", "period": "FY", "revenue": 3418371, "costOfRevenue": 957040, "grossProfit": 2461331, "grossProfitRatio": 0.7200303887, "researchAndDevelopmentExpenses": 0, "generalAndAdministrativeExpenses": 5098279, "sellingAndMarketingExpenses": 0, "sellingGeneralAndAdministrativeExpenses": 5098279, "otherExpenses": 1038505, "operatingExpenses": 6136784, "costAndExpenses": 7093824, "interestIncome": 1552, "interestExpense": 1075, "depreciationAndAmortization": 1041865, "ebitda": -2632036, "ebitdaratio": -0.7699679175, "operatingIncome": -3675453, "operatingIncomeRatio": -1.0752059972, "totalOtherIncomeExpensesNet": -38819, "incomeBeforeTax": -3713795, "incomeBeforeTaxRatio": -1.0864224509, "incomeTaxExpense": -224641, "netIncome": -3450335, "netIncomeRatio": -1.0093506527, "eps": -5.92, "epsdiluted": -5.92, "weightedAverageShsOut": 575524, "weightedAverageShsOutDil": 575524, "link": "https://www.sec.gov/Archives/edgar/data/1507605/000141588914000997/0001415889-14-000997-index.htm", "finalLink": "https://www.sec.gov/Archives/edgar/data/1507605/000141588914000997/mara10k_dec312013.htm", "calculatedOtherExpenses": 1038505, "calculatedOperatingExpenses": 6136784, "calculatedNetInterest": 477, "calculatedOtherIncome": -38819, "calculatedIncomeNonControlling": -38819, "calculatedEbitda": -2633588}, {"date": "2012-12-31", "symbol": "MARA", "reportedCurrency": "USD", "cik": "0001507605", "fillingDate": "2013-03-28", "acceptedDate": "2013-03-28 16:09:51", "calendarYear": "2012", "period": "FY", "revenue": 147964, "costOfRevenue": 0, "grossProfit": 147964, "grossProfitRatio": 1, "researchAndDevelopmentExpenses": 0, "generalAndAdministrativeExpenses": 5540962, "sellingAndMarketingExpenses": 0, "sellingGeneralAndAdministrativeExpenses": 5540962, "otherExpenses": 0, "operatingExpenses": 5540962, "costAndExpenses": 5540962, "interestIncome": 978, "interestExpense": 153, "depreciationAndAmortization": 8773, "ebitda": -5531211, "ebitdaratio": -37.3821402503, "operatingIncome": -5540962, "operatingIncomeRatio": -37.4480414155, "totalOtherIncomeExpensesNet": 12500, "incomeBeforeTax": -5527637, "incomeBeforeTaxRatio": -37.3579857263, "incomeTaxExpense": 1387675, "netIncome": -6927812, "netIncomeRatio": -46.8209294153, "eps": -19.88, "epsdiluted": -19.88, "weightedAverageShsOut": 348449, "weightedAverageShsOutDil": 348449, "link": "https://www.sec.gov/Archives/edgar/data/1507605/000152153613000292/0001521536-13-000292-index.htm", "finalLink": "https://www.sec.gov/Archives/edgar/data/1507605/000152153613000292/q1101031_10k-marathon.htm", "calculatedOtherExpenses": 147964, "calculatedOperatingExpenses": 5688926, "calculatedNetInterest": 825, "calculatedOtherIncome": 12500, "calculatedIncomeNonControlling": 12500, "calculatedEbitda": -5532189}, {"date": "2011-10-31", "symbol": "MARA", "reportedCurrency": "USD", "cik": "0001507605", "fillingDate": "2011-12-14", "acceptedDate": "2011-12-14 16:09:35", "calendarYear": "2011", "period": "FY", "revenue": 0, "costOfRevenue": 0, "grossProfit": 0, "grossProfitRatio": 0, "researchAndDevelopmentExpenses": 0, "generalAndAdministrativeExpenses": 30928000, "sellingAndMarketingExpenses": -30897072, "sellingGeneralAndAdministrativeExpenses": 30928, "otherExpenses": 0, "operatingExpenses": 30928, "costAndExpenses": 30928, "interestIncome": 0, "interestExpense": 0, "depreciationAndAmortization": 0, "ebitda": -30928, "ebitdaratio": 0, "operatingIncome": -30928, "operatingIncomeRatio": 0, "totalOtherIncomeExpensesNet": 0, "incomeBeforeTax": -30928, "incomeBeforeTaxRatio": 0, "incomeTaxExpense": 0, "netIncome": -30928, "netIncomeRatio": 0, "eps": -0.26, "epsdiluted": -0.26, "weightedAverageShsOut": 118573, "weightedAverageShsOutDil": 118573, "link": "https://www.sec.gov/Archives/edgar/data/1507605/000152153611000528/0001521536-11-000528-index.htm", "finalLink": "https://www.sec.gov/Archives/edgar/data/1507605/000152153611000528/q1100294_10k-verve.htm", "calculatedOtherExpenses": 0, "calculatedOperatingExpenses": 30928, "calculatedNetInterest": 0, "calculatedOtherIncome": 0, "calculatedIncomeNonControlling": 0, "calculatedEbitda": -30928}]}