{"originalCurrency": "USD", "convertedCurrency": "USD", "report": [{"date": "2023-12-31", "symbol": "MAS", "reportedCurrency": "USD", "cik": "0000062996", "fillingDate": "2024-02-08", "acceptedDate": "2024-02-08 07:20:49", "calendarYear": "2023", "period": "FY", "revenue": 7967000000, "costOfRevenue": 5131000000, "grossProfit": 2836000000, "grossProfitRatio": 0.3559683695, "researchAndDevelopmentExpenses": 0, "generalAndAdministrativeExpenses": 1481000000, "sellingAndMarketingExpenses": 0, "sellingGeneralAndAdministrativeExpenses": 1481000000, "otherExpenses": -4000000, "operatingExpenses": 1481000000, "costAndExpenses": 6612000000, "interestIncome": 9000000, "interestExpense": 106000000, "depreciationAndAmortization": 149000000, "ebitda": 1508000000, "ebitdaratio": 0.1892807832, "operatingIncome": 1348000000, "operatingIncomeRatio": 0.1691979415, "totalOtherIncomeExpensesNet": -20000000, "incomeBeforeTax": 1238000000, "incomeBeforeTaxRatio": 0.1553909878, "incomeTaxExpense": 278000000, "netIncome": 908000000, "netIncomeRatio": 0.1139701268, "eps": 4.04, "epsdiluted": 4.02, "weightedAverageShsOut": 225000000, "weightedAverageShsOutDil": 226000000, "link": "https://www.sec.gov/Archives/edgar/data/62996/000006299624000006/0000062996-24-000006-index.htm", "finalLink": "https://www.sec.gov/Archives/edgar/data/62996/000006299624000006/mas-20231231.htm", "calculatedOtherExpenses": 7000000, "calculatedOperatingExpenses": 1488000000, "calculatedNetInterest": -97000000, "calculatedOtherIncome": -13000000, "calculatedIncomeNonControlling": 52000000, "calculatedEbitda": 1497000000}, {"date": "2022-12-31", "symbol": "MAS", "reportedCurrency": "USD", "cik": "0000062996", "fillingDate": "2023-02-09", "acceptedDate": "2023-02-09 16:54:09", "calendarYear": "2022", "period": "FY", "revenue": 8680000000, "costOfRevenue": 5967000000, "grossProfit": 2713000000, "grossProfitRatio": 0.3125576037, "researchAndDevelopmentExpenses": 0, "generalAndAdministrativeExpenses": 1390000000, "sellingAndMarketingExpenses": 0, "sellingGeneralAndAdministrativeExpenses": 1390000000, "otherExpenses": 4000000, "operatingExpenses": 1390000000, "costAndExpenses": 7357000000, "interestIncome": 2000000, "interestExpense": 108000000, "depreciationAndAmortization": 30000000, "ebitda": 1327000000, "ebitdaratio": 0.1528801843, "operatingIncome": 1297000000, "operatingIncomeRatio": 0.1494239631, "totalOtherIncomeExpensesNet": -104000000, "incomeBeforeTax": 1193000000, "incomeBeforeTaxRatio": 0.1374423963, "incomeTaxExpense": 288000000, "netIncome": 844000000, "netIncomeRatio": 0.097235023, "eps": 3.65, "epsdiluted": 3.63, "weightedAverageShsOut": 231000000, "weightedAverageShsOutDil": 232000000, "link": "https://www.sec.gov/Archives/edgar/data/62996/000006299623000008/0000062996-23-000008-index.htm", "finalLink": "https://www.sec.gov/Archives/edgar/data/62996/000006299623000008/mas-20221231.htm", "calculatedOtherExpenses": 26000000, "calculatedOperatingExpenses": 1416000000, "calculatedNetInterest": -106000000, "calculatedOtherIncome": 2000000, "calculatedIncomeNonControlling": 61000000, "calculatedEbitda": 1327000000}, {"date": "2021-12-31", "symbol": "MAS", "reportedCurrency": "USD", "cik": "0000062996", "fillingDate": "2022-02-08", "acceptedDate": "2022-02-08 16:08:45", "calendarYear": "2021", "period": "FY", "revenue": 8375000000, "costOfRevenue": 5512000000, "grossProfit": 2863000000, "grossProfitRatio": 0.3418507463, "researchAndDevelopmentExpenses": 0, "generalAndAdministrativeExpenses": 1413000000, "sellingAndMarketingExpenses": 0, "sellingGeneralAndAdministrativeExpenses": 1413000000, "otherExpenses": -439000000, "operatingExpenses": 1413000000, "costAndExpenses": 6925000000, "interestIncome": 1000000, "interestExpense": 278000000, "depreciationAndAmortization": 151000000, "ebitda": 1011000000, "ebitdaratio": 0.1207164179, "operatingIncome": 860000000, "operatingIncomeRatio": 0.1026865672, "totalOtherIncomeExpensesNet": -172000000, "incomeBeforeTax": 688000000, "incomeBeforeTaxRatio": 0.0821492537, "incomeTaxExpense": 210000000, "netIncome": 410000000, "netIncomeRatio": 0.0489552239, "eps": 1.63, "epsdiluted": 1.62, "weightedAverageShsOut": 249000000, "weightedAverageShsOutDil": 251000000, "link": "https://www.sec.gov/Archives/edgar/data/62996/000006299622000011/0000062996-22-000011-index.htm", "finalLink": "https://www.sec.gov/Archives/edgar/data/62996/000006299622000011/mas-20211231.htm", "calculatedOtherExpenses": 590000000, "calculatedOperatingExpenses": 2003000000, "calculatedNetInterest": -277000000, "calculatedOtherIncome": 105000000, "calculatedIncomeNonControlling": 68000000, "calculatedEbitda": 1011000000}, {"date": "2020-12-31", "symbol": "MAS", "reportedCurrency": "USD", "cik": "0000062996", "fillingDate": "2021-02-09", "acceptedDate": "2021-02-09 16:25:23", "calendarYear": "2020", "period": "FY", "revenue": 7188000000, "costOfRevenue": 4601000000, "grossProfit": 2587000000, "grossProfitRatio": 0.3599053979, "researchAndDevelopmentExpenses": 0, "generalAndAdministrativeExpenses": 1292000000, "sellingAndMarketingExpenses": 0, "sellingGeneralAndAdministrativeExpenses": 1292000000, "otherExpenses": -20000000, "operatingExpenses": 1292000000, "costAndExpenses": 5893000000, "interestIncome": 3000000, "interestExpense": 144000000, "depreciationAndAmortization": -20000000, "ebitda": 1275000000, "ebitdaratio": 0.1773789649, "operatingIncome": 1295000000, "operatingIncomeRatio": 0.1801613801, "totalOtherIncomeExpensesNet": -164000000, "incomeBeforeTax": 1131000000, "incomeBeforeTaxRatio": 0.157345576, "incomeTaxExpense": 269000000, "netIncome": 862000000, "netIncomeRatio": 0.1199220924, "eps": 3.27, "epsdiluted": 3.27, "weightedAverageShsOut": 264000000, "weightedAverageShsOutDil": 264000000, "link": "https://www.sec.gov/Archives/edgar/data/62996/000006299621000008/0000062996-21-000008-index.htm", "finalLink": "https://www.sec.gov/Archives/edgar/data/62996/000006299621000008/mas-20201231.htm", "calculatedOtherExpenses": 0, "calculatedOperatingExpenses": 1292000000, "calculatedNetInterest": -141000000, "calculatedOtherIncome": -23000000, "calculatedIncomeNonControlling": 0, "calculatedEbitda": 1275000000}, {"date": "2019-12-31", "symbol": "MAS", "reportedCurrency": "USD", "cik": "0000062996", "fillingDate": "2020-02-11", "acceptedDate": "2020-02-11 16:00:49", "calendarYear": "2019", "period": "FY", "revenue": 6707000000, "costOfRevenue": 4336000000, "grossProfit": 2371000000, "grossProfitRatio": 0.3535112569, "researchAndDevelopmentExpenses": 0, "generalAndAdministrativeExpenses": 1274000000, "sellingAndMarketingExpenses": 0, "sellingGeneralAndAdministrativeExpenses": 1274000000, "otherExpenses": -15000000, "operatingExpenses": 1274000000, "costAndExpenses": 5610000000, "interestIncome": 3000000, "interestExpense": 159000000, "depreciationAndAmortization": -6000000, "ebitda": 1082000000, "ebitdaratio": 0.1613239899, "operatingIncome": 1088000000, "operatingIncomeRatio": 0.1622185776, "totalOtherIncomeExpensesNet": -174000000, "incomeBeforeTax": 914000000, "incomeBeforeTaxRatio": 0.136275533, "incomeTaxExpense": 230000000, "netIncome": 684000000, "netIncomeRatio": 0.1019830028, "eps": 2.38, "epsdiluted": 2.38, "weightedAverageShsOut": 287000000, "weightedAverageShsOutDil": 288000000, "link": "https://www.sec.gov/Archives/edgar/data/62996/000006299620000006/0000062996-20-000006-index.htm", "finalLink": "https://www.sec.gov/Archives/edgar/data/62996/000006299620000006/mas2019123110k.htm", "calculatedOtherExpenses": 9000000, "calculatedOperatingExpenses": 1283000000, "calculatedNetInterest": -156000000, "calculatedOtherIncome": -18000000, "calculatedIncomeNonControlling": 0, "calculatedEbitda": 1082000000}, {"date": "2018-12-31", "symbol": "MAS", "reportedCurrency": "USD", "cik": "0000062996", "fillingDate": "2019-02-07", "acceptedDate": "2019-02-07 16:17:20", "calendarYear": "2018", "period": "FY", "revenue": 8359000000, "costOfRevenue": 5670000000, "grossProfit": 2689000000, "grossProfitRatio": 0.3216891973, "researchAndDevelopmentExpenses": 0, "generalAndAdministrativeExpenses": 0, "sellingAndMarketingExpenses": 0, "sellingGeneralAndAdministrativeExpenses": 1478000000, "otherExpenses": -13000000, "operatingExpenses": 1478000000, "costAndExpenses": 7148000000, "interestIncome": 0, "interestExpense": 156000000, "depreciationAndAmortization": -13000000, "ebitda": 1198000000, "ebitdaratio": 0.1433185788, "operatingIncome": 1211000000, "operatingIncomeRatio": 0.1448737887, "totalOtherIncomeExpensesNet": -169000000, "incomeBeforeTax": 1042000000, "incomeBeforeTaxRatio": 0.1246560593, "incomeTaxExpense": 258000000, "netIncome": 734000000, "netIncomeRatio": 0.0878095466, "eps": 2.5, "epsdiluted": 2.39, "weightedAverageShsOut": 293900000, "weightedAverageShsOutDil": 307000000, "link": "https://www.sec.gov/Archives/edgar/data/62996/000006299619000011/0000062996-19-000011-index.htm", "finalLink": "https://www.sec.gov/Archives/edgar/data/62996/000006299619000011/mas_20181231x10k.htm", "calculatedOtherExpenses": 0, "calculatedOperatingExpenses": 1478000000, "calculatedNetInterest": -156000000, "calculatedOtherIncome": -13000000, "calculatedIncomeNonControlling": 50000000, "calculatedEbitda": 1198000000}, {"date": "2017-12-31", "symbol": "MAS", "reportedCurrency": "USD", "cik": "0000062996", "fillingDate": "2018-02-08", "acceptedDate": "2018-02-08 16:47:28", "calendarYear": "2017", "period": "FY", "revenue": 7644000000, "costOfRevenue": 5033000000, "grossProfit": 2611000000, "grossProfitRatio": 0.3415750916, "researchAndDevelopmentExpenses": 0, "generalAndAdministrativeExpenses": 0, "sellingAndMarketingExpenses": 0, "sellingGeneralAndAdministrativeExpenses": 1442000000, "otherExpenses": -6000000, "operatingExpenses": 1442000000, "costAndExpenses": 6475000000, "interestIncome": 0, "interestExpense": 278000000, "depreciationAndAmortization": 127000000, "ebitda": 1163000000, "ebitdaratio": 0.1521454736, "operatingIncome": 1169000000, "operatingIncomeRatio": 0.1529304029, "totalOtherIncomeExpensesNet": -6000000, "incomeBeforeTax": 885000000, "incomeBeforeTaxRatio": 0.1157770801, "incomeTaxExpense": 305000000, "netIncome": 533000000, "netIncomeRatio": 0.0697278912, "eps": 1.72, "epsdiluted": 1.66, "weightedAverageShsOut": 310400000, "weightedAverageShsOutDil": 318000000, "link": "https://www.sec.gov/Archives/edgar/data/62996/000006299618000015/0000062996-18-000015-index.htm", "finalLink": "https://www.sec.gov/Archives/edgar/data/62996/000006299618000015/mas_20171231x10k.htm", "calculatedOtherExpenses": 0, "calculatedOperatingExpenses": 1442000000, "calculatedNetInterest": -278000000, "calculatedOtherIncome": -6000000, "calculatedIncomeNonControlling": 47000000, "calculatedEbitda": 1296000000}, {"date": "2016-12-31", "symbol": "MAS", "reportedCurrency": "USD", "cik": "0000062996", "fillingDate": "2017-02-09", "acceptedDate": "2017-02-09 16:06:48", "calendarYear": "2016", "period": "FY", "revenue": 7357000000, "costOfRevenue": 4901000000, "grossProfit": 2456000000, "grossProfitRatio": 0.3338317249, "researchAndDevelopmentExpenses": 0, "generalAndAdministrativeExpenses": 0, "sellingAndMarketingExpenses": 0, "sellingGeneralAndAdministrativeExpenses": 1403000000, "otherExpenses": 6000000, "operatingExpenses": 1403000000, "costAndExpenses": 6304000000, "interestIncome": 0, "interestExpense": 229000000, "depreciationAndAmortization": 134000000, "ebitda": 1059000000, "ebitdaratio": 0.1439445426, "operatingIncome": 1053000000, "operatingIncomeRatio": 0.1431289928, "totalOtherIncomeExpensesNet": 6000000, "incomeBeforeTax": 830000000, "incomeBeforeTaxRatio": 0.1128177246, "incomeTaxExpense": 296000000, "netIncome": 491000000, "netIncomeRatio": 0.06673916, "eps": 1.54, "epsdiluted": 1.47, "weightedAverageShsOut": 318000000, "weightedAverageShsOutDil": 330000000, "link": "https://www.sec.gov/Archives/edgar/data/62996/000006299617000008/0000062996-17-000008-index.htm", "finalLink": "https://www.sec.gov/Archives/edgar/data/62996/000006299617000008/mas_20161231x10k.htm", "calculatedOtherExpenses": 0, "calculatedOperatingExpenses": 1403000000, "calculatedNetInterest": -229000000, "calculatedOtherIncome": 6000000, "calculatedIncomeNonControlling": 43000000, "calculatedEbitda": 1187000000}, {"date": "2015-12-31", "symbol": "MAS", "reportedCurrency": "USD", "cik": "0000062996", "fillingDate": "2016-02-12", "acceptedDate": "2016-02-12 16:15:33", "calendarYear": "2015", "period": "FY", "revenue": 7142000000, "costOfRevenue": 4889000000, "grossProfit": 2253000000, "grossProfitRatio": 0.3154578549, "researchAndDevelopmentExpenses": 0, "generalAndAdministrativeExpenses": 0, "sellingAndMarketingExpenses": 0, "sellingGeneralAndAdministrativeExpenses": 1339000000, "otherExpenses": 3000000, "operatingExpenses": 1339000000, "costAndExpenses": 6228000000, "interestIncome": 0, "interestExpense": 225000000, "depreciationAndAmortization": 133000000, "ebitda": 914000000, "ebitdaratio": 0.127975357, "operatingIncome": 914000000, "operatingIncomeRatio": 0.127975357, "totalOtherIncomeExpensesNet": -225000000, "incomeBeforeTax": 689000000, "incomeBeforeTaxRatio": 0.0964715766, "incomeTaxExpense": 293000000, "netIncome": 355000000, "netIncomeRatio": 0.0497059647, "eps": 1.03, "epsdiluted": 1.02, "weightedAverageShsOut": 338000000, "weightedAverageShsOutDil": 341000000, "link": "https://www.sec.gov/Archives/edgar/data/62996/000104746916010135/0001047469-16-010135-index.htm", "finalLink": "https://www.sec.gov/Archives/edgar/data/62996/000104746916010135/a2227221z10-k.htm", "calculatedOtherExpenses": 0, "calculatedOperatingExpenses": 1339000000, "calculatedNetInterest": -225000000, "calculatedOtherIncome": 0, "calculatedIncomeNonControlling": 41000000, "calculatedEbitda": 1047000000}, {"date": "2014-12-31", "symbol": "MAS", "reportedCurrency": "USD", "cik": "0000062996", "fillingDate": "2015-02-13", "acceptedDate": "2015-02-13 13:45:45", "calendarYear": "2014", "period": "FY", "revenue": 8521000000, "costOfRevenue": 6134000000, "grossProfit": 2387000000, "grossProfitRatio": 0.28013144, "researchAndDevelopmentExpenses": 0, "generalAndAdministrativeExpenses": 0, "sellingAndMarketingExpenses": 0, "sellingGeneralAndAdministrativeExpenses": 1607000000, "otherExpenses": -213000000, "operatingExpenses": 1607000000, "costAndExpenses": 7741000000, "interestIncome": 1000000, "interestExpense": 225000000, "depreciationAndAmortization": 167000000, "ebitda": 772000000, "ebitdaratio": 0.0905996949, "operatingIncome": 788000000, "operatingIncomeRatio": 0.0924774088, "totalOtherIncomeExpensesNet": -205000000, "incomeBeforeTax": 575000000, "incomeBeforeTaxRatio": 0.0674803427, "incomeTaxExpense": -333000000, "netIncome": 856000000, "netIncomeRatio": 0.1004576928, "eps": 2.4, "epsdiluted": 2.38, "weightedAverageShsOut": 349000000, "weightedAverageShsOutDil": 352000000, "link": "https://www.sec.gov/Archives/edgar/data/62996/000104746915000803/0001047469-15-000803-index.htm", "finalLink": "https://www.sec.gov/Archives/edgar/data/62996/000104746915000803/a2222936z10-k.htm", "calculatedOtherExpenses": -8000000, "calculatedOperatingExpenses": 1599000000, "calculatedNetInterest": -224000000, "calculatedOtherIncome": 11000000, "calculatedIncomeNonControlling": 52000000, "calculatedEbitda": 955000000}, {"date": "2013-12-31", "symbol": "MAS", "reportedCurrency": "USD", "cik": "0000062996", "fillingDate": "2014-02-14", "acceptedDate": "2014-02-14 15:47:06", "calendarYear": "2013", "period": "FY", "revenue": 8173000000, "costOfRevenue": 5918000000, "grossProfit": 2255000000, "grossProfitRatio": 0.2759084791, "researchAndDevelopmentExpenses": 0, "generalAndAdministrativeExpenses": 0, "sellingAndMarketingExpenses": 0, "sellingGeneralAndAdministrativeExpenses": 1582000000, "otherExpenses": -250000000, "operatingExpenses": 1582000000, "costAndExpenses": 7500000000, "interestIncome": 2000000, "interestExpense": 235000000, "depreciationAndAmortization": 186000000, "ebitda": 662000000, "ebitdaratio": 0.0809984094, "operatingIncome": 673000000, "operatingIncomeRatio": 0.0823443044, "totalOtherIncomeExpensesNet": -239000000, "incomeBeforeTax": 434000000, "incomeBeforeTaxRatio": 0.0531016763, "incomeTaxExpense": 111000000, "netIncome": 272000000, "netIncomeRatio": 0.0332803132, "eps": 0.78, "epsdiluted": 0.76, "weightedAverageShsOut": 349500000, "weightedAverageShsOutDil": 352000000, "link": "https://www.sec.gov/Archives/edgar/data/62996/000104746914000923/0001047469-14-000923-index.htm", "finalLink": "https://www.sec.gov/Archives/edgar/data/62996/000104746914000923/a2218121z10-k.htm", "calculatedOtherExpenses": 0, "calculatedOperatingExpenses": 1582000000, "calculatedNetInterest": -233000000, "calculatedOtherIncome": -6000000, "calculatedIncomeNonControlling": 51000000, "calculatedEbitda": 859000000}, {"date": "2012-12-31", "symbol": "MAS", "reportedCurrency": "USD", "cik": "0000062996", "fillingDate": "2013-02-15", "acceptedDate": "2013-02-15 16:49:57", "calendarYear": "2012", "period": "FY", "revenue": 7745000000, "costOfRevenue": 5794000000, "grossProfit": 1951000000, "grossProfitRatio": 0.2519044545, "researchAndDevelopmentExpenses": 0, "generalAndAdministrativeExpenses": 0, "sellingAndMarketingExpenses": 0, "sellingGeneralAndAdministrativeExpenses": 1561000000, "otherExpenses": -251000000, "operatingExpenses": 1561000000, "costAndExpenses": 7355000000, "interestIncome": 1000000, "interestExpense": 254000000, "depreciationAndAmortization": 214000000, "ebitda": 487000000, "ebitdaratio": 0.062879277, "operatingIncome": 271000000, "operatingIncomeRatio": 0.0349903163, "totalOtherIncomeExpensesNet": -348000000, "incomeBeforeTax": 42000000, "incomeBeforeTaxRatio": 0.0054228535, "incomeTaxExpense": 83000000, "netIncome": -114000000, "netIncomeRatio": -0.0147191737, "eps": -0.33, "epsdiluted": -0.33, "weightedAverageShsOut": 343750000, "weightedAverageShsOutDil": 349000000, "link": "https://www.sec.gov/Archives/edgar/data/62996/000119312513062852/0001193125-13-062852-index.htm", "finalLink": "https://www.sec.gov/Archives/edgar/data/62996/000119312513062852/d456978d10k.htm", "calculatedOtherExpenses": 119000000, "calculatedOperatingExpenses": 1680000000, "calculatedNetInterest": -253000000, "calculatedOtherIncome": 24000000, "calculatedIncomeNonControlling": 73000000, "calculatedEbitda": 485000000}, {"date": "2011-12-31", "symbol": "MAS", "reportedCurrency": "USD", "cik": "0000062996", "fillingDate": "2012-02-21", "acceptedDate": "2012-02-21 16:51:13", "calendarYear": "2011", "period": "FY", "revenue": 7467000000, "costOfRevenue": 5683000000, "grossProfit": 1784000000, "grossProfitRatio": 0.2389179055, "researchAndDevelopmentExpenses": 0, "generalAndAdministrativeExpenses": 0, "sellingAndMarketingExpenses": 0, "sellingGeneralAndAdministrativeExpenses": 1585000000, "otherExpenses": 0, "operatingExpenses": 1585000000, "costAndExpenses": 7268000000, "interestIncome": 1000000, "interestExpense": 254000000, "depreciationAndAmortization": 263000000, "ebitda": 200000000, "ebitdaratio": 0.0267845185, "operatingIncome": -295000000, "operatingIncomeRatio": -0.0395071649, "totalOtherIncomeExpensesNet": -418000000, "incomeBeforeTax": -472000000, "incomeBeforeTaxRatio": -0.0632114638, "incomeTaxExpense": -49000000, "netIncome": -575000000, "netIncomeRatio": -0.0770054908, "eps": -1.65, "epsdiluted": -1.65, "weightedAverageShsOut": 347900000, "weightedAverageShsOutDil": 348000000, "link": "https://www.sec.gov/Archives/edgar/data/62996/000119312512070524/0001193125-12-070524-index.htm", "finalLink": "https://www.sec.gov/Archives/edgar/data/62996/000119312512070524/d276684d10k.htm", "calculatedOtherExpenses": 494000000, "calculatedOperatingExpenses": 2079000000, "calculatedNetInterest": -253000000, "calculatedOtherIncome": 76000000, "calculatedIncomeNonControlling": 152000000, "calculatedEbitda": -32000000}, {"date": "2010-12-31", "symbol": "MAS", "reportedCurrency": "USD", "cik": "0000062996", "fillingDate": "2011-02-18", "acceptedDate": "2011-02-18 16:17:00", "calendarYear": "2010", "period": "FY", "revenue": 7592000000, "costOfRevenue": 5752000000, "grossProfit": 1840000000, "grossProfitRatio": 0.2423603793, "researchAndDevelopmentExpenses": 0, "generalAndAdministrativeExpenses": 0, "sellingAndMarketingExpenses": 0, "sellingGeneralAndAdministrativeExpenses": 1618000000, "otherExpenses": 0, "operatingExpenses": 1618000000, "costAndExpenses": 7370000000, "interestIncome": 1000000, "interestExpense": 251000000, "depreciationAndAmortization": 279000000, "ebitda": 223000000, "ebitdaratio": 0.0293730242, "operatingIncome": -499000000, "operatingIncomeRatio": -0.0657270811, "totalOtherIncomeExpensesNet": -749000000, "incomeBeforeTax": -777000000, "incomeBeforeTaxRatio": -0.1023445732, "incomeTaxExpense": 225000000, "netIncome": -1043000000, "netIncomeRatio": -0.1373814542, "eps": -2.99, "epsdiluted": -2.99, "weightedAverageShsOut": 348600000, "weightedAverageShsOutDil": 349000000, "link": "https://www.sec.gov/Archives/edgar/data/62996/000095012311015716/0000950123-11-015716-index.htm", "finalLink": "https://www.sec.gov/Archives/edgar/data/62996/000095012311015716/k49882e10vk.htm", "calculatedOtherExpenses": 721000000, "calculatedOperatingExpenses": 2339000000, "calculatedNetInterest": -250000000, "calculatedOtherIncome": -28000000, "calculatedIncomeNonControlling": 41000000, "calculatedEbitda": -220000000}, {"date": "2009-12-31", "symbol": "MAS", "reportedCurrency": "USD", "cik": "0000062996", "fillingDate": "2010-02-16", "acceptedDate": "2010-02-16 17:29:39", "calendarYear": "2009", "period": "FY", "revenue": 7792000000, "costOfRevenue": 5774000000, "grossProfit": 2018000000, "grossProfitRatio": 0.2589835729, "researchAndDevelopmentExpenses": 0, "generalAndAdministrativeExpenses": 0, "sellingAndMarketingExpenses": 0, "sellingGeneralAndAdministrativeExpenses": 1701000000, "otherExpenses": 0, "operatingExpenses": 1701000000, "costAndExpenses": 7475000000, "interestIncome": 0, "interestExpense": 225000000, "depreciationAndAmortization": 254000000, "ebitda": 785000000, "ebitdaratio": 0.1007443532, "operatingIncome": 55000000, "operatingIncomeRatio": 0.0070585216, "totalOtherIncomeExpensesNet": -468000000, "incomeBeforeTax": -151000000, "incomeBeforeTaxRatio": -0.0193788501, "incomeTaxExpense": -49000000, "netIncome": -183000000, "netIncomeRatio": -0.0234856263, "eps": -0.52, "epsdiluted": -0.52, "weightedAverageShsOut": 351000000, "weightedAverageShsOutDil": 351000000, "link": "https://www.sec.gov/Archives/edgar/data/62996/000095012310013437/0000950123-10-013437-index.htm", "finalLink": "https://www.sec.gov/Archives/edgar/data/62996/000095012310013437/k48823e10vk.htm", "calculatedOtherExpenses": 262000000, "calculatedOperatingExpenses": 1963000000, "calculatedNetInterest": -225000000, "calculatedOtherIncome": 19000000, "calculatedIncomeNonControlling": 81000000, "calculatedEbitda": 309000000}, {"date": "2008-12-31", "symbol": "MAS", "reportedCurrency": "USD", "cik": "0000062996", "fillingDate": "2009-02-17", "acceptedDate": "2009-02-17 15:19:41", "calendarYear": "2008", "period": "FY", "revenue": 9600000000, "costOfRevenue": 7224000000, "grossProfit": 2376000000, "grossProfitRatio": 0.2475, "researchAndDevelopmentExpenses": 0, "generalAndAdministrativeExpenses": 0, "sellingAndMarketingExpenses": 0, "sellingGeneralAndAdministrativeExpenses": 1826000000, "otherExpenses": 0, "operatingExpenses": 2302000000, "costAndExpenses": 9526000000, "interestIncome": 0, "interestExpense": 228000000, "depreciationAndAmortization": 238000000, "ebitda": 359000000, "ebitdaratio": 0.0373958333, "operatingIncome": 74000000, "operatingIncomeRatio": 0.0077083333, "totalOtherIncomeExpensesNet": -285000000, "incomeBeforeTax": -211000000, "incomeBeforeTaxRatio": -0.0219791667, "incomeTaxExpense": 132000000, "netIncome": -391000000, "netIncomeRatio": -0.0407291667, "eps": -1.11, "epsdiluted": -1.11, "weightedAverageShsOut": 352252252, "weightedAverageShsOutDil": 353000000, "link": "https://www.sec.gov/Archives/edgar/data/62996/000095015209001494/0000950152-09-001494-index.htm", "finalLink": "https://www.sec.gov/Archives/edgar/data/62996/000095015209001494/k47366e10vk.htm", "calculatedOtherExpenses": 476000000, "calculatedOperatingExpenses": 2302000000, "calculatedNetInterest": -228000000, "calculatedOtherIncome": -57000000, "calculatedIncomeNonControlling": 48000000, "calculatedEbitda": 312000000}, {"date": "2007-12-31", "symbol": "MAS", "reportedCurrency": "USD", "cik": "0000062996", "fillingDate": "2008-02-22", "acceptedDate": "2008-02-22 17:23:00", "calendarYear": "2007", "period": "FY", "revenue": 11770000000, "costOfRevenue": 8559000000, "grossProfit": 3211000000, "grossProfitRatio": 0.2728122345, "researchAndDevelopmentExpenses": 0, "generalAndAdministrativeExpenses": 0, "sellingAndMarketingExpenses": 0, "sellingGeneralAndAdministrativeExpenses": 2025000000, "otherExpenses": 0, "operatingExpenses": 2252000000, "costAndExpenses": 10811000000, "interestIncome": 0, "interestExpense": 0, "depreciationAndAmortization": 248000000, "ebitda": 1368000000, "ebitdaratio": 0.1162276975, "operatingIncome": 959000000, "operatingIncomeRatio": 0.0814783347, "totalOtherIncomeExpensesNet": -161000000, "incomeBeforeTax": 770000000, "incomeBeforeTaxRatio": 0.0654205607, "incomeTaxExpense": 336000000, "netIncome": 386000000, "netIncomeRatio": 0.0327952421, "eps": 1.05, "epsdiluted": 1.03, "weightedAverageShsOut": 369000000, "weightedAverageShsOutDil": 373000000, "link": "https://www.sec.gov/Archives/edgar/data/62996/000095012408000792/0000950124-08-000792-index.htm", "finalLink": "https://www.sec.gov/Archives/edgar/data/62996/000095012408000792/k22937e10vk.htm", "calculatedOtherExpenses": 227000000, "calculatedOperatingExpenses": 2252000000, "calculatedNetInterest": 0, "calculatedOtherIncome": -189000000, "calculatedIncomeNonControlling": 48000000, "calculatedEbitda": 1207000000}, {"date": "2006-12-31", "symbol": "MAS", "reportedCurrency": "USD", "cik": "0000062996", "fillingDate": "2007-02-27", "acceptedDate": "2007-02-27 17:26:53", "calendarYear": "2006", "period": "FY", "revenue": 12778000000, "costOfRevenue": 9259000000, "grossProfit": 3519000000, "grossProfitRatio": 0.2753952105, "researchAndDevelopmentExpenses": 0, "generalAndAdministrativeExpenses": 0, "sellingAndMarketingExpenses": 0, "sellingGeneralAndAdministrativeExpenses": 2063000000, "otherExpenses": 0, "operatingExpenses": 2393000000, "costAndExpenses": 11652000000, "interestIncome": 0, "interestExpense": 0, "depreciationAndAmortization": 244000000, "ebitda": 1688000000, "ebitdaratio": 0.1321020504, "operatingIncome": 1126000000, "operatingIncomeRatio": 0.0881202066, "totalOtherIncomeExpensesNet": -318000000, "incomeBeforeTax": 900000000, "incomeBeforeTaxRatio": 0.0704335577, "incomeTaxExpense": 412000000, "netIncome": 488000000, "netIncomeRatio": 0.0381906402, "eps": 1.23, "epsdiluted": 1.22, "weightedAverageShsOut": 394000000, "weightedAverageShsOutDil": 400000000, "link": "https://www.sec.gov/Archives/edgar/data/62996/000095012407001157/0000950124-07-001157-index.htm", "finalLink": "https://www.sec.gov/Archives/edgar/data/62996/000095012407001157/k12528e10vk.htm", "calculatedOtherExpenses": 330000000, "calculatedOperatingExpenses": 2393000000, "calculatedNetInterest": 0, "calculatedOtherIncome": -226000000, "calculatedIncomeNonControlling": 0, "calculatedEbitda": 1370000000}, {"date": "2005-12-31", "symbol": "MAS", "reportedCurrency": "USD", "cik": "0000062996", "fillingDate": "2006-03-02", "acceptedDate": "2006-03-02 17:08:04", "calendarYear": "2005", "period": "FY", "revenue": 12642000000, "costOfRevenue": 9033000000, "grossProfit": 3609000000, "grossProfitRatio": 0.2854769815, "researchAndDevelopmentExpenses": 0, "generalAndAdministrativeExpenses": 0, "sellingAndMarketingExpenses": 0, "sellingGeneralAndAdministrativeExpenses": 1969000000, "otherExpenses": 0, "operatingExpenses": 2032000000, "costAndExpenses": 11065000000, "interestIncome": 0, "interestExpense": 0, "depreciationAndAmortization": 241000000, "ebitda": 1799000000, "ebitdaratio": 0.142303433, "operatingIncome": 1577000000, "operatingIncomeRatio": 0.1247429204, "totalOtherIncomeExpensesNet": 19000000, "incomeBeforeTax": 1412000000, "incomeBeforeTaxRatio": 0.1116911881, "incomeTaxExpense": 518000000, "netIncome": 940000000, "netIncomeRatio": 0.0743553235, "eps": 2.23, "epsdiluted": 2.19, "weightedAverageShsOut": 422000000, "weightedAverageShsOutDil": 430000000, "link": "https://www.sec.gov/Archives/edgar/data/62996/000095012406000949/0000950124-06-000949-index.htm", "finalLink": "https://www.sec.gov/Archives/edgar/data/62996/000095012406000949/k01210e10vk.txt", "calculatedOtherExpenses": 63000000, "calculatedOperatingExpenses": 2032000000, "calculatedNetInterest": 0, "calculatedOtherIncome": -165000000, "calculatedIncomeNonControlling": -46000000, "calculatedEbitda": 1818000000}, {"date": "2004-12-31", "symbol": "MAS", "reportedCurrency": "USD", "cik": "0000062996", "fillingDate": "2005-03-16", "acceptedDate": "2005-03-16 17:24:30", "calendarYear": "2004", "period": "FY", "revenue": 12074000000, "costOfRevenue": 8356000000, "grossProfit": 3718000000, "grossProfitRatio": 0.3079344045, "researchAndDevelopmentExpenses": 0, "generalAndAdministrativeExpenses": 0, "sellingAndMarketingExpenses": 0, "sellingGeneralAndAdministrativeExpenses": 2011000000, "otherExpenses": 0, "operatingExpenses": 2149000000, "costAndExpenses": 10505000000, "interestIncome": 0, "interestExpense": 0, "depreciationAndAmortization": 237000000, "ebitda": 1778000000, "ebitdaratio": 0.1472585721, "operatingIncome": 1569000000, "operatingIncomeRatio": 0.12994865, "totalOtherIncomeExpensesNet": 28000000, "incomeBeforeTax": 1518000000, "incomeBeforeTaxRatio": 0.1257246977, "incomeTaxExpense": 569000000, "netIncome": 893000000, "netIncomeRatio": 0.0739605764, "eps": 2.01, "epsdiluted": 1.96, "weightedAverageShsOut": 445000000, "weightedAverageShsOutDil": 456000000, "link": "https://www.sec.gov/Archives/edgar/data/62996/000095012405001611/0000950124-05-001611-index.htm", "finalLink": "https://www.sec.gov/Archives/edgar/data/62996/000095012405001611/k90992e10vk.txt", "calculatedOtherExpenses": 138000000, "calculatedOperatingExpenses": 2149000000, "calculatedNetInterest": 0, "calculatedOtherIncome": -51000000, "calculatedIncomeNonControlling": 56000000, "calculatedEbitda": 1806000000}, {"date": "2003-12-31", "symbol": "MAS", "reportedCurrency": "USD", "cik": "0000062996", "fillingDate": "2004-02-27", "acceptedDate": "2004-02-27 16:56:37", "calendarYear": "2003", "period": "FY", "revenue": 10936000000, "costOfRevenue": 7586000000, "grossProfit": 3350000000, "grossProfitRatio": 0.3063277249, "researchAndDevelopmentExpenses": 0, "generalAndAdministrativeExpenses": 0, "sellingAndMarketingExpenses": 0, "sellingGeneralAndAdministrativeExpenses": 1856000000, "otherExpenses": 0, "operatingExpenses": 1926000000, "costAndExpenses": 9512000000, "interestIncome": 0, "interestExpense": 0, "depreciationAndAmortization": 244000000, "ebitda": 1684000000, "ebitdaratio": 0.1539868325, "operatingIncome": 1424000000, "operatingIncomeRatio": 0.1302121434, "totalOtherIncomeExpensesNet": -16000000, "incomeBeforeTax": 1216000000, "incomeBeforeTaxRatio": 0.1111923921, "incomeTaxExpense": 463000000, "netIncome": 806000000, "netIncomeRatio": 0.0737015362, "eps": 1.69, "epsdiluted": 1.65, "weightedAverageShsOut": 476923077, "weightedAverageShsOutDil": 488484848, "link": "https://www.sec.gov/Archives/edgar/data/62996/000095012404000587/0000950124-04-000587-index.htm", "finalLink": "https://www.sec.gov/Archives/edgar/data/62996/000095012404000587/k82538e10vk.txt", "calculatedOtherExpenses": 70000000, "calculatedOperatingExpenses": 1926000000, "calculatedNetInterest": 0, "calculatedOtherIncome": -208000000, "calculatedIncomeNonControlling": -53000000, "calculatedEbitda": 1668000000}, {"date": "2002-12-31", "symbol": "MAS", "reportedCurrency": "USD", "cik": "0000062996", "fillingDate": "2003-03-14", "acceptedDate": "2003-03-14 17:29:25", "calendarYear": "2002", "period": "FY", "revenue": 9419400000, "costOfRevenue": 6450590000, "grossProfit": 2968810000, "grossProfitRatio": 0.3151803724, "researchAndDevelopmentExpenses": 0, "generalAndAdministrativeExpenses": 0, "sellingAndMarketingExpenses": 0, "sellingGeneralAndAdministrativeExpenses": 1506540000, "otherExpenses": 0, "operatingExpenses": 1637710000, "costAndExpenses": 8088300000, "interestIncome": 0, "interestExpense": 0, "depreciationAndAmortization": 220300000, "ebitda": 1759970000, "ebitdaratio": 0.1868452343, "operatingIncome": 1331100000, "operatingIncomeRatio": 0.1413147334, "totalOtherIncomeExpensesNet": -194340000, "incomeBeforeTax": 1031000000, "incomeBeforeTaxRatio": 0.1094549547, "incomeTaxExpense": 348900000, "netIncome": 589700000, "netIncomeRatio": 0.0626048368, "eps": 1.07, "epsdiluted": 1.01, "weightedAverageShsOut": 551401869, "weightedAverageShsOutDil": 584158416, "link": "https://www.sec.gov/Archives/edgar/data/62996/000095012403000656/0000950124-03-000656-index.htm", "finalLink": "https://www.sec.gov/Archives/edgar/data/62996/000095012403000656/k74353e10vk.txt", "calculatedOtherExpenses": 131170000, "calculatedOperatingExpenses": 1637710000, "calculatedNetInterest": 0, "calculatedOtherIncome": -300100000, "calculatedIncomeNonControlling": 92400000, "calculatedEbitda": 1551400000}, {"date": "2001-12-31", "symbol": "MAS", "reportedCurrency": "USD", "cik": "0000062996", "fillingDate": "2002-03-28", "acceptedDate": "2002-03-28 00:00:00", "calendarYear": "2001", "period": "FY", "revenue": 8358000000, "costOfRevenue": 5806800000, "grossProfit": 2551200000, "grossProfitRatio": 0.3052404882, "researchAndDevelopmentExpenses": 0, "generalAndAdministrativeExpenses": 0, "sellingAndMarketingExpenses": 0, "sellingGeneralAndAdministrativeExpenses": 1418200000, "otherExpenses": 0, "operatingExpenses": 1511400000, "costAndExpenses": 7318200000, "interestIncome": 0, "interestExpense": 0, "depreciationAndAmortization": 269490000, "ebitda": 1815220000, "ebitdaratio": 0.2171835367, "operatingIncome": 1039800000, "operatingIncomeRatio": 0.1244077531, "totalOtherIncomeExpensesNet": -499770000, "incomeBeforeTax": 300700000, "incomeBeforeTaxRatio": 0.0359775066, "incomeTaxExpense": 102200000, "netIncome": 198500000, "netIncomeRatio": 0.0237497009, "eps": 0.37, "epsdiluted": 0.35, "weightedAverageShsOut": 536486486, "weightedAverageShsOutDil": 567142857, "link": "https://www.sec.gov/Archives/edgar/data/62996/000095012402001084/0000950124-02-001084-index.htm", "finalLink": "https://www.sec.gov/Archives/edgar/data/62996/000095012402001084/k67904e10-k405.txt", "calculatedOtherExpenses": 93200000, "calculatedOperatingExpenses": 1511400000, "calculatedNetInterest": 0, "calculatedOtherIncome": -739100000, "calculatedIncomeNonControlling": 0, "calculatedEbitda": 1309290000}, {"date": "2000-12-31", "symbol": "MAS", "reportedCurrency": "USD", "cik": "0000062996", "fillingDate": "2001-03-29", "acceptedDate": "2001-03-29 00:00:00", "calendarYear": "2000", "period": "FY", "revenue": 7243000000, "costOfRevenue": 4726030000, "grossProfit": 2516970000, "grossProfitRatio": 0.3475037968, "researchAndDevelopmentExpenses": 0, "generalAndAdministrativeExpenses": 0, "sellingAndMarketingExpenses": 0, "sellingGeneralAndAdministrativeExpenses": 1221940000, "otherExpenses": 0, "operatingExpenses": 1460270000, "costAndExpenses": 6186300000, "interestIncome": 0, "interestExpense": 0, "depreciationAndAmortization": 238330000, "ebitda": 1266950000, "ebitdaratio": 0.174920613, "operatingIncome": 1056700000, "operatingIncomeRatio": 0.1458925859, "totalOtherIncomeExpensesNet": 28080000, "incomeBeforeTax": 893400000, "incomeBeforeTaxRatio": 0.1233466796, "incomeTaxExpense": 301700000, "netIncome": 591700000, "netIncomeRatio": 0.0816926688, "eps": 1.34, "epsdiluted": 1.31, "weightedAverageShsOut": 441567164, "weightedAverageShsOutDil": 451679389, "link": "https://www.sec.gov/Archives/edgar/data/62996/000095012401001796/0000950124-01-001796-index.htm", "finalLink": "https://www.sec.gov/Archives/edgar/data/62996/000095012401001796/k60919e10-k.txt", "calculatedOtherExpenses": 238330000, "calculatedOperatingExpenses": 1460270000, "calculatedNetInterest": 0, "calculatedOtherIncome": -163300000, "calculatedIncomeNonControlling": 0, "calculatedEbitda": 1295030000}, {"date": "1999-12-31", "symbol": "MAS", "reportedCurrency": "USD", "cik": "0000062996", "fillingDate": "2000-03-30", "acceptedDate": "2000-03-30 00:00:00", "calendarYear": "1999", "period": "FY", "revenue": 6307000000, "costOfRevenue": 3859100000, "grossProfit": 2447900000, "grossProfitRatio": 0.3881243063, "researchAndDevelopmentExpenses": 0, "generalAndAdministrativeExpenses": 0, "sellingAndMarketingExpenses": 0, "sellingGeneralAndAdministrativeExpenses": 1354600000, "otherExpenses": 0, "operatingExpenses": 1536400000, "costAndExpenses": 5395500000, "interestIncome": 0, "interestExpense": 0, "depreciationAndAmortization": 181800000, "ebitda": 980200000, "ebitdaratio": 0.1554146187, "operatingIncome": 911500000, "operatingIncomeRatio": 0.1445219597, "totalOtherIncomeExpensesNet": 113100000, "incomeBeforeTax": 904100000, "incomeBeforeTaxRatio": 0.1433486602, "incomeTaxExpense": 334500000, "netIncome": 569600000, "netIncomeRatio": 0.0903123514, "eps": 1.31, "epsdiluted": 1.28, "weightedAverageShsOut": 434809160, "weightedAverageShsOutDil": 445000000, "link": "https://www.sec.gov/Archives/edgar/data/62996/000095012400001746/0000950124-00-001746-index.html", "finalLink": "https://www.sec.gov/Archives/edgar/data/62996/000095012400001746/", "calculatedOtherExpenses": 181800000, "calculatedOperatingExpenses": 1536400000, "calculatedNetInterest": 0, "calculatedOtherIncome": -7400000, "calculatedIncomeNonControlling": 0, "calculatedEbitda": 1093300000}, {"date": "1998-12-31", "symbol": "MAS", "reportedCurrency": "USD", "cik": "0000062996", "fillingDate": "1999-03-26", "acceptedDate": "1999-03-26 00:00:00", "calendarYear": "1998", "period": "FY", "revenue": 4345000000, "costOfRevenue": 2686200000, "grossProfit": 1658800000, "grossProfitRatio": 0.3817721519, "researchAndDevelopmentExpenses": 0, "generalAndAdministrativeExpenses": 0, "sellingAndMarketingExpenses": 0, "sellingGeneralAndAdministrativeExpenses": 842000000, "otherExpenses": 0, "operatingExpenses": 978300000, "costAndExpenses": 3664500000, "interestIncome": 0, "interestExpense": 0, "depreciationAndAmortization": 136300000, "ebitda": 657000000, "ebitdaratio": 0.1512082854, "operatingIncome": 680500000, "operatingIncomeRatio": 0.1566168009, "totalOtherIncomeExpensesNet": 159800000, "incomeBeforeTax": 755000000, "incomeBeforeTaxRatio": 0.1737629459, "incomeTaxExpense": 279000000, "netIncome": 476000000, "netIncomeRatio": 0.1095512083, "eps": 1.3, "epsdiluted": 1.26, "weightedAverageShsOut": 434692308, "weightedAverageShsOutDil": 434692308, "link": "https://www.sec.gov/Archives/edgar/data/62996/000095012499002075/0000950124-99-002075-index.html", "finalLink": "https://www.sec.gov/Archives/edgar/data/62996/", "calculatedOtherExpenses": 136300000, "calculatedOperatingExpenses": 978300000, "calculatedNetInterest": 0, "calculatedOtherIncome": 74500000, "calculatedIncomeNonControlling": 0, "calculatedEbitda": 816800000}, {"date": "1997-12-31", "symbol": "MAS", "reportedCurrency": "USD", "cik": "0000062996", "fillingDate": "1998-03-27", "acceptedDate": "1998-03-27 00:00:00", "calendarYear": "1997", "period": "FY", "revenue": 3760000000, "costOfRevenue": 2280900000, "grossProfit": 1479100000, "grossProfitRatio": 0.3933776596, "researchAndDevelopmentExpenses": 0, "generalAndAdministrativeExpenses": 0, "sellingAndMarketingExpenses": 0, "sellingGeneralAndAdministrativeExpenses": 775900000, "otherExpenses": 0, "operatingExpenses": 892000000, "costAndExpenses": 3172900000, "interestIncome": 0, "interestExpense": 0, "depreciationAndAmortization": 116100000, "ebitda": 579500000, "ebitdaratio": 0.1541223404, "operatingIncome": 587100000, "operatingIncomeRatio": 0.156143617, "totalOtherIncomeExpensesNet": 123700000, "incomeBeforeTax": 630900000, "incomeBeforeTaxRatio": 0.1677925532, "incomeTaxExpense": 248500000, "netIncome": 382400000, "netIncomeRatio": 0.1017021277, "eps": 1.05, "epsdiluted": 1.02, "weightedAverageShsOut": 422952381, "weightedAverageShsOutDil": 422952381, "link": "https://www.sec.gov/Archives/edgar/data/62996/000095012498001648/0000950124-98-001648-index.html", "finalLink": "https://www.sec.gov/Archives/edgar/data/62996/", "calculatedOtherExpenses": 116100000, "calculatedOperatingExpenses": 892000000, "calculatedNetInterest": 0, "calculatedOtherIncome": 43800000, "calculatedIncomeNonControlling": 0, "calculatedEbitda": 703200000}, {"date": "1996-12-31", "symbol": "MAS", "reportedCurrency": "USD", "cik": "0000062996", "fillingDate": "1997-03-28", "acceptedDate": "1997-03-28 00:00:00", "calendarYear": "1996", "period": "FY", "revenue": 3237000000, "costOfRevenue": 1960500000, "grossProfit": 1276500000, "grossProfitRatio": 0.3943466172, "researchAndDevelopmentExpenses": 0, "generalAndAdministrativeExpenses": 0, "sellingAndMarketingExpenses": 0, "sellingGeneralAndAdministrativeExpenses": 696300000, "otherExpenses": 0, "operatingExpenses": 796000000, "costAndExpenses": 2756500000, "interestIncome": 0, "interestExpense": 0, "depreciationAndAmortization": 99700000, "ebitda": 483300000, "ebitdaratio": 0.149304912, "operatingIncome": 480500000, "operatingIncomeRatio": 0.1484399135, "totalOtherIncomeExpensesNet": 96900000, "incomeBeforeTax": 502700000, "incomeBeforeTaxRatio": 0.1552981155, "incomeTaxExpense": 207500000, "netIncome": 295200000, "netIncomeRatio": 0.0911955514, "eps": 0.92, "epsdiluted": 0.92, "weightedAverageShsOut": 320869565, "weightedAverageShsOutDil": 320869565, "link": "https://www.sec.gov/Archives/edgar/data/62996/000095012497001858/0000950124-97-001858-index.html", "finalLink": "https://www.sec.gov/Archives/edgar/data/62996/", "calculatedOtherExpenses": 99700000, "calculatedOperatingExpenses": 796000000, "calculatedNetInterest": 0, "calculatedOtherIncome": 22200000, "calculatedIncomeNonControlling": 0, "calculatedEbitda": 580200000}, {"date": "1995-12-31", "symbol": "MAS", "reportedCurrency": "USD", "cik": "0000062996", "fillingDate": "1996-03-29", "acceptedDate": "1996-03-29 00:00:00", "calendarYear": "1995", "period": "FY", "revenue": 2927000000, "costOfRevenue": 1756200000, "grossProfit": 1170800000, "grossProfitRatio": 0.4, "researchAndDevelopmentExpenses": 0, "generalAndAdministrativeExpenses": 0, "sellingAndMarketingExpenses": 0, "sellingGeneralAndAdministrativeExpenses": 678300000, "otherExpenses": 0, "operatingExpenses": 768400000, "costAndExpenses": 2524600000, "interestIncome": 0, "interestExpense": 0, "depreciationAndAmortization": 90100000, "ebitda": 469300000, "ebitdaratio": 0.1603348138, "operatingIncome": 402400000, "operatingIncomeRatio": 0.1374786471, "totalOtherIncomeExpensesNet": 23200000, "incomeBeforeTax": 351800000, "incomeBeforeTaxRatio": 0.1201913222, "incomeTaxExpense": 151700000, "netIncome": -441600000, "netIncomeRatio": -0.1508711992, "eps": -1.39, "epsdiluted": -1.39, "weightedAverageShsOut": 318844765, "weightedAverageShsOutDil": 318844765, "link": "https://www.sec.gov/Archives/edgar/data/62996/000095012496001430/0000950124-96-001430-index.html", "finalLink": "https://www.sec.gov/Archives/edgar/data/62996/", "calculatedOtherExpenses": 90100000, "calculatedOperatingExpenses": 768400000, "calculatedNetInterest": 0, "calculatedOtherIncome": -50600000, "calculatedIncomeNonControlling": 641700000, "calculatedEbitda": 492500000}, {"date": "1994-12-31", "symbol": "MAS", "reportedCurrency": "USD", "cik": "0000062996", "fillingDate": "1995-03-28", "acceptedDate": "1995-03-28 00:00:00", "calendarYear": "1994", "period": "FY", "revenue": 4468000000, "costOfRevenue": 2881200000, "grossProfit": 1586800000, "grossProfitRatio": 0.3551477171, "researchAndDevelopmentExpenses": 0, "generalAndAdministrativeExpenses": 0, "sellingAndMarketingExpenses": 0, "sellingGeneralAndAdministrativeExpenses": 956600000, "otherExpenses": 0, "operatingExpenses": 1077200000, "costAndExpenses": 3958400000, "interestIncome": 0, "interestExpense": 0, "depreciationAndAmortization": 120600000, "ebitda": 712500000, "ebitdaratio": 0.1594673232, "operatingIncome": 509600000, "operatingIncomeRatio": 0.1140555058, "totalOtherIncomeExpensesNet": -82300000, "incomeBeforeTax": 322600000, "incomeBeforeTaxRatio": 0.0722023277, "incomeTaxExpense": 128900000, "netIncome": 193700000, "netIncomeRatio": 0.0433527305, "eps": 0.61, "epsdiluted": 0.61, "weightedAverageShsOut": 317540984, "weightedAverageShsOutDil": 317540984, "link": "https://www.sec.gov/Archives/edgar/data/62996/000095012495000913/0000950124-95-000913-index.html", "finalLink": "https://www.sec.gov/Archives/edgar/data/62996/", "calculatedOtherExpenses": 120600000, "calculatedOperatingExpenses": 1077200000, "calculatedNetInterest": 0, "calculatedOtherIncome": -187000000, "calculatedIncomeNonControlling": 0, "calculatedEbitda": 630200000}, {"date": "1993-12-31", "symbol": "MAS", "reportedCurrency": "USD", "cik": "0000062996", "fillingDate": "1994-03-25", "acceptedDate": "1994-03-25 00:00:00", "calendarYear": "1993", "period": "FY", "revenue": 3886000000, "costOfRevenue": 2505600000, "grossProfit": 1380400000, "grossProfitRatio": 0.3552238806, "researchAndDevelopmentExpenses": 0, "generalAndAdministrativeExpenses": 0, "sellingAndMarketingExpenses": 0, "sellingGeneralAndAdministrativeExpenses": 860500000, "otherExpenses": 0, "operatingExpenses": 976500000, "costAndExpenses": 3482100000, "interestIncome": 0, "interestExpense": 0, "depreciationAndAmortization": 116000000, "ebitda": 455300000, "ebitdaratio": 0.1171641791, "operatingIncome": 403900000, "operatingIncomeRatio": 0.1039372105, "totalOtherIncomeExpensesNet": 64600000, "incomeBeforeTax": 362600000, "incomeBeforeTaxRatio": 0.0933093155, "incomeTaxExpense": 141500000, "netIncome": 221100000, "netIncomeRatio": 0.0568965517, "eps": 0.72, "epsdiluted": 0.7, "weightedAverageShsOut": 307083333, "weightedAverageShsOutDil": 315857143, "link": "https://www.sec.gov/Archives/edgar/data/62996/000095012494000563/0000950124-94-000563-index.html", "finalLink": "https://www.sec.gov/Archives/edgar/data/62996/", "calculatedOtherExpenses": 116000000, "calculatedOperatingExpenses": 976500000, "calculatedNetInterest": 0, "calculatedOtherIncome": -41300000, "calculatedIncomeNonControlling": 0, "calculatedEbitda": 519900000}, {"date": "1992-12-31", "symbol": "MAS", "reportedCurrency": "USD", "cik": "0000062996", "fillingDate": "1992-12-31", "acceptedDate": "1992-12-30 19:00:00", "calendarYear": "1992", "period": "FY", "revenue": 3525000000, "costOfRevenue": 2266500000, "grossProfit": 1258500000, "grossProfitRatio": 0.3570212766, "researchAndDevelopmentExpenses": 0, "generalAndAdministrativeExpenses": 0, "sellingAndMarketingExpenses": 0, "sellingGeneralAndAdministrativeExpenses": 785400000, "otherExpenses": 0, "operatingExpenses": 899900000, "costAndExpenses": 3166400000, "interestIncome": 0, "interestExpense": 0, "depreciationAndAmortization": 114500000, "ebitda": 426200000, "ebitdaratio": 0.1209078014, "operatingIncome": 358600000, "operatingIncomeRatio": 0.1017304965, "totalOtherIncomeExpensesNet": 46900000, "incomeBeforeTax": 304800000, "incomeBeforeTaxRatio": 0.0864680851, "incomeTaxExpense": 121700000, "netIncome": 183100000, "netIncomeRatio": 0.0519432624, "eps": 0.61, "epsdiluted": 0.61, "weightedAverageShsOut": 300163934, "weightedAverageShsOutDil": 300163934, "link": null, "finalLink": null, "calculatedOtherExpenses": 114500000, "calculatedOperatingExpenses": 899900000, "calculatedNetInterest": 0, "calculatedOtherIncome": -53800000, "calculatedIncomeNonControlling": 0, "calculatedEbitda": 473100000}, {"date": "1991-12-31", "symbol": "MAS", "reportedCurrency": "USD", "cik": "0000062996", "fillingDate": "1991-12-31", "acceptedDate": "1991-12-30 19:00:00", "calendarYear": "1991", "period": "FY", "revenue": 3141000000, "costOfRevenue": 2103800000, "grossProfit": 1037200000, "grossProfitRatio": 0.3302133079, "researchAndDevelopmentExpenses": 0, "generalAndAdministrativeExpenses": 0, "sellingAndMarketingExpenses": 0, "sellingGeneralAndAdministrativeExpenses": 686200000, "otherExpenses": 0, "operatingExpenses": 788900000, "costAndExpenses": 2892700000, "interestIncome": 0, "interestExpense": 0, "depreciationAndAmortization": 102700000, "ebitda": 375200000, "ebitdaratio": 0.1194524037, "operatingIncome": 248300000, "operatingIncomeRatio": 0.0790512576, "totalOtherIncomeExpensesNet": -24200000, "incomeBeforeTax": 97600000, "incomeBeforeTaxRatio": 0.0310729067, "incomeTaxExpense": 52700000, "netIncome": 44900000, "netIncomeRatio": 0.0142948106, "eps": 0.15, "epsdiluted": 0.15, "weightedAverageShsOut": 299333333, "weightedAverageShsOutDil": 299333333, "link": null, "finalLink": null, "calculatedOtherExpenses": 102700000, "calculatedOperatingExpenses": 788900000, "calculatedNetInterest": 0, "calculatedOtherIncome": -150700000, "calculatedIncomeNonControlling": 0, "calculatedEbitda": 351000000}, {"date": "1990-12-31", "symbol": "MAS", "reportedCurrency": "USD", "cik": "0000062996", "fillingDate": "1990-12-31", "acceptedDate": "1990-12-30 19:00:00", "calendarYear": "1990", "period": "FY", "revenue": 3209000000, "costOfRevenue": 2116000000, "grossProfit": 1093000000, "grossProfitRatio": 0.3406045497, "researchAndDevelopmentExpenses": 0, "generalAndAdministrativeExpenses": 0, "sellingAndMarketingExpenses": 0, "sellingGeneralAndAdministrativeExpenses": 636700000, "otherExpenses": 0, "operatingExpenses": 730200000, "costAndExpenses": 2846200000, "interestIncome": 0, "interestExpense": 0, "depreciationAndAmortization": 93500000, "ebitda": 457400000, "ebitdaratio": 0.1425366158, "operatingIncome": 362800000, "operatingIncomeRatio": 0.1130570271, "totalOtherIncomeExpensesNet": -1100000, "incomeBeforeTax": 235900000, "incomeBeforeTaxRatio": 0.0735119975, "incomeTaxExpense": 97100000, "netIncome": 138800000, "netIncomeRatio": 0.04325335, "eps": 0.46, "epsdiluted": 0.46, "weightedAverageShsOut": 301739130, "weightedAverageShsOutDil": 301739130, "link": null, "finalLink": null, "calculatedOtherExpenses": 93500000, "calculatedOperatingExpenses": 730200000, "calculatedNetInterest": 0, "calculatedOtherIncome": -126900000, "calculatedIncomeNonControlling": 0, "calculatedEbitda": 456300000}, {"date": "1989-12-31", "symbol": "MAS", "reportedCurrency": "USD", "cik": "0000062996", "fillingDate": "1989-12-31", "acceptedDate": "1989-12-30 19:00:00", "calendarYear": "1989", "period": "FY", "revenue": 3150500000, "costOfRevenue": 2085600000, "grossProfit": 1064900000, "grossProfitRatio": 0.3380098397, "researchAndDevelopmentExpenses": 0, "generalAndAdministrativeExpenses": 0, "sellingAndMarketingExpenses": 0, "sellingGeneralAndAdministrativeExpenses": 570900000, "otherExpenses": 0, "operatingExpenses": 660000000, "costAndExpenses": 2745600000, "interestIncome": 0, "interestExpense": 0, "depreciationAndAmortization": 89100000, "ebitda": 459000000, "ebitdaratio": 0.1456911601, "operatingIncome": 404900000, "operatingIncomeRatio": 0.1285192827, "totalOtherIncomeExpensesNet": 35000000, "incomeBeforeTax": 327100000, "incomeBeforeTaxRatio": 0.1038247897, "incomeTaxExpense": 106200000, "netIncome": 220900000, "netIncomeRatio": 0.0701158546, "eps": 0.71, "epsdiluted": 0.71, "weightedAverageShsOut": 311126761, "weightedAverageShsOutDil": 311126761, "link": null, "finalLink": null, "calculatedOtherExpenses": 89100000, "calculatedOperatingExpenses": 660000000, "calculatedNetInterest": 0, "calculatedOtherIncome": -77800000, "calculatedIncomeNonControlling": 0, "calculatedEbitda": 494000000}, {"date": "1988-12-31", "symbol": "MAS", "reportedCurrency": "USD", "cik": "0000062996", "fillingDate": "1988-12-31", "acceptedDate": "1988-12-30 19:00:00", "calendarYear": "1988", "period": "FY", "revenue": 2438600000, "costOfRevenue": 1514200000, "grossProfit": 924400000, "grossProfitRatio": 0.3790699582, "researchAndDevelopmentExpenses": 0, "generalAndAdministrativeExpenses": 0, "sellingAndMarketingExpenses": 0, "sellingGeneralAndAdministrativeExpenses": 453600000, "otherExpenses": 0, "operatingExpenses": 528200000, "costAndExpenses": 2042400000, "interestIncome": 0, "interestExpense": 0, "depreciationAndAmortization": 74600000, "ebitda": 351800000, "ebitdaratio": 0.1442631018, "operatingIncome": 396200000, "operatingIncomeRatio": 0.1624702698, "totalOtherIncomeExpensesNet": 119000000, "incomeBeforeTax": 421400000, "incomeBeforeTaxRatio": 0.1728040679, "incomeTaxExpense": 133100000, "netIncome": 288300000, "netIncomeRatio": 0.1182235709, "eps": 1.05, "epsdiluted": 1.05, "weightedAverageShsOut": 274571429, "weightedAverageShsOutDil": 274571429, "link": null, "finalLink": null, "calculatedOtherExpenses": 74600000, "calculatedOperatingExpenses": 528200000, "calculatedNetInterest": 0, "calculatedOtherIncome": 25200000, "calculatedIncomeNonControlling": 0, "calculatedEbitda": 470800000}, {"date": "1987-12-31", "symbol": "MAS", "reportedCurrency": "USD", "cik": "0000062996", "fillingDate": "1987-12-31", "acceptedDate": "1987-12-30 19:00:00", "calendarYear": "1987", "period": "FY", "revenue": 2023300000, "costOfRevenue": 1244300000, "grossProfit": 779000000, "grossProfitRatio": 0.3850145801, "researchAndDevelopmentExpenses": 0, "generalAndAdministrativeExpenses": 0, "sellingAndMarketingExpenses": 0, "sellingGeneralAndAdministrativeExpenses": 359600000, "otherExpenses": 0, "operatingExpenses": 422900000, "costAndExpenses": 1667200000, "interestIncome": 0, "interestExpense": 0, "depreciationAndAmortization": 63300000, "ebitda": 365900000, "ebitdaratio": 0.180843177, "operatingIncome": 356100000, "operatingIncomeRatio": 0.1759996046, "totalOtherIncomeExpensesNet": 53500000, "incomeBeforeTax": 334500000, "incomeBeforeTaxRatio": 0.1653239757, "incomeTaxExpense": 115700000, "netIncome": 218800000, "netIncomeRatio": 0.1081401671, "eps": 0.83, "epsdiluted": 0.83, "weightedAverageShsOut": 263614458, "weightedAverageShsOutDil": 263614458, "link": null, "finalLink": null, "calculatedOtherExpenses": 63300000, "calculatedOperatingExpenses": 422900000, "calculatedNetInterest": 0, "calculatedOtherIncome": -21600000, "calculatedIncomeNonControlling": 0, "calculatedEbitda": 419400000}, {"date": "1986-12-31", "symbol": "MAS", "reportedCurrency": "USD", "cik": "0000062996", "fillingDate": "1986-12-31", "acceptedDate": "1986-12-30 19:00:00", "calendarYear": "1986", "period": "FY", "revenue": 1452000000, "costOfRevenue": 885900000, "grossProfit": 566100000, "grossProfitRatio": 0.3898760331, "researchAndDevelopmentExpenses": 0, "generalAndAdministrativeExpenses": 0, "sellingAndMarketingExpenses": 0, "sellingGeneralAndAdministrativeExpenses": 258600000, "otherExpenses": 0, "operatingExpenses": 302400000, "costAndExpenses": 1188300000, "interestIncome": 0, "interestExpense": 0, "depreciationAndAmortization": 43800000, "ebitda": 165700000, "ebitdaratio": 0.1141184573, "operatingIncome": 263700000, "operatingIncomeRatio": 0.1816115702, "totalOtherIncomeExpensesNet": 141800000, "incomeBeforeTax": 330900000, "incomeBeforeTaxRatio": 0.227892562, "incomeTaxExpense": 127500000, "netIncome": 203400000, "netIncomeRatio": 0.1400826446, "eps": 0.78, "epsdiluted": 0.78, "weightedAverageShsOut": 260769231, "weightedAverageShsOutDil": 260769231, "link": null, "finalLink": null, "calculatedOtherExpenses": 43800000, "calculatedOperatingExpenses": 302400000, "calculatedNetInterest": 0, "calculatedOtherIncome": 67200000, "calculatedIncomeNonControlling": 0, "calculatedEbitda": 307500000}, {"date": "1985-12-31", "symbol": "MAS", "reportedCurrency": "USD", "cik": "0000062996", "fillingDate": "1985-12-31", "acceptedDate": "1985-12-30 19:00:00", "calendarYear": "1985", "period": "FY", "revenue": 1154000000, "costOfRevenue": 709700000, "grossProfit": 444300000, "grossProfitRatio": 0.3850086655, "researchAndDevelopmentExpenses": 0, "generalAndAdministrativeExpenses": 0, "sellingAndMarketingExpenses": 0, "sellingGeneralAndAdministrativeExpenses": 210100000, "otherExpenses": 0, "operatingExpenses": 244600000, "costAndExpenses": 954300000, "interestIncome": 0, "interestExpense": 0, "depreciationAndAmortization": 34500000, "ebitda": 102600000, "ebitdaratio": 0.0889081456, "operatingIncome": 199700000, "operatingIncomeRatio": 0.17305026, "totalOtherIncomeExpensesNet": 131600000, "incomeBeforeTax": 268800000, "incomeBeforeTaxRatio": 0.2329289428, "incomeTaxExpense": 104300000, "netIncome": 164500000, "netIncomeRatio": 0.1425476603, "eps": 0.64, "epsdiluted": 0.64, "weightedAverageShsOut": 257031250, "weightedAverageShsOutDil": 257031250, "link": null, "finalLink": null, "calculatedOtherExpenses": 34500000, "calculatedOperatingExpenses": 244600000, "calculatedNetInterest": 0, "calculatedOtherIncome": 69100000, "calculatedIncomeNonControlling": 0, "calculatedEbitda": 234200000}]}