{"originalCurrency": "USD", "convertedCurrency": "USD", "report": [{"date": "2023-12-30", "symbol": "MASI", "reportedCurrency": "USD", "cik": "0000937556", "fillingDate": "2024-02-28", "acceptedDate": "2024-02-28 17:31:44", "calendarYear": "2023", "period": "FY", "revenue": 2048100000, "costOfRevenue": 1044599999, "grossProfit": 1003500001, "grossProfitRatio": 0.4899663107, "researchAndDevelopmentExpenses": 175200000, "generalAndAdministrativeExpenses": 602600000, "sellingAndMarketingExpenses": 61400000, "sellingGeneralAndAdministrativeExpenses": 664000000, "otherExpenses": 27800000, "operatingExpenses": 839200000, "costAndExpenses": 1883800000, "interestIncome": 3000000, "interestExpense": 50300000, "depreciationAndAmortization": 98300000, "ebitda": 262600000, "ebitdaratio": 0.1282163957, "operatingIncome": 164300000, "operatingIncomeRatio": 0.0802206923, "totalOtherIncomeExpensesNet": -76200000, "incomeBeforeTax": 88100000, "incomeBeforeTaxRatio": 0.0430154778, "incomeTaxExpense": 6600000, "netIncome": 81500000, "netIncomeRatio": 0.0397929789, "eps": 1.54, "epsdiluted": 1.51, "weightedAverageShsOut": 52800000, "weightedAverageShsOutDil": 54100000, "link": "https://www.sec.gov/Archives/edgar/data/937556/000093755624000018/0000937556-24-000018-index.htm", "finalLink": "https://www.sec.gov/Archives/edgar/data/937556/000093755624000018/masi-20231230.htm", "calculatedOtherExpenses": 1, "calculatedOperatingExpenses": 839200001, "calculatedNetInterest": -47300000, "calculatedOtherIncome": -28900000, "calculatedIncomeNonControlling": 0, "calculatedEbitda": 262600000}, {"date": "2022-12-31", "symbol": "MASI", "reportedCurrency": "USD", "cik": "0000937556", "fillingDate": "2023-03-01", "acceptedDate": "2023-03-01 07:24:40", "calendarYear": "2022", "period": "FY", "revenue": 2035800000, "costOfRevenue": 977000000, "grossProfit": 1058800000, "grossProfitRatio": 0.5200903822, "researchAndDevelopmentExpenses": 191400000, "generalAndAdministrativeExpenses": 645100000, "sellingAndMarketingExpenses": 12300000, "sellingGeneralAndAdministrativeExpenses": 657400000, "otherExpenses": -16600000, "operatingExpenses": 848800000, "costAndExpenses": 1825800000, "interestIncome": 1800000, "interestExpense": 25700000, "depreciationAndAmortization": 136100000, "ebitda": 346100000, "ebitdaratio": 0.1700068769, "operatingIncome": 210000000, "operatingIncomeRatio": 0.1031535514, "totalOtherIncomeExpensesNet": -16600000, "incomeBeforeTax": 193400000, "incomeBeforeTaxRatio": 0.0949995088, "incomeTaxExpense": 49900000, "netIncome": 143500000, "netIncomeRatio": 0.0704882601, "eps": 2.68, "epsdiluted": 2.6, "weightedAverageShsOut": 53600000, "weightedAverageShsOutDil": 55200000, "link": "https://www.sec.gov/Archives/edgar/data/937556/000093755623000016/0000937556-23-000016-index.htm", "finalLink": "https://www.sec.gov/Archives/edgar/data/937556/000093755623000016/masi-20221231.htm", "calculatedOtherExpenses": 0, "calculatedOperatingExpenses": 848800000, "calculatedNetInterest": -23900000, "calculatedOtherIncome": 7300000, "calculatedIncomeNonControlling": 0, "calculatedEbitda": 346100000}, {"date": "2021-12-31", "symbol": "MASI", "reportedCurrency": "USD", "cik": "0000937556", "fillingDate": "2022-02-16", "acceptedDate": "2022-02-15 18:53:47", "calendarYear": "2021", "period": "FY", "revenue": 1239153000, "costOfRevenue": 430806000, "grossProfit": 808347000, "grossProfitRatio": 0.6523383311, "researchAndDevelopmentExpenses": 137234000, "generalAndAdministrativeExpenses": 386291000, "sellingAndMarketingExpenses": 9000000, "sellingGeneralAndAdministrativeExpenses": 395291000, "otherExpenses": -1442000, "operatingExpenses": 532525000, "costAndExpenses": 963331000, "interestIncome": 936000, "interestExpense": 355000, "depreciationAndAmortization": 35620000, "ebitda": 311442000, "ebitdaratio": 0.251334581, "operatingIncome": 275822000, "operatingIncomeRatio": 0.2225891395, "totalOtherIncomeExpensesNet": -1442000, "incomeBeforeTax": 274380000, "incomeBeforeTaxRatio": 0.2214254414, "incomeTaxExpense": 44733000, "netIncome": 229600000, "netIncomeRatio": 0.1852878539, "eps": 4.16, "epsdiluted": 3.98, "weightedAverageShsOut": 55166000, "weightedAverageShsOutDil": 57682000, "link": "https://www.sec.gov/Archives/edgar/data/937556/000093755622000031/0000937556-22-000031-index.htm", "finalLink": "https://www.sec.gov/Archives/edgar/data/937556/000093755622000031/masi-20220101.htm", "calculatedOtherExpenses": 0, "calculatedOperatingExpenses": 532525000, "calculatedNetInterest": 581000, "calculatedOtherIncome": -2023000, "calculatedIncomeNonControlling": 47000, "calculatedEbitda": 311442000}, {"date": "2020-12-31", "symbol": "MASI", "reportedCurrency": "USD", "cik": "0000937556", "fillingDate": "2021-02-23", "acceptedDate": "2021-02-23 17:13:31", "calendarYear": "2020", "period": "FY", "revenue": 1143744000, "costOfRevenue": 400679000, "grossProfit": 743065000, "grossProfitRatio": 0.6496777251, "researchAndDevelopmentExpenses": 118659000, "generalAndAdministrativeExpenses": 338257000, "sellingAndMarketingExpenses": 30800000, "sellingGeneralAndAdministrativeExpenses": 369057000, "otherExpenses": 7913000, "operatingExpenses": 487716000, "costAndExpenses": 888395000, "interestIncome": 5534000, "interestExpense": 338000, "depreciationAndAmortization": 28352000, "ebitda": 284175000, "ebitdaratio": 0.2484603198, "operatingIncome": 255823000, "operatingIncomeRatio": 0.2236715559, "totalOtherIncomeExpensesNet": 7913000, "incomeBeforeTax": 263736000, "incomeBeforeTaxRatio": 0.2305900621, "incomeTaxExpense": 23454000, "netIncome": 240300000, "netIncomeRatio": 0.2100994628, "eps": 4.39, "epsdiluted": 4.14, "weightedAverageShsOut": 54700000, "weightedAverageShsOutDil": 58037000, "link": "https://www.sec.gov/Archives/edgar/data/937556/000093755621000033/0000937556-21-000033-index.htm", "finalLink": "https://www.sec.gov/Archives/edgar/data/937556/000093755621000033/masi-20210102.htm", "calculatedOtherExpenses": -474000, "calculatedOperatingExpenses": 487242000, "calculatedNetInterest": 5196000, "calculatedOtherIncome": 2717000, "calculatedIncomeNonControlling": -18000, "calculatedEbitda": 284175000}, {"date": "2019-12-28", "symbol": "MASI", "reportedCurrency": "USD", "cik": "0000937556", "fillingDate": "2020-02-19", "acceptedDate": "2020-02-19 17:16:58", "calendarYear": "2019", "period": "FY", "revenue": 937837000, "costOfRevenue": 308665000, "grossProfit": 629172000, "grossProfitRatio": 0.6708756426, "researchAndDevelopmentExpenses": 93295000, "generalAndAdministrativeExpenses": 300661000, "sellingAndMarketingExpenses": 14000000, "sellingGeneralAndAdministrativeExpenses": 314661000, "otherExpenses": 12950000, "operatingExpenses": 407956000, "costAndExpenses": 716621000, "interestIncome": 13917000, "interestExpense": 328000, "depreciationAndAmortization": 23487000, "ebitda": 244703000, "ebitdaratio": 0.2609227403, "operatingIncome": 221216000, "operatingIncomeRatio": 0.2358789427, "totalOtherIncomeExpensesNet": 12950000, "incomeBeforeTax": 234166000, "incomeBeforeTaxRatio": 0.2496873124, "incomeTaxExpense": 37950000, "netIncome": 196216000, "netIncomeRatio": 0.2092218584, "eps": 3.67, "epsdiluted": 3.44, "weightedAverageShsOut": 53434000, "weightedAverageShsOutDil": 57100000, "link": "https://www.sec.gov/Archives/edgar/data/937556/000093755620000030/0000937556-20-000030-index.htm", "finalLink": "https://www.sec.gov/Archives/edgar/data/937556/000093755620000030/masi-20191228xform10k.htm", "calculatedOtherExpenses": 0, "calculatedOperatingExpenses": 407956000, "calculatedNetInterest": 13589000, "calculatedOtherIncome": -639000, "calculatedIncomeNonControlling": 0, "calculatedEbitda": 244703000}, {"date": "2018-12-29", "symbol": "MASI", "reportedCurrency": "USD", "cik": "0000937556", "fillingDate": "2019-02-26", "acceptedDate": "2019-02-26 17:18:44", "calendarYear": "2018", "period": "FY", "revenue": 858289000, "costOfRevenue": 283397000, "grossProfit": 574892000, "grossProfitRatio": 0.6698116835, "researchAndDevelopmentExpenses": 76967000, "generalAndAdministrativeExpenses": 271556000, "sellingAndMarketingExpenses": 17900000, "sellingGeneralAndAdministrativeExpenses": 289456000, "otherExpenses": 5732000, "operatingExpenses": 366423000, "costAndExpenses": 649820000, "interestIncome": 0, "interestExpense": -4882000, "depreciationAndAmortization": 21127000, "ebitda": 230021000, "ebitdaratio": 0.2679994734, "operatingIncome": 208044000, "operatingIncomeRatio": 0.242393879, "totalOtherIncomeExpensesNet": 5307000, "incomeBeforeTax": 213776000, "incomeBeforeTaxRatio": 0.2490722822, "incomeTaxExpense": 20233000, "netIncome": 193543000, "netIncomeRatio": 0.2254986374, "eps": 3.45, "epsdiluted": 3.45, "weightedAverageShsOut": 56039000, "weightedAverageShsOutDil": 56039000, "link": "https://www.sec.gov/Archives/edgar/data/937556/000093755619000039/0000937556-19-000039-index.htm", "finalLink": "https://www.sec.gov/Archives/edgar/data/937556/000093755619000039/masi-20181229xform10k.htm", "calculatedOtherExpenses": 425000, "calculatedOperatingExpenses": 366848000, "calculatedNetInterest": 4882000, "calculatedOtherIncome": 850000, "calculatedIncomeNonControlling": 0, "calculatedEbitda": 229171000}, {"date": "2017-12-30", "symbol": "MASI", "reportedCurrency": "USD", "cik": "0000937556", "fillingDate": "2018-02-28", "acceptedDate": "2018-02-28 16:22:49", "calendarYear": "2017", "period": "FY", "revenue": 798108000, "costOfRevenue": 263008000, "grossProfit": 535100000, "grossProfitRatio": 0.6704606394, "researchAndDevelopmentExpenses": 61953000, "generalAndAdministrativeExpenses": 257986000, "sellingAndMarketingExpenses": 17800000, "sellingGeneralAndAdministrativeExpenses": 275786000, "otherExpenses": 2013000, "operatingExpenses": 337739000, "costAndExpenses": 600747000, "interestIncome": 0, "interestExpense": -2013000, "depreciationAndAmortization": 20061000, "ebitda": 217422000, "ebitdaratio": 0.2724217775, "operatingIncome": 197361000, "operatingIncomeRatio": 0.2472860816, "totalOtherIncomeExpensesNet": 2013000, "incomeBeforeTax": 199374000, "incomeBeforeTaxRatio": 0.2498082966, "incomeTaxExpense": 67758000, "netIncome": 131616000, "netIncomeRatio": 0.1649100122, "eps": 2.42, "epsdiluted": 2.23, "weightedAverageShsOut": 51516000, "weightedAverageShsOutDil": 55874000, "link": "https://www.sec.gov/Archives/edgar/data/937556/000093755618000019/0000937556-18-000019-index.htm", "finalLink": "https://www.sec.gov/Archives/edgar/data/937556/000093755618000019/masi-20171230xform10k.htm", "calculatedOtherExpenses": 0, "calculatedOperatingExpenses": 337739000, "calculatedNetInterest": 2013000, "calculatedOtherIncome": 0, "calculatedIncomeNonControlling": 0, "calculatedEbitda": 217422000}, {"date": "2016-12-31", "symbol": "MASI", "reportedCurrency": "USD", "cik": "0000937556", "fillingDate": "2017-02-15", "acceptedDate": "2017-02-15 09:28:31", "calendarYear": "2016", "period": "FY", "revenue": 694625000, "costOfRevenue": 230826000, "grossProfit": 463799000, "grossProfitRatio": 0.6676969588, "researchAndDevelopmentExpenses": 59362000, "generalAndAdministrativeExpenses": 239367000, "sellingAndMarketingExpenses": 14300000, "sellingGeneralAndAdministrativeExpenses": 253667000, "otherExpenses": -2429000, "operatingExpenses": 313029000, "costAndExpenses": 543855000, "interestIncome": 0, "interestExpense": -537571000, "depreciationAndAmortization": 16817000, "ebitda": -102413000, "ebitdaratio": -0.1474363865, "operatingIncome": 420770000, "operatingIncomeRatio": 0.6057513047, "totalOtherIncomeExpensesNet": 267571000, "incomeBeforeTax": 418341000, "incomeBeforeTaxRatio": 0.6022544538, "incomeTaxExpense": 117675000, "netIncome": 300666000, "netIncomeRatio": 0.4328464999, "eps": 6.28, "epsdiluted": 5.85, "weightedAverageShsOut": 49530000, "weightedAverageShsOutDil": 53195000, "link": "https://www.sec.gov/Archives/edgar/data/937556/000093755617000045/0000937556-17-000045-index.htm", "finalLink": "https://www.sec.gov/Archives/edgar/data/937556/000093755617000045/masi-20161231xform10k.htm", "calculatedOtherExpenses": -270000000, "calculatedOperatingExpenses": 43029000, "calculatedNetInterest": 537571000, "calculatedOtherIncome": -540000000, "calculatedIncomeNonControlling": 0, "calculatedEbitda": 437587000}, {"date": "2015-12-31", "symbol": "MASI", "reportedCurrency": "USD", "cik": "0000937556", "fillingDate": "2016-02-24", "acceptedDate": "2016-02-24 16:41:37", "calendarYear": "2015", "period": "FY", "revenue": 630111000, "costOfRevenue": 220128000, "grossProfit": 409983000, "grossProfitRatio": 0.650652028, "researchAndDevelopmentExpenses": 56617000, "generalAndAdministrativeExpenses": 242025000, "sellingAndMarketingExpenses": 10700000, "sellingGeneralAndAdministrativeExpenses": 252725000, "otherExpenses": -3905000, "operatingExpenses": 309342000, "costAndExpenses": 529470000, "interestIncome": 0, "interestExpense": -37113000, "depreciationAndAmortization": 15684000, "ebitda": 96716000, "ebitdaratio": 0.1534904168, "operatingIncome": 120250000, "operatingIncomeRatio": 0.1908393918, "totalOtherIncomeExpensesNet": 15704000, "incomeBeforeTax": 116345000, "incomeBeforeTaxRatio": 0.184642071, "incomeTaxExpense": 34845000, "netIncome": 83300000, "netIncomeRatio": 0.13219893, "eps": 1.62, "epsdiluted": 1.55, "weightedAverageShsOut": 51311000, "weightedAverageShsOutDil": 53707000, "link": "https://www.sec.gov/Archives/edgar/data/937556/000093755616000218/0000937556-16-000218-index.htm", "finalLink": "https://www.sec.gov/Archives/edgar/data/937556/000093755616000218/masi-20160102x10k.htm", "calculatedOtherExpenses": -19609000, "calculatedOperatingExpenses": 289733000, "calculatedNetInterest": 37113000, "calculatedOtherIncome": -41018000, "calculatedIncomeNonControlling": -1800000, "calculatedEbitda": 135934000}, {"date": "2014-12-31", "symbol": "MASI", "reportedCurrency": "USD", "cik": "0000937556", "fillingDate": "2015-02-17", "acceptedDate": "2015-02-17 17:26:19", "calendarYear": "2014", "period": "FY", "revenue": 586643000, "costOfRevenue": 195864000, "grossProfit": 390779000, "grossProfitRatio": 0.6661274404, "researchAndDevelopmentExpenses": 56581000, "generalAndAdministrativeExpenses": 230316000, "sellingAndMarketingExpenses": 10700000, "sellingGeneralAndAdministrativeExpenses": 241016000, "otherExpenses": -1472000, "operatingExpenses": 297597000, "costAndExpenses": 493461000, "interestIncome": 0, "interestExpense": -17345000, "depreciationAndAmortization": 12818000, "ebitda": 95669000, "ebitdaratio": 0.1630787378, "operatingIncome": 103513000, "operatingIncomeRatio": 0.1764497318, "totalOtherIncomeExpensesNet": 8859000, "incomeBeforeTax": 102041000, "incomeBeforeTaxRatio": 0.1739405396, "incomeTaxExpense": 27678000, "netIncome": 72518000, "netIncomeRatio": 0.123615214, "eps": 1.33, "epsdiluted": 1.3, "weightedAverageShsOut": 54708000, "weightedAverageShsOutDil": 55571000, "link": "https://www.sec.gov/Archives/edgar/data/937556/000093755615000024/0000937556-15-000024-index.htm", "finalLink": "https://www.sec.gov/Archives/edgar/data/937556/000093755615000024/masi-20150103x10k.htm", "calculatedOtherExpenses": -10331000, "calculatedOperatingExpenses": 287266000, "calculatedNetInterest": 17345000, "calculatedOtherIncome": -18817000, "calculatedIncomeNonControlling": 1845000, "calculatedEbitda": 116331000}, {"date": "2013-12-28", "symbol": "MASI", "reportedCurrency": "USD", "cik": "0000937556", "fillingDate": "2014-02-14", "acceptedDate": "2014-02-13 21:14:29", "calendarYear": "2013", "period": "FY", "revenue": 547245000, "costOfRevenue": 188418000, "grossProfit": 358827000, "grossProfitRatio": 0.655697174, "researchAndDevelopmentExpenses": 55631000, "generalAndAdministrativeExpenses": 205869000, "sellingAndMarketingExpenses": 9600000, "sellingGeneralAndAdministrativeExpenses": 215469000, "otherExpenses": -3991000, "operatingExpenses": 271100000, "costAndExpenses": 459518000, "interestIncome": 0, "interestExpense": 17351000, "depreciationAndAmortization": 11421000, "ebitda": 107158000, "ebitdaratio": 0.1958135753, "operatingIncome": 79717000, "operatingIncomeRatio": 0.1456696726, "totalOtherIncomeExpensesNet": -12001000, "incomeBeforeTax": 75726000, "incomeBeforeTaxRatio": 0.1383767782, "incomeTaxExpense": 20005000, "netIncome": 58381000, "netIncomeRatio": 0.1066816508, "eps": 1.03, "epsdiluted": 1.02, "weightedAverageShsOut": 56690000, "weightedAverageShsOutDil": 57480000, "link": "https://www.sec.gov/Archives/edgar/data/937556/000093755614000017/0000937556-14-000017-index.htm", "finalLink": "https://www.sec.gov/Archives/edgar/data/937556/000093755614000017/masi-20131228x10k.htm", "calculatedOtherExpenses": 8010000, "calculatedOperatingExpenses": 279110000, "calculatedNetInterest": -17351000, "calculatedOtherIncome": 13360000, "calculatedIncomeNonControlling": -2660000, "calculatedEbitda": 91138000}, {"date": "2012-12-29", "symbol": "MASI", "reportedCurrency": "USD", "cik": "0000937556", "fillingDate": "2013-02-15", "acceptedDate": "2013-02-14 19:07:29", "calendarYear": "2012", "period": "FY", "revenue": 493233000, "costOfRevenue": 166982000, "grossProfit": 326251000, "grossProfitRatio": 0.6614541201, "researchAndDevelopmentExpenses": 47077000, "generalAndAdministrativeExpenses": 184348000, "sellingAndMarketingExpenses": 9600000, "sellingGeneralAndAdministrativeExpenses": 193948000, "otherExpenses": -1405000, "operatingExpenses": 241025000, "costAndExpenses": 408007000, "interestIncome": 0, "interestExpense": 1071000, "depreciationAndAmortization": 9369000, "ebitda": 94595000, "ebitdaratio": 0.1917856267, "operatingIncome": 85226000, "operatingIncomeRatio": 0.1727905473, "totalOtherIncomeExpensesNet": -1405000, "incomeBeforeTax": 83821000, "incomeBeforeTaxRatio": 0.169941995, "incomeTaxExpense": 21883000, "netIncome": 62272000, "netIncomeRatio": 0.1262527041, "eps": 1.08, "epsdiluted": 1.07, "weightedAverageShsOut": 57445000, "weightedAverageShsOutDil": 58374000, "link": "https://www.sec.gov/Archives/edgar/data/937556/000119312513061008/0001193125-13-061008-index.htm", "finalLink": "https://www.sec.gov/Archives/edgar/data/937556/000119312513061008/d443194d10k.htm", "calculatedOtherExpenses": 0, "calculatedOperatingExpenses": 241025000, "calculatedNetInterest": -1071000, "calculatedOtherIncome": -334000, "calculatedIncomeNonControlling": -334000, "calculatedEbitda": 94595000}, {"date": "2011-12-31", "symbol": "MASI", "reportedCurrency": "USD", "cik": "0000937556", "fillingDate": "2012-02-17", "acceptedDate": "2012-02-16 20:36:20", "calendarYear": "2011", "period": "FY", "revenue": 438988000, "costOfRevenue": 144854000, "grossProfit": 294134000, "grossProfitRatio": 0.6700274267, "researchAndDevelopmentExpenses": 38412000, "generalAndAdministrativeExpenses": 0, "sellingAndMarketingExpenses": 0, "sellingGeneralAndAdministrativeExpenses": 169205000, "otherExpenses": 0, "operatingExpenses": 207617000, "costAndExpenses": 352471000, "interestIncome": 0, "interestExpense": 325000, "depreciationAndAmortization": 7342000, "ebitda": 93845000, "ebitdaratio": 0.2137757752, "operatingIncome": 86503000, "operatingIncomeRatio": 0.1970509444, "totalOtherIncomeExpensesNet": 14000, "incomeBeforeTax": 86531000, "incomeBeforeTaxRatio": 0.1971147275, "incomeTaxExpense": 22478000, "netIncome": 63700000, "netIncomeRatio": 0.1451064722, "eps": 1.07, "epsdiluted": 1.05, "weightedAverageShsOut": 59659000, "weightedAverageShsOutDil": 60845000, "link": "https://www.sec.gov/Archives/edgar/data/937556/000119312512065799/0001193125-12-065799-index.htm", "finalLink": "https://www.sec.gov/Archives/edgar/data/937556/000119312512065799/d260251d10k.htm", "calculatedOtherExpenses": 14000, "calculatedOperatingExpenses": 207631000, "calculatedNetInterest": -325000, "calculatedOtherIncome": 353000, "calculatedIncomeNonControlling": 353000, "calculatedEbitda": 93845000}, {"date": "2010-12-31", "symbol": "MASI", "reportedCurrency": "USD", "cik": "0000937556", "fillingDate": "2011-02-16", "acceptedDate": "2011-02-15 19:41:13", "calendarYear": "2010", "period": "FY", "revenue": 405407000, "costOfRevenue": 119825000, "grossProfit": 285582000, "grossProfitRatio": 0.7044328292, "researchAndDevelopmentExpenses": 36000000, "generalAndAdministrativeExpenses": 0, "sellingAndMarketingExpenses": 0, "sellingGeneralAndAdministrativeExpenses": 143361000, "otherExpenses": 0, "operatingExpenses": 179361000, "costAndExpenses": 299186000, "interestIncome": 0, "interestExpense": -2821000, "depreciationAndAmortization": 6584000, "ebitda": 111457000, "ebitdaratio": 0.2749261853, "operatingIncome": 104873000, "operatingIncomeRatio": 0.2586857158, "totalOtherIncomeExpensesNet": 1348000, "incomeBeforeTax": 107569000, "incomeBeforeTaxRatio": 0.265335823, "incomeTaxExpense": 34164000, "netIncome": 73530000, "netIncomeRatio": 0.1813732866, "eps": 1.25, "epsdiluted": 1.21, "weightedAverageShsOut": 58769000, "weightedAverageShsOutDil": 60609000, "link": "https://www.sec.gov/Archives/edgar/data/937556/000119312511036970/0001193125-11-036970-index.htm", "finalLink": "https://www.sec.gov/Archives/edgar/data/937556/000119312511036970/d10k.htm", "calculatedOtherExpenses": 1348000, "calculatedOperatingExpenses": 180709000, "calculatedNetInterest": 2821000, "calculatedOtherIncome": -125000, "calculatedIncomeNonControlling": -125000, "calculatedEbitda": 111457000}, {"date": "2009-12-31", "symbol": "MASI", "reportedCurrency": "USD", "cik": "0000937556", "fillingDate": "2010-02-17", "acceptedDate": "2010-02-16 20:13:20", "calendarYear": "2009", "period": "FY", "revenue": 349115000, "costOfRevenue": 100313000, "grossProfit": 248802000, "grossProfitRatio": 0.7126648812, "researchAndDevelopmentExpenses": 31701000, "generalAndAdministrativeExpenses": 0, "sellingAndMarketingExpenses": 0, "sellingGeneralAndAdministrativeExpenses": 134875000, "otherExpenses": 0, "operatingExpenses": 166576000, "costAndExpenses": 266889000, "interestIncome": 178000, "interestExpense": 75000, "depreciationAndAmortization": 5979000, "ebitda": 88383000, "ebitdaratio": 0.2531629979, "operatingIncome": 82329000, "operatingIncomeRatio": 0.2358220071, "totalOtherIncomeExpensesNet": -149000, "incomeBeforeTax": 82180000, "incomeBeforeTaxRatio": 0.2353952136, "incomeTaxExpense": 28158000, "netIncome": 53228000, "netIncomeRatio": 0.15246552, "eps": 0.92, "epsdiluted": 0.88, "weightedAverageShsOut": 57603000, "weightedAverageShsOutDil": 60171000, "link": "https://www.sec.gov/Archives/edgar/data/937556/000119312510032590/0001193125-10-032590-index.htm", "finalLink": "https://www.sec.gov/Archives/edgar/data/937556/000119312510032590/d10k.htm", "calculatedOtherExpenses": -103000, "calculatedOperatingExpenses": 166473000, "calculatedNetInterest": 103000, "calculatedOtherIncome": -252000, "calculatedIncomeNonControlling": 794000, "calculatedEbitda": 88308000}, {"date": "2008-12-31", "symbol": "MASI", "reportedCurrency": "USD", "cik": "0000937556", "fillingDate": "2009-03-04", "acceptedDate": "2009-03-03 18:13:45", "calendarYear": "2008", "period": "FY", "revenue": 307074000, "costOfRevenue": 89454000, "grossProfit": 217620000, "grossProfitRatio": 0.7086891108, "researchAndDevelopmentExpenses": 25495000, "generalAndAdministrativeExpenses": 0, "sellingAndMarketingExpenses": 0, "sellingGeneralAndAdministrativeExpenses": 120069000, "otherExpenses": 706000, "operatingExpenses": 146270000, "costAndExpenses": 235724000, "interestIncome": 2305000, "interestExpense": 176000, "depreciationAndAmortization": 5745000, "ebitda": 78312000, "ebitdaratio": 0.2550264757, "operatingIncome": 71174000, "operatingIncomeRatio": 0.2317812645, "totalOtherIncomeExpensesNet": -1217000, "incomeBeforeTax": 72391000, "incomeBeforeTaxRatio": 0.2357444785, "incomeTaxExpense": 40464000, "netIncome": 31927000, "netIncomeRatio": 0.1039716811, "eps": 0.57, "epsdiluted": 0.53, "weightedAverageShsOut": 56320712, "weightedAverageShsOutDil": 60190335, "link": "https://www.sec.gov/Archives/edgar/data/937556/000119312509043860/0001193125-09-043860-index.htm", "finalLink": "https://www.sec.gov/Archives/edgar/data/937556/000119312509043860/d10k.htm", "calculatedOtherExpenses": 882000, "calculatedOperatingExpenses": 146446000, "calculatedNetInterest": 2129000, "calculatedOtherIncome": -912000, "calculatedIncomeNonControlling": 0, "calculatedEbitda": 76919000}, {"date": "2007-12-29", "symbol": "MASI", "reportedCurrency": "USD", "cik": "0000937556", "fillingDate": "2008-03-04", "acceptedDate": "2008-03-04 16:22:27", "calendarYear": "2007", "period": "FY", "revenue": 256286000, "costOfRevenue": 73606000, "grossProfit": 182680000, "grossProfitRatio": 0.7127974216, "researchAndDevelopmentExpenses": 22960000, "generalAndAdministrativeExpenses": 0, "sellingAndMarketingExpenses": 0, "sellingGeneralAndAdministrativeExpenses": 91234000, "otherExpenses": 1537000, "operatingExpenses": 115731000, "costAndExpenses": 189337000, "interestIncome": 2361000, "interestExpense": -923000, "depreciationAndAmortization": 5263000, "ebitda": 72462000, "ebitdaratio": 0.2827388152, "operatingIncome": 67199000, "operatingIncomeRatio": 0.2622031637, "totalOtherIncomeExpensesNet": -250000, "incomeBeforeTax": 68122000, "incomeBeforeTaxRatio": 0.2658046089, "incomeTaxExpense": 25867000, "netIncome": 42255000, "netIncomeRatio": 0.1648743981, "eps": 0.71, "epsdiluted": 0.6, "weightedAverageShsOut": 54660216, "weightedAverageShsOutDil": 59829198, "link": "https://www.sec.gov/Archives/edgar/data/937556/000119312508046353/0001193125-08-046353-index.htm", "finalLink": "https://www.sec.gov/Archives/edgar/data/937556/000119312508046353/d10k.htm", "calculatedOtherExpenses": 1287000, "calculatedOperatingExpenses": 115481000, "calculatedNetInterest": 3284000, "calculatedOtherIncome": -2361000, "calculatedIncomeNonControlling": 0, "calculatedEbitda": 72462000}, {"date": "2006-12-31", "symbol": "MASI", "reportedCurrency": "USD", "cik": "0000937556", "fillingDate": "2006-12-31", "acceptedDate": "2006-12-31 00:00:00", "calendarYear": "2006", "period": "FY", "revenue": 224338000, "costOfRevenue": 61640000, "grossProfit": 162698000, "grossProfitRatio": 0.7252360278, "researchAndDevelopmentExpenses": 24875000, "generalAndAdministrativeExpenses": 0, "sellingAndMarketingExpenses": 0, "sellingGeneralAndAdministrativeExpenses": 91493000, "otherExpenses": -262605000, "operatingExpenses": -146237000, "costAndExpenses": -84597000, "interestIncome": 0, "interestExpense": -268624000, "depreciationAndAmortization": 3669000, "ebitda": 49448000, "ebitdaratio": 0.2204174059, "operatingIncome": 45779000, "operatingIncomeRatio": 0.2040626198, "totalOtherIncomeExpensesNet": 263156000, "incomeBeforeTax": 314403000, "incomeBeforeTaxRatio": 1.4014701031, "incomeTaxExpense": 132577000, "netIncome": 181826000, "netIncomeRatio": 0.8105002273, "eps": 3.79, "epsdiluted": 3.04, "weightedAverageShsOut": 16301055, "weightedAverageShsOutDil": 20322697, "link": null, "finalLink": null, "calculatedOtherExpenses": 551000, "calculatedOperatingExpenses": 116919000, "calculatedNetInterest": 268624000, "calculatedOtherIncome": 0, "calculatedIncomeNonControlling": 0, "calculatedEbitda": 49448000}, {"date": "2005-12-31", "symbol": "MASI", "reportedCurrency": "USD", "cik": "0000937556", "fillingDate": "2005-12-31", "acceptedDate": "2005-12-31 00:00:00", "calendarYear": "2005", "period": "FY", "revenue": 107890000, "costOfRevenue": 42717000, "grossProfit": 65173000, "grossProfitRatio": 0.6040689591, "researchAndDevelopmentExpenses": 8548000, "generalAndAdministrativeExpenses": 0, "sellingAndMarketingExpenses": 0, "sellingGeneralAndAdministrativeExpenses": 43085000, "otherExpenses": 1736000, "operatingExpenses": 53369000, "costAndExpenses": 96086000, "interestIncome": 0, "interestExpense": 8979000, "depreciationAndAmortization": 2958000, "ebitda": 19306000, "ebitdaratio": 0.1789415145, "operatingIncome": 16348000, "operatingIncomeRatio": 0.1515247011, "totalOtherIncomeExpensesNet": -4544000, "incomeBeforeTax": 7369000, "incomeBeforeTaxRatio": 0.0683010474, "incomeTaxExpense": -26012000, "netIncome": 33381000, "netIncomeRatio": 0.3093984614, "eps": 0.57, "epsdiluted": 0.42, "weightedAverageShsOut": 9717882, "weightedAverageShsOutDil": 13102611, "link": null, "finalLink": null, "calculatedOtherExpenses": -2808000, "calculatedOperatingExpenses": 48825000, "calculatedNetInterest": -8979000, "calculatedOtherIncome": 0, "calculatedIncomeNonControlling": 0, "calculatedEbitda": 19306000}, {"date": "2004-12-31", "symbol": "MASI", "reportedCurrency": "USD", "cik": "0000937556", "fillingDate": "2004-12-31", "acceptedDate": "2004-12-31 00:00:00", "calendarYear": "2004", "period": "FY", "revenue": 69357000, "costOfRevenue": 0, "grossProfit": 69357000, "grossProfitRatio": 1, "researchAndDevelopmentExpenses": 0, "generalAndAdministrativeExpenses": 0, "sellingAndMarketingExpenses": 0, "sellingGeneralAndAdministrativeExpenses": 0, "otherExpenses": 0, "operatingExpenses": 0, "costAndExpenses": 0, "interestIncome": 0, "interestExpense": 0, "depreciationAndAmortization": 0, "ebitda": 69357000, "ebitdaratio": 1, "operatingIncome": 69357000, "operatingIncomeRatio": 1, "totalOtherIncomeExpensesNet": 0, "incomeBeforeTax": 0, "incomeBeforeTaxRatio": 0, "incomeTaxExpense": 73200000, "netIncome": -3843000, "netIncomeRatio": -0.055408971, "eps": -0.41, "epsdiluted": -0.41, "weightedAverageShsOut": 9378741, "weightedAverageShsOutDil": 9378741, "link": null, "finalLink": null, "calculatedOtherExpenses": 0, "calculatedOperatingExpenses": 0, "calculatedNetInterest": 0, "calculatedOtherIncome": -69357000, "calculatedIncomeNonControlling": -69357000, "calculatedEbitda": 69357000}, {"date": "2003-12-31", "symbol": "MASI", "reportedCurrency": "USD", "cik": "0000937556", "fillingDate": "2003-12-31", "acceptedDate": "2003-12-31 00:00:00", "calendarYear": "2003", "period": "FY", "revenue": 46734000, "costOfRevenue": 22448000, "grossProfit": 24286000, "grossProfitRatio": 0.5196644841, "researchAndDevelopmentExpenses": 4567000, "generalAndAdministrativeExpenses": 0, "sellingAndMarketingExpenses": 0, "sellingGeneralAndAdministrativeExpenses": 21947000, "otherExpenses": 4245000, "operatingExpenses": 30759000, "costAndExpenses": 53207000, "interestIncome": 0, "interestExpense": 419000, "depreciationAndAmortization": 3000, "ebitda": -6470000, "ebitdaratio": -0.1384431035, "operatingIncome": -6473000, "operatingIncomeRatio": -0.1385072966, "totalOtherIncomeExpensesNet": -3000, "incomeBeforeTax": -6892000, "incomeBeforeTaxRatio": -0.1474729319, "incomeTaxExpense": 2000, "netIncome": -6894000, "netIncomeRatio": -0.1475157273, "eps": -0.74, "epsdiluted": -0.74, "weightedAverageShsOut": 9372561, "weightedAverageShsOutDil": 9372561, "link": null, "finalLink": null, "calculatedOtherExpenses": 4245000, "calculatedOperatingExpenses": 30759000, "calculatedNetInterest": -419000, "calculatedOtherIncome": 0, "calculatedIncomeNonControlling": 0, "calculatedEbitda": -6470000}, {"date": "2002-12-31", "symbol": "MASI", "reportedCurrency": "USD", "cik": "0000937556", "fillingDate": "2002-12-31", "acceptedDate": "2002-12-31 00:00:00", "calendarYear": "2002", "period": "FY", "revenue": 38832000, "costOfRevenue": 18635000, "grossProfit": 20197000, "grossProfitRatio": 0.5201122785, "researchAndDevelopmentExpenses": 4369000, "generalAndAdministrativeExpenses": 0, "sellingAndMarketingExpenses": 0, "sellingGeneralAndAdministrativeExpenses": 14636000, "otherExpenses": 1118000, "operatingExpenses": 20123000, "costAndExpenses": 38758000, "interestIncome": 0, "interestExpense": 257000, "depreciationAndAmortization": 8000, "ebitda": 82000, "ebitdaratio": 0.0021116605, "operatingIncome": 74000, "operatingIncomeRatio": 0.0019056448, "totalOtherIncomeExpensesNet": -8000, "incomeBeforeTax": -181000, "incomeBeforeTaxRatio": -0.0046611042, "incomeTaxExpense": -1000, "netIncome": -182000, "netIncomeRatio": -0.0046868562, "eps": -0.0196, "epsdiluted": -0.0196, "weightedAverageShsOut": 9274365, "weightedAverageShsOutDil": 9274365, "link": null, "finalLink": null, "calculatedOtherExpenses": 1118000, "calculatedOperatingExpenses": 20123000, "calculatedNetInterest": -257000, "calculatedOtherIncome": 2000, "calculatedIncomeNonControlling": 2000, "calculatedEbitda": 82000}, {"date": "1999-12-31", "symbol": "MASI", "reportedCurrency": "USD", "cik": "0000937556", "fillingDate": "1999-12-31", "acceptedDate": "1999-12-30 19:00:00", "calendarYear": "1999", "period": "FY", "revenue": 6700000, "costOfRevenue": 6400000, "grossProfit": 300000, "grossProfitRatio": 0.0447761194, "researchAndDevelopmentExpenses": 6000000, "generalAndAdministrativeExpenses": 7800000, "sellingAndMarketingExpenses": 0, "sellingGeneralAndAdministrativeExpenses": 7800000, "otherExpenses": -1.862645149230957e-09, "operatingExpenses": 13799999, "costAndExpenses": 20200000, "interestIncome": 0, "interestExpense": 300000, "depreciationAndAmortization": 1600000, "ebitda": -11300000, "ebitdaratio": -1.6865671642, "operatingIncome": -12900000, "operatingIncomeRatio": -1.9253731343, "totalOtherIncomeExpensesNet": -300000, "incomeBeforeTax": -13200000, "incomeBeforeTaxRatio": -1.9701492537, "incomeTaxExpense": 300000, "netIncome": -13500000, "netIncomeRatio": -2.0149253731, "eps": -0.26, "epsdiluted": -0.26, "weightedAverageShsOut": 52800000, "weightedAverageShsOutDil": 52800000, "link": "", "finalLink": "", "calculatedOtherExpenses": -600000, "calculatedOperatingExpenses": 13200000, "calculatedNetInterest": -300000, "calculatedOtherIncome": 0, "calculatedIncomeNonControlling": 0, "calculatedEbitda": -11300000}, {"date": "1998-12-31", "symbol": "MASI", "reportedCurrency": "USD", "cik": "0000937556", "fillingDate": "1998-12-31", "acceptedDate": "1998-12-30 19:00:00", "calendarYear": "1998", "period": "FY", "revenue": 1700000, "costOfRevenue": 3000000, "grossProfit": -1300000, "grossProfitRatio": -0.7647058824, "researchAndDevelopmentExpenses": 3100000, "generalAndAdministrativeExpenses": 3900000, "sellingAndMarketingExpenses": 0, "sellingGeneralAndAdministrativeExpenses": 3900000, "otherExpenses": 0, "operatingExpenses": 7000000, "costAndExpenses": 10000000, "interestIncome": 0, "interestExpense": 400000, "depreciationAndAmortization": 500000, "ebitda": -7000000, "ebitdaratio": -4.1176470588, "operatingIncome": -7500000, "operatingIncomeRatio": -4.4117647059, "totalOtherIncomeExpensesNet": -400000, "incomeBeforeTax": -7900000, "incomeBeforeTaxRatio": -4.6470588235, "incomeTaxExpense": 400000, "netIncome": -8300000, "netIncomeRatio": -4.8823529412, "eps": -0.16, "epsdiluted": -0.16, "weightedAverageShsOut": 52800000, "weightedAverageShsOutDil": 52800000, "link": "", "finalLink": "", "calculatedOtherExpenses": -800000, "calculatedOperatingExpenses": 6200000, "calculatedNetInterest": -400000, "calculatedOtherIncome": 0, "calculatedIncomeNonControlling": 0, "calculatedEbitda": -7000000}]}