{"originalCurrency": "USD", "convertedCurrency": "USD", "report": [{"date": "2023-12-31", "symbol": "MAT", "reportedCurrency": "USD", "cik": "0000063276", "fillingDate": "2024-03-15", "acceptedDate": "2024-03-15 12:41:02", "calendarYear": "2023", "period": "FY", "revenue": 5441219000, "costOfRevenue": 2906552000, "grossProfit": 2534667000, "grossProfitRatio": 0.4658270509, "researchAndDevelopmentExpenses": 198603000, "generalAndAdministrativeExpenses": 1497271000, "sellingAndMarketingExpenses": 524786000, "sellingGeneralAndAdministrativeExpenses": 1753259000, "otherExpenses": 2293000, "operatingExpenses": 1951862000, "costAndExpenses": 4858414000, "interestIncome": 25238000, "interestExpense": 123786000, "depreciationAndAmortization": 177344000, "ebitda": 760149000, "ebitdaratio": 0.1397019675, "operatingIncome": 582805000, "operatingIncomeRatio": 0.1071092709, "totalOtherIncomeExpensesNet": -117401000, "incomeBeforeTax": 465404000, "incomeBeforeTaxRatio": 0.0855330396, "incomeTaxExpense": 269475000, "netIncome": 214352000, "netIncomeRatio": 0.0393941137, "eps": 0.61, "epsdiluted": 0.6, "weightedAverageShsOut": 353588000, "weightedAverageShsOutDil": 357112000, "link": "https://www.sec.gov/Archives/edgar/data/63276/000162828024011371/0001628280-24-011371-index.htm", "finalLink": "https://www.sec.gov/Archives/edgar/data/63276/000162828024011371/mat-20231231.htm", "calculatedOtherExpenses": 0, "calculatedOperatingExpenses": 1951862000, "calculatedNetInterest": -98548000, "calculatedOtherIncome": -18853000, "calculatedIncomeNonControlling": -18423000, "calculatedEbitda": 760149000}, {"date": "2022-12-31", "symbol": "MAT", "reportedCurrency": "USD", "cik": "0000063276", "fillingDate": "2023-02-22", "acceptedDate": "2023-02-21 20:23:09", "calendarYear": "2022", "period": "FY", "revenue": 5434700000, "costOfRevenue": 2953300000, "grossProfit": 2481400000, "grossProfitRatio": 0.4565845401, "researchAndDevelopmentExpenses": 195451000, "generalAndAdministrativeExpenses": 1271600000, "sellingAndMarketingExpenses": 534300000, "sellingGeneralAndAdministrativeExpenses": 1805900000, "otherExpenses": -47800000, "operatingExpenses": 1805900000, "costAndExpenses": 4759200000, "interestIncome": 9400000, "interestExpense": 132800000, "depreciationAndAmortization": 182179000, "ebitda": 637100000, "ebitdaratio": 0.1172281819, "operatingIncome": 454921000, "operatingIncomeRatio": 0.0837067363, "totalOtherIncomeExpensesNet": 49379000, "incomeBeforeTax": 504300000, "incomeBeforeTaxRatio": 0.0927926104, "incomeTaxExpense": 135900000, "netIncome": 393913000, "netIncomeRatio": 0.0724810937, "eps": 1.11, "epsdiluted": 1.1, "weightedAverageShsOut": 353792000, "weightedAverageShsOutDil": 359612000, "link": "https://www.sec.gov/Archives/edgar/data/63276/000162828023004416/0001628280-23-004416-index.htm", "finalLink": "https://www.sec.gov/Archives/edgar/data/63276/000162828023004416/mat-20221231.htm", "calculatedOtherExpenses": 25128000, "calculatedOperatingExpenses": 2026479000, "calculatedNetInterest": -123400000, "calculatedOtherIncome": 172779000, "calculatedIncomeNonControlling": -25513000, "calculatedEbitda": 637100000}, {"date": "2021-12-31", "symbol": "MAT", "reportedCurrency": "USD", "cik": "0000063276", "fillingDate": "2022-02-28", "acceptedDate": "2022-02-28 16:38:08", "calendarYear": "2021", "period": "FY", "revenue": 5457700000, "costOfRevenue": 2831100000, "grossProfit": 2626600000, "grossProfitRatio": 0.4812650017, "researchAndDevelopmentExpenses": 189372000, "generalAndAdministrativeExpenses": 1351400000, "sellingAndMarketingExpenses": 545700000, "sellingGeneralAndAdministrativeExpenses": 1897100000, "otherExpenses": -8400000, "operatingExpenses": 1897100000, "costAndExpenses": 4728200000, "interestIncome": 3500000, "interestExpense": 253900000, "depreciationAndAmortization": 184313000, "ebitda": 724700000, "ebitdaratio": 0.1327848727, "operatingIncome": 540387000, "operatingIncomeRatio": 0.0990136871, "totalOtherIncomeExpensesNet": -69587000, "incomeBeforeTax": 470800000, "incomeBeforeTaxRatio": 0.0862634443, "incomeTaxExpense": -420400000, "netIncome": 902987000, "netIncomeRatio": 0.1654519303, "eps": 2.58, "epsdiluted": 2.53, "weightedAverageShsOut": 350007000, "weightedAverageShsOutDil": 357253000, "link": "https://www.sec.gov/Archives/edgar/data/63276/000162828022004260/0001628280-22-004260-index.htm", "finalLink": "https://www.sec.gov/Archives/edgar/data/63276/000162828022004260/mat-20211231.htm", "calculatedOtherExpenses": -259000, "calculatedOperatingExpenses": 2086213000, "calculatedNetInterest": -250400000, "calculatedOtherIncome": 180813000, "calculatedIncomeNonControlling": -11787000, "calculatedEbitda": 724700000}, {"date": "2020-12-31", "symbol": "MAT", "reportedCurrency": "USD", "cik": "0000063276", "fillingDate": "2021-02-25", "acceptedDate": "2021-02-25 10:59:12", "calendarYear": "2020", "period": "FY", "revenue": 4583700000, "costOfRevenue": 2340100000, "grossProfit": 2243600000, "grossProfitRatio": 0.4894735694, "researchAndDevelopmentExpenses": 189494000, "generalAndAdministrativeExpenses": 1345900000, "sellingAndMarketingExpenses": 516800000, "sellingGeneralAndAdministrativeExpenses": 1862700000, "otherExpenses": -2700000, "operatingExpenses": 1862700000, "costAndExpenses": 4202800000, "interestIncome": 3900000, "interestExpense": 198300000, "depreciationAndAmortization": 199898000, "ebitda": 382100000, "ebitdaratio": 0.0833606039, "operatingIncome": 182202000, "operatingIncomeRatio": 0.0397499836, "totalOtherIncomeExpensesNet": 1598000, "incomeBeforeTax": 183800000, "incomeBeforeTaxRatio": 0.0400986103, "incomeTaxExpense": 68600000, "netIncome": 123579000, "netIncomeRatio": 0.0269605341, "eps": 0.36, "epsdiluted": 0.35, "weightedAverageShsOut": 347463000, "weightedAverageShsOutDil": 349116000, "link": "https://www.sec.gov/Archives/edgar/data/63276/000162828021003197/0001628280-21-003197-index.htm", "finalLink": "https://www.sec.gov/Archives/edgar/data/63276/000162828021003197/mat-20201231.htm", "calculatedOtherExpenses": 9204000, "calculatedOperatingExpenses": 2061398000, "calculatedNetInterest": -194400000, "calculatedOtherIncome": 195998000, "calculatedIncomeNonControlling": -8379000, "calculatedEbitda": 382100000}, {"date": "2019-12-31", "symbol": "MAT", "reportedCurrency": "USD", "cik": "0000063276", "fillingDate": "2020-02-25", "acceptedDate": "2020-02-25 16:11:32", "calendarYear": "2019", "period": "FY", "revenue": 4504600000, "costOfRevenue": 2523800000, "grossProfit": 1980800000, "grossProfitRatio": 0.4397282778, "researchAndDevelopmentExpenses": 197226000, "generalAndAdministrativeExpenses": 1390000000, "sellingAndMarketingExpenses": 551500000, "sellingGeneralAndAdministrativeExpenses": 1941500000, "otherExpenses": -2600000, "operatingExpenses": 1941500000, "costAndExpenses": 4465300000, "interestIncome": 6200000, "interestExpense": 201000000, "depreciationAndAmortization": 244518000, "ebitda": 42700000, "ebitdaratio": 0.009479199, "operatingIncome": -201818000, "operatingIncomeRatio": -0.0448026462, "totalOtherIncomeExpensesNet": 43518000, "incomeBeforeTax": -158300000, "incomeBeforeTaxRatio": -0.035141855, "incomeTaxExpense": 55200000, "netIncome": -213500000, "netIncomeRatio": -0.0473959952, "eps": -0.62, "epsdiluted": -0.62, "weightedAverageShsOut": 346127000, "weightedAverageShsOutDil": 346127000, "link": "https://www.sec.gov/Archives/edgar/data/63276/000162828020002192/0001628280-20-002192-index.htm", "finalLink": "https://www.sec.gov/Archives/edgar/data/63276/000162828020002192/mat1231201910-k.htm", "calculatedOtherExpenses": 43892000, "calculatedOperatingExpenses": 2182618000, "calculatedNetInterest": -194800000, "calculatedOtherIncome": 238318000, "calculatedIncomeNonControlling": 0, "calculatedEbitda": 42700000}, {"date": "2018-12-31", "symbol": "MAT", "reportedCurrency": "USD", "cik": "0000063276", "fillingDate": "2019-02-22", "acceptedDate": "2019-02-22 14:00:07", "calendarYear": "2018", "period": "FY", "revenue": 4510900000, "costOfRevenue": 2716100000, "grossProfit": 1794800000, "grossProfitRatio": 0.397880689, "researchAndDevelopmentExpenses": 205368000, "generalAndAdministrativeExpenses": 1504800000, "sellingAndMarketingExpenses": 526400000, "sellingGeneralAndAdministrativeExpenses": 2031200000, "otherExpenses": -7300000, "operatingExpenses": 2031200000, "costAndExpenses": 4747300000, "interestIncome": 6500000, "interestExpense": 181900000, "depreciationAndAmortization": 271932000, "ebitda": -237400000, "ebitdaratio": -0.0526280787, "operatingIncome": -236500000, "operatingIncomeRatio": -0.0524285619, "totalOtherIncomeExpensesNet": -7300000, "incomeBeforeTax": -419300000, "incomeBeforeTaxRatio": -0.0929526259, "incomeTaxExpense": 111700000, "netIncome": -531000000, "netIncomeRatio": -0.1177148684, "eps": -1.54, "epsdiluted": -1.54, "weightedAverageShsOut": 344063870, "weightedAverageShsOutDil": 345000000, "link": "https://www.sec.gov/Archives/edgar/data/63276/000162828019001744/0001628280-19-001744-index.htm", "finalLink": "https://www.sec.gov/Archives/edgar/data/63276/000162828019001744/mat1231201810-k.htm", "calculatedOtherExpenses": -205268000, "calculatedOperatingExpenses": 2031300000, "calculatedNetInterest": -175400000, "calculatedOtherIncome": -7400000, "calculatedIncomeNonControlling": 0, "calculatedEbitda": 35432000}, {"date": "2017-12-31", "symbol": "MAT", "reportedCurrency": "USD", "cik": "0000063276", "fillingDate": "2018-02-27", "acceptedDate": "2018-02-27 13:03:22", "calendarYear": "2017", "period": "FY", "revenue": 4882000000, "costOfRevenue": 3061100000, "grossProfit": 1820900000, "grossProfitRatio": 0.3729823843, "researchAndDevelopmentExpenses": 225245000, "generalAndAdministrativeExpenses": 1521400000, "sellingAndMarketingExpenses": 642300000, "sellingGeneralAndAdministrativeExpenses": 2163700000, "otherExpenses": -64700000, "operatingExpenses": 2163700000, "costAndExpenses": 5224800000, "interestIncome": 7800000, "interestExpense": 105200000, "depreciationAndAmortization": 274767000, "ebitda": -399800000, "ebitdaratio": -0.0818926669, "operatingIncome": -342800000, "operatingIncomeRatio": -0.0702171241, "totalOtherIncomeExpensesNet": -64700000, "incomeBeforeTax": -505000000, "incomeBeforeTaxRatio": -0.1034412126, "incomeTaxExpense": 548800000, "netIncome": -1053800000, "netIncomeRatio": -0.2158541581, "eps": -3.07, "epsdiluted": -3.07, "weightedAverageShsOut": 343564000, "weightedAverageShsOutDil": 343600000, "link": "https://www.sec.gov/Archives/edgar/data/63276/000162828018002322/0001628280-18-002322-index.htm", "finalLink": "https://www.sec.gov/Archives/edgar/data/63276/000162828018002322/mat1231201710-k.htm", "calculatedOtherExpenses": -225245000, "calculatedOperatingExpenses": 2163700000, "calculatedNetInterest": -97400000, "calculatedOtherIncome": -64800000, "calculatedIncomeNonControlling": 0, "calculatedEbitda": -68033000}, {"date": "2016-12-31", "symbol": "MAT", "reportedCurrency": "USD", "cik": "0000063276", "fillingDate": "2017-02-23", "acceptedDate": "2017-02-23 15:28:59", "calendarYear": "2016", "period": "FY", "revenue": 5456700000, "costOfRevenue": 2902300000, "grossProfit": 2554400000, "grossProfitRatio": 0.4681217586, "researchAndDevelopmentExpenses": 215304000, "generalAndAdministrativeExpenses": 1400300000, "sellingAndMarketingExpenses": 634900000, "sellingGeneralAndAdministrativeExpenses": 2035200000, "otherExpenses": -23500000, "operatingExpenses": 2035200000, "costAndExpenses": 4937500000, "interestIncome": 9100000, "interestExpense": 95100000, "depreciationAndAmortization": 262340000, "ebitda": 504800000, "ebitdaratio": 0.0925101252, "operatingIncome": 519200000, "operatingIncomeRatio": 0.0951490828, "totalOtherIncomeExpensesNet": -23500000, "incomeBeforeTax": 409700000, "incomeBeforeTaxRatio": 0.0750820093, "incomeTaxExpense": 91700000, "netIncome": 318000000, "netIncomeRatio": 0.0582769806, "eps": 0.93, "epsdiluted": 0.92, "weightedAverageShsOut": 341500000, "weightedAverageShsOutDil": 344200000, "link": "https://www.sec.gov/Archives/edgar/data/63276/000162828017001638/0001628280-17-001638-index.htm", "finalLink": "https://www.sec.gov/Archives/edgar/data/63276/000162828017001638/mat1231201610-k.htm", "calculatedOtherExpenses": -215304000, "calculatedOperatingExpenses": 2035200000, "calculatedNetInterest": -86000000, "calculatedOtherIncome": -23500000, "calculatedIncomeNonControlling": 0, "calculatedEbitda": 781540000}, {"date": "2015-12-31", "symbol": "MAT", "reportedCurrency": "USD", "cik": "0000063276", "fillingDate": "2016-02-25", "acceptedDate": "2016-02-25 14:30:54", "calendarYear": "2015", "period": "FY", "revenue": 5702600000, "costOfRevenue": 2896200000, "grossProfit": 2806400000, "grossProfitRatio": 0.4921263985, "researchAndDevelopmentExpenses": 217816000, "generalAndAdministrativeExpenses": 1547600000, "sellingAndMarketingExpenses": 717900000, "sellingGeneralAndAdministrativeExpenses": 2265500000, "otherExpenses": 1100000, "operatingExpenses": 2265500000, "costAndExpenses": 5161700000, "interestIncome": 7200000, "interestExpense": 85300000, "depreciationAndAmortization": 265427000, "ebitda": 549200000, "ebitdaratio": 0.0963069477, "operatingIncome": 540900000, "operatingIncomeRatio": 0.0948514713, "totalOtherIncomeExpensesNet": 1100000, "incomeBeforeTax": 463900000, "incomeBeforeTaxRatio": 0.0813488584, "incomeTaxExpense": 94500000, "netIncome": 369400000, "netIncomeRatio": 0.0647774699, "eps": 1.08, "epsdiluted": 1.08, "weightedAverageShsOut": 339200000, "weightedAverageShsOutDil": 339700000, "link": "https://www.sec.gov/Archives/edgar/data/63276/000162828016011701/0001628280-16-011701-index.htm", "finalLink": "https://www.sec.gov/Archives/edgar/data/63276/000162828016011701/mat1231201510-k.htm", "calculatedOtherExpenses": -217816000, "calculatedOperatingExpenses": 2265500000, "calculatedNetInterest": -78100000, "calculatedOtherIncome": 1100000, "calculatedIncomeNonControlling": 0, "calculatedEbitda": 806327000}, {"date": "2014-12-31", "symbol": "MAT", "reportedCurrency": "USD", "cik": "0000063276", "fillingDate": "2015-02-25", "acceptedDate": "2015-02-25 14:35:57", "calendarYear": "2014", "period": "FY", "revenue": 6023800000, "costOfRevenue": 3022800000, "grossProfit": 3001000000, "grossProfitRatio": 0.498190511, "researchAndDevelopmentExpenses": 209467000, "generalAndAdministrativeExpenses": 1614100000, "sellingAndMarketingExpenses": 733200000, "sellingGeneralAndAdministrativeExpenses": 2347300000, "otherExpenses": 5100000, "operatingExpenses": 2347300000, "costAndExpenses": 5370100000, "interestIncome": 7400000, "interestExpense": 79300000, "depreciationAndAmortization": 248701000, "ebitda": 666200000, "ebitdaratio": 0.1105946413, "operatingIncome": 653700000, "operatingIncomeRatio": 0.1085195392, "totalOtherIncomeExpensesNet": 5100000, "incomeBeforeTax": 586900000, "incomeBeforeTaxRatio": 0.0974301936, "incomeTaxExpense": 88000000, "netIncome": 498900000, "netIncomeRatio": 0.0828214748, "eps": 1.46, "epsdiluted": 1.45, "weightedAverageShsOut": 339000000, "weightedAverageShsOutDil": 340800000, "link": "https://www.sec.gov/Archives/edgar/data/63276/000119312515062193/0001193125-15-062193-index.htm", "finalLink": "https://www.sec.gov/Archives/edgar/data/63276/000119312515062193/d813832d10k.htm", "calculatedOtherExpenses": -209467000, "calculatedOperatingExpenses": 2347300000, "calculatedNetInterest": -71900000, "calculatedOtherIncome": 5100000, "calculatedIncomeNonControlling": 0, "calculatedEbitda": 902401000}, {"date": "2013-12-31", "symbol": "MAT", "reportedCurrency": "USD", "cik": "0000063276", "fillingDate": "2014-02-26", "acceptedDate": "2014-02-26 14:17:23", "calendarYear": "2013", "period": "FY", "revenue": 6484900000, "costOfRevenue": 3006000000, "grossProfit": 3478900000, "grossProfitRatio": 0.5364616262, "researchAndDevelopmentExpenses": 201942000, "generalAndAdministrativeExpenses": 1560600000, "sellingAndMarketingExpenses": 750200000, "sellingGeneralAndAdministrativeExpenses": 2310800000, "otherExpenses": 3900000, "operatingExpenses": 2310800000, "costAndExpenses": 5316800000, "interestIncome": 5600000, "interestExpense": 78500000, "depreciationAndAmortization": 196393000, "ebitda": 1177600000, "ebitdaratio": 0.1815910808, "operatingIncome": 1168100000, "operatingIncomeRatio": 0.1801261392, "totalOtherIncomeExpensesNet": 3900000, "incomeBeforeTax": 1099100000, "incomeBeforeTaxRatio": 0.1694860368, "incomeTaxExpense": 195200000, "netIncome": 903900000, "netIncomeRatio": 0.1393853413, "eps": 2.61, "epsdiluted": 2.58, "weightedAverageShsOut": 343400000, "weightedAverageShsOutDil": 347500000, "link": "https://www.sec.gov/Archives/edgar/data/63276/000119312514069306/0001193125-14-069306-index.htm", "finalLink": "https://www.sec.gov/Archives/edgar/data/63276/000119312514069306/d620872d10k.htm", "calculatedOtherExpenses": -201942000, "calculatedOperatingExpenses": 2310800000, "calculatedNetInterest": -72900000, "calculatedOtherIncome": 3900000, "calculatedIncomeNonControlling": 0, "calculatedEbitda": 1364493000}, {"date": "2012-12-31", "symbol": "MAT", "reportedCurrency": "USD", "cik": "0000063276", "fillingDate": "2013-02-26", "acceptedDate": "2013-02-26 14:10:25", "calendarYear": "2012", "period": "FY", "revenue": 6420900000, "costOfRevenue": 3011700000, "grossProfit": 3409200000, "grossProfitRatio": 0.5309536046, "researchAndDevelopmentExpenses": 195070000, "generalAndAdministrativeExpenses": 1532600000, "sellingAndMarketingExpenses": 717800000, "sellingGeneralAndAdministrativeExpenses": 2250400000, "otherExpenses": 6000000, "operatingExpenses": 2250400000, "costAndExpenses": 5262100000, "interestIncome": 6800000, "interestExpense": 88800000, "depreciationAndAmortization": 174282000, "ebitda": 1171600000, "ebitdaratio": 0.1824666324, "operatingIncome": 1158800000, "operatingIncomeRatio": 0.1804731424, "totalOtherIncomeExpensesNet": 6000000, "incomeBeforeTax": 1082800000, "incomeBeforeTaxRatio": 0.1686367955, "incomeTaxExpense": 219200000, "netIncome": 863600000, "netIncomeRatio": 0.1344982791, "eps": 2.25, "epsdiluted": 2.22, "weightedAverageShsOut": 341700000, "weightedAverageShsOutDil": 346200000, "link": "https://www.sec.gov/Archives/edgar/data/63276/000119312513076313/0001193125-13-076313-index.htm", "finalLink": "https://www.sec.gov/Archives/edgar/data/63276/000119312513076313/d416679d10k.htm", "calculatedOtherExpenses": -195070000, "calculatedOperatingExpenses": 2250400000, "calculatedNetInterest": -82000000, "calculatedOtherIncome": 6000000, "calculatedIncomeNonControlling": 0, "calculatedEbitda": 1333082000}, {"date": "2011-12-31", "symbol": "MAT", "reportedCurrency": "USD", "cik": "0000063276", "fillingDate": "2012-02-23", "acceptedDate": "2012-02-23 14:21:10", "calendarYear": "2011", "period": "FY", "revenue": 6266000000, "costOfRevenue": 3120200000, "grossProfit": 3145800000, "grossProfitRatio": 0.5020427705, "researchAndDevelopmentExpenses": 0, "generalAndAdministrativeExpenses": 1405500000, "sellingAndMarketingExpenses": 699200000, "sellingGeneralAndAdministrativeExpenses": 2104700000, "otherExpenses": 0, "operatingExpenses": 2104700000, "costAndExpenses": 5224900000, "interestIncome": 8100000, "interestExpense": 75300000, "depreciationAndAmortization": 161298000, "ebitda": 1049200000, "ebitdaratio": 0.167443345, "operatingIncome": 1041100000, "operatingIncomeRatio": 0.1661506543, "totalOtherIncomeExpensesNet": -3200000, "incomeBeforeTax": 970700000, "incomeBeforeTaxRatio": 0.1549154165, "incomeTaxExpense": 202200000, "netIncome": 768500000, "netIncomeRatio": 0.1226460262, "eps": 2.2, "epsdiluted": 2.18, "weightedAverageShsOut": 344700000, "weightedAverageShsOutDil": 348400000, "link": "https://www.sec.gov/Archives/edgar/data/63276/000119312512074927/0001193125-12-074927-index.htm", "finalLink": "https://www.sec.gov/Archives/edgar/data/63276/000119312512074927/d226731d10k.htm", "calculatedOtherExpenses": 0, "calculatedOperatingExpenses": 2104700000, "calculatedNetInterest": -67200000, "calculatedOtherIncome": -3200000, "calculatedIncomeNonControlling": 0, "calculatedEbitda": 1202398000}, {"date": "2010-12-31", "symbol": "MAT", "reportedCurrency": "USD", "cik": "0000063276", "fillingDate": "2011-02-24", "acceptedDate": "2011-02-24 14:17:20", "calendarYear": "2010", "period": "FY", "revenue": 5856200000, "costOfRevenue": 2901200000, "grossProfit": 2955000000, "grossProfitRatio": 0.5045934224, "researchAndDevelopmentExpenses": 0, "generalAndAdministrativeExpenses": 1405800000, "sellingAndMarketingExpenses": 647300000, "sellingGeneralAndAdministrativeExpenses": 2053100000, "otherExpenses": 0, "operatingExpenses": 2053100000, "costAndExpenses": 4954300000, "interestIncome": 8400000, "interestExpense": 64800000, "depreciationAndAmortization": 165808000, "ebitda": 910300000, "ebitdaratio": 0.1554420956, "operatingIncome": 901900000, "operatingIncomeRatio": 0.1540077183, "totalOtherIncomeExpensesNet": 1300000, "incomeBeforeTax": 846800000, "incomeBeforeTaxRatio": 0.1445988867, "incomeTaxExpense": 161900000, "netIncome": 684900000, "netIncomeRatio": 0.1169529729, "eps": 1.88, "epsdiluted": 1.86, "weightedAverageShsOut": 360600000, "weightedAverageShsOutDil": 364600000, "link": "https://www.sec.gov/Archives/edgar/data/63276/000119312511045072/0001193125-11-045072-index.htm", "finalLink": "https://www.sec.gov/Archives/edgar/data/63276/000119312511045072/d10k.htm", "calculatedOtherExpenses": 0, "calculatedOperatingExpenses": 2053100000, "calculatedNetInterest": -56400000, "calculatedOtherIncome": 1300000, "calculatedIncomeNonControlling": 0, "calculatedEbitda": 1067708000}, {"date": "2009-12-31", "symbol": "MAT", "reportedCurrency": "USD", "cik": "0000063276", "fillingDate": "2010-02-24", "acceptedDate": "2010-02-24 13:55:13", "calendarYear": "2009", "period": "FY", "revenue": 5430800000, "costOfRevenue": 2716100000, "grossProfit": 2714700000, "grossProfitRatio": 0.4998711055, "researchAndDevelopmentExpenses": 0, "generalAndAdministrativeExpenses": 1373700000, "sellingAndMarketingExpenses": 609800000, "sellingGeneralAndAdministrativeExpenses": 1983500000, "otherExpenses": 0, "operatingExpenses": 1983500000, "costAndExpenses": 4699600000, "interestIncome": 8100000, "interestExpense": 71800000, "depreciationAndAmortization": 169830000, "ebitda": 739300000, "ebitdaratio": 0.1361309568, "operatingIncome": 731200000, "operatingIncomeRatio": 0.1346394638, "totalOtherIncomeExpensesNet": -7500000, "incomeBeforeTax": 660000000, "incomeBeforeTaxRatio": 0.1215290565, "incomeTaxExpense": 131300000, "netIncome": 528700000, "netIncomeRatio": 0.0973521396, "eps": 1.45, "epsdiluted": 1.45, "weightedAverageShsOut": 360100000, "weightedAverageShsOutDil": 361500000, "link": "https://www.sec.gov/Archives/edgar/data/63276/000119312510038642/0001193125-10-038642-index.htm", "finalLink": "https://www.sec.gov/Archives/edgar/data/63276/000119312510038642/d10k.htm", "calculatedOtherExpenses": 0, "calculatedOperatingExpenses": 1983500000, "calculatedNetInterest": -63700000, "calculatedOtherIncome": -7500000, "calculatedIncomeNonControlling": 0, "calculatedEbitda": 901030000}, {"date": "2008-12-31", "symbol": "MAT", "reportedCurrency": "USD", "cik": "0000063276", "fillingDate": "2009-02-26", "acceptedDate": "2009-02-26 14:56:00", "calendarYear": "2008", "period": "FY", "revenue": 5918000000, "costOfRevenue": 3233600000, "grossProfit": 2684400000, "grossProfitRatio": 0.4535991889, "researchAndDevelopmentExpenses": 0, "generalAndAdministrativeExpenses": 1423455000, "sellingAndMarketingExpenses": 719159000, "sellingGeneralAndAdministrativeExpenses": 2142600000, "otherExpenses": 0, "operatingExpenses": 2142600000, "costAndExpenses": 5376200000, "interestIncome": 25043000, "interestExpense": 106900000, "depreciationAndAmortization": 172095000, "ebitda": 598000000, "ebitdaratio": 0.1010476512, "operatingIncome": 541800000, "operatingIncomeRatio": 0.0915511997, "totalOtherIncomeExpensesNet": -3100000, "incomeBeforeTax": 488000000, "incomeBeforeTaxRatio": 0.0824602906, "incomeTaxExpense": 108400000, "netIncome": 379600000, "netIncomeRatio": 0.0641432917, "eps": 1.05, "epsdiluted": 1.05, "weightedAverageShsOut": 360800000, "weightedAverageShsOutDil": 363200000, "link": "https://www.sec.gov/Archives/edgar/data/63276/000119312509038925/0001193125-09-038925-index.htm", "finalLink": "https://www.sec.gov/Archives/edgar/data/63276/000119312509038925/d10k.htm", "calculatedOtherExpenses": 0, "calculatedOperatingExpenses": 2142600000, "calculatedNetInterest": -81857000, "calculatedOtherIncome": 28057000, "calculatedIncomeNonControlling": 0, "calculatedEbitda": 713895000}, {"date": "2007-12-31", "symbol": "MAT", "reportedCurrency": "USD", "cik": "0000063276", "fillingDate": "2008-02-26", "acceptedDate": "2008-02-26 16:55:59", "calendarYear": "2007", "period": "FY", "revenue": 5970090000, "costOfRevenue": 3192790000, "grossProfit": 2777300000, "grossProfitRatio": 0.4652023671, "researchAndDevelopmentExpenses": 0, "generalAndAdministrativeExpenses": 1338454000, "sellingAndMarketingExpenses": 708768000, "sellingGeneralAndAdministrativeExpenses": 2047222000, "otherExpenses": 0, "operatingExpenses": 2047222000, "costAndExpenses": 5240012000, "interestIncome": 0, "interestExpense": 15691000, "depreciationAndAmortization": 172080000, "ebitda": 891169000, "ebitdaratio": 0.149272289, "operatingIncome": 730078000, "operatingIncomeRatio": 0.1222892787, "totalOtherIncomeExpensesNet": 10989000, "incomeBeforeTax": 703398000, "incomeBeforeTaxRatio": 0.1178203344, "incomeTaxExpense": 103405000, "netIncome": 599993000, "netIncomeRatio": 0.100499825, "eps": 1.56, "epsdiluted": 1.54, "weightedAverageShsOut": 384450000, "weightedAverageShsOutDil": 390612000, "link": "https://www.sec.gov/Archives/edgar/data/63276/000119312508038808/0001193125-08-038808-index.htm", "finalLink": "https://www.sec.gov/Archives/edgar/data/63276/000119312508038808/d10k.htm", "calculatedOtherExpenses": 0, "calculatedOperatingExpenses": 2047222000, "calculatedNetInterest": -15691000, "calculatedOtherIncome": -10989000, "calculatedIncomeNonControlling": 0, "calculatedEbitda": 902158000}, {"date": "2006-12-31", "symbol": "MAT", "reportedCurrency": "USD", "cik": "0000063276", "fillingDate": "2007-02-26", "acceptedDate": "2007-02-26 16:57:09", "calendarYear": "2006", "period": "FY", "revenue": 5650156000, "costOfRevenue": 3038363000, "grossProfit": 2611793000, "grossProfitRatio": 0.4622514847, "researchAndDevelopmentExpenses": 0, "generalAndAdministrativeExpenses": 1232000000, "sellingAndMarketingExpenses": 650975000, "sellingGeneralAndAdministrativeExpenses": 1882975000, "otherExpenses": 0, "operatingExpenses": 1882975000, "costAndExpenses": 4921338000, "interestIncome": 0, "interestExpense": 40739000, "depreciationAndAmortization": 172264000, "ebitda": 896759000, "ebitdaratio": 0.1587140249, "operatingIncome": 728818000, "operatingIncomeRatio": 0.1289907748, "totalOtherIncomeExpensesNet": 4323000, "incomeBeforeTax": 683756000, "incomeBeforeTaxRatio": 0.1210154198, "incomeTaxExpense": 90829000, "netIncome": 592927000, "netIncomeRatio": 0.1049399344, "eps": 1.55, "epsdiluted": 1.53, "weightedAverageShsOut": 382921000, "weightedAverageShsOutDil": 386422000, "link": "https://www.sec.gov/Archives/edgar/data/63276/000119312507039835/0001193125-07-039835-index.htm", "finalLink": "https://www.sec.gov/Archives/edgar/data/63276/000119312507039835/d10k.htm", "calculatedOtherExpenses": 0, "calculatedOperatingExpenses": 1882975000, "calculatedNetInterest": -40739000, "calculatedOtherIncome": -4323000, "calculatedIncomeNonControlling": 0, "calculatedEbitda": 901082000}, {"date": "2005-12-31", "symbol": "MAT", "reportedCurrency": "USD", "cik": "0000063276", "fillingDate": "2006-02-27", "acceptedDate": "2006-02-27 15:21:10", "calendarYear": "2005", "period": "FY", "revenue": 5179016000, "costOfRevenue": 2806148000, "grossProfit": 2372868000, "grossProfitRatio": 0.45816966, "researchAndDevelopmentExpenses": 0, "generalAndAdministrativeExpenses": 1079224000, "sellingAndMarketingExpenses": 629115000, "sellingGeneralAndAdministrativeExpenses": 1708339000, "otherExpenses": 0, "operatingExpenses": 1708339000, "costAndExpenses": 4514487000, "interestIncome": 0, "interestExpense": -17319000, "depreciationAndAmortization": 174991000, "ebitda": 809721000, "ebitdaratio": 0.1563464952, "operatingIncome": 664529000, "operatingIncomeRatio": 0.128311826, "totalOtherIncomeExpensesNet": 29799000, "incomeBeforeTax": 652049000, "incomeBeforeTaxRatio": 0.1259021019, "incomeTaxExpense": 235030000, "netIncome": 417019000, "netIncomeRatio": 0.0805208943, "eps": 1.02, "epsdiluted": 1.01, "weightedAverageShsOut": 407402000, "weightedAverageShsOutDil": 411039000, "link": "https://www.sec.gov/Archives/edgar/data/63276/000119312506039887/0001193125-06-039887-index.htm", "finalLink": "https://www.sec.gov/Archives/edgar/data/63276/000119312506039887/d10k.htm", "calculatedOtherExpenses": 0, "calculatedOperatingExpenses": 1708339000, "calculatedNetInterest": 17319000, "calculatedOtherIncome": -29799000, "calculatedIncomeNonControlling": 0, "calculatedEbitda": 839520000}, {"date": "2004-12-31", "symbol": "MAT", "reportedCurrency": "USD", "cik": "0000063276", "fillingDate": "2005-03-08", "acceptedDate": "2005-03-08 16:09:22", "calendarYear": "2004", "period": "FY", "revenue": 5102786000, "costOfRevenue": 2692061000, "grossProfit": 2410725000, "grossProfitRatio": 0.4724330983, "researchAndDevelopmentExpenses": 0, "generalAndAdministrativeExpenses": 1036941000, "sellingAndMarketingExpenses": 642967000, "sellingGeneralAndAdministrativeExpenses": 1679908000, "otherExpenses": 0, "operatingExpenses": 1679908000, "costAndExpenses": 4371969000, "interestIncome": 0, "interestExpense": 11045000, "depreciationAndAmortization": 182478000, "ebitda": 889777000, "ebitdaratio": 0.1743708241, "operatingIncome": 730817000, "operatingIncomeRatio": 0.143219214, "totalOtherIncomeExpensesNet": 23518000, "incomeBeforeTax": 696254000, "incomeBeforeTaxRatio": 0.1364458553, "incomeTaxExpense": 123531000, "netIncome": 572723000, "netIncomeRatio": 0.1122373151, "eps": 1.37, "epsdiluted": 1.35, "weightedAverageShsOut": 419235000, "weightedAverageShsOutDil": 423093000, "link": "https://www.sec.gov/Archives/edgar/data/63276/000119312505044603/0001193125-05-044603-index.htm", "finalLink": "https://www.sec.gov/Archives/edgar/data/63276/000119312505044603/d10k.htm", "calculatedOtherExpenses": 0, "calculatedOperatingExpenses": 1679908000, "calculatedNetInterest": -11045000, "calculatedOtherIncome": -23518000, "calculatedIncomeNonControlling": 0, "calculatedEbitda": 913295000}, {"date": "2003-12-31", "symbol": "MAT", "reportedCurrency": "USD", "cik": "0000063276", "fillingDate": "2004-03-12", "acceptedDate": "2004-03-12 14:30:24", "calendarYear": "2003", "period": "FY", "revenue": 4960100000, "costOfRevenue": 2530617000, "grossProfit": 2429483000, "grossProfitRatio": 0.4898052459, "researchAndDevelopmentExpenses": 0, "generalAndAdministrativeExpenses": 1002899000, "sellingAndMarketingExpenses": 636105000, "sellingGeneralAndAdministrativeExpenses": 1639004000, "otherExpenses": 0, "operatingExpenses": 1639004000, "costAndExpenses": 4169621000, "interestIncome": 0, "interestExpense": 37639000, "depreciationAndAmortization": 183819000, "ebitda": 962312000, "ebitdaratio": 0.1940106046, "operatingIncome": 785710000, "operatingIncomeRatio": 0.1584060805, "totalOtherIncomeExpensesNet": 11986000, "incomeBeforeTax": 740854000, "incomeBeforeTaxRatio": 0.1493627145, "incomeTaxExpense": 203222000, "netIncome": 537632000, "netIncomeRatio": 0.1083913631, "eps": 1.23, "epsdiluted": 1.22, "weightedAverageShsOut": 437020000, "weightedAverageShsOutDil": 442231000, "link": "https://www.sec.gov/Archives/edgar/data/63276/000119312504040335/0001193125-04-040335-index.htm", "finalLink": "https://www.sec.gov/Archives/edgar/data/63276/000119312504040335/d10k.htm", "calculatedOtherExpenses": 4769000, "calculatedOperatingExpenses": 1643773000, "calculatedNetInterest": -37639000, "calculatedOtherIncome": -7217000, "calculatedIncomeNonControlling": 0, "calculatedEbitda": 969529000}, {"date": "2002-12-31", "symbol": "MAT", "reportedCurrency": "USD", "cik": "0000063276", "fillingDate": "2003-03-24", "acceptedDate": "2003-03-24 16:56:15", "calendarYear": "2002", "period": "FY", "revenue": 4885340000, "costOfRevenue": 2524353000, "grossProfit": 2360987000, "grossProfitRatio": 0.4832799764, "researchAndDevelopmentExpenses": 0, "generalAndAdministrativeExpenses": 1050344000, "sellingAndMarketingExpenses": 552501000, "sellingGeneralAndAdministrativeExpenses": 1602845000, "otherExpenses": 1000, "operatingExpenses": 1602846000, "costAndExpenses": 4127199000, "interestIncome": 0, "interestExpense": 402056000, "depreciationAndAmortization": 191928000, "ebitda": 990540000, "ebitdaratio": 0.2027576382, "operatingIncome": 733541000, "operatingIncomeRatio": 0.1501514736, "totalOtherIncomeExpensesNet": -40471000, "incomeBeforeTax": 621497000, "incomeBeforeTaxRatio": 0.1272167341, "incomeTaxExpense": 166455000, "netIncome": 230101000, "netIncomeRatio": 0.0471003042, "eps": 0.52, "epsdiluted": 0.52, "weightedAverageShsOut": 435790000, "weightedAverageShsOutDil": 441292000, "link": "https://www.sec.gov/Archives/edgar/data/63276/000089843003002040/0000898430-03-002040-index.htm", "finalLink": "https://www.sec.gov/Archives/edgar/data/63276/000089843003002040/d10k.htm", "calculatedOtherExpenses": 24601000, "calculatedOperatingExpenses": 1627446000, "calculatedNetInterest": -402056000, "calculatedOtherIncome": 290012000, "calculatedIncomeNonControlling": 224941000, "calculatedEbitda": 925469000}, {"date": "2001-12-31", "symbol": "MAT", "reportedCurrency": "USD", "cik": "0000063276", "fillingDate": "2002-03-28", "acceptedDate": "2002-03-28 00:00:00", "calendarYear": "2001", "period": "FY", "revenue": 4804062000, "costOfRevenue": 2537178000, "grossProfit": 2266884000, "grossProfitRatio": 0.4718681816, "researchAndDevelopmentExpenses": 0, "generalAndAdministrativeExpenses": 936078000, "sellingAndMarketingExpenses": 661504000, "sellingGeneralAndAdministrativeExpenses": 1597582000, "otherExpenses": 51144000, "operatingExpenses": 1648726000, "costAndExpenses": 4185904000, "interestIncome": 0, "interestExpense": 233165000, "depreciationAndAmortization": 262508000, "ebitda": 913682000, "ebitdaratio": 0.1901894688, "operatingIncome": 602458000, "operatingIncomeRatio": 0.1254059585, "totalOtherIncomeExpensesNet": -33016000, "incomeBeforeTax": 430010000, "incomeBeforeTaxRatio": 0.0895096691, "incomeTaxExpense": 119090000, "netIncome": 298919000, "netIncomeRatio": 0.0622221362, "eps": 0.69, "epsdiluted": 0.68, "weightedAverageShsOut": 430983000, "weightedAverageShsOutDil": 436166000, "link": "https://www.sec.gov/Archives/edgar/data/63276/000089843002001098/0000898430-02-001098-index.htm", "finalLink": "https://www.sec.gov/Archives/edgar/data/63276/000089843002001098/d10k.txt", "calculatedOtherExpenses": 66844000, "calculatedOperatingExpenses": 1664426000, "calculatedNetInterest": -233165000, "calculatedOtherIncome": 60717000, "calculatedIncomeNonControlling": 12001000, "calculatedEbitda": 864966000}, {"date": "2000-12-31", "symbol": "MAT", "reportedCurrency": "USD", "cik": "0000063276", "fillingDate": "2001-03-28", "acceptedDate": "2001-03-28 00:00:00", "calendarYear": "2000", "period": "FY", "revenue": 4669942000, "costOfRevenue": 2312768000, "grossProfit": 2357174000, "grossProfitRatio": 0.5047544488, "researchAndDevelopmentExpenses": 0, "generalAndAdministrativeExpenses": 1652875000, "sellingAndMarketingExpenses": 0, "sellingGeneralAndAdministrativeExpenses": 1652875000, "otherExpenses": 256389000, "operatingExpenses": 1909264000, "costAndExpenses": 4222032000, "interestIncome": 0, "interestExpense": 893139000, "depreciationAndAmortization": 256389000, "ebitda": 773806000, "ebitdaratio": 0.1656992742, "operatingIncome": 447910000, "operatingIncomeRatio": 0.0959133968, "totalOtherIncomeExpensesNet": -69507000, "incomeBeforeTax": 225424000, "incomeBeforeTaxRatio": 0.0482712633, "incomeTaxExpense": 55247000, "netIncome": -430969000, "netIncomeRatio": -0.0922857286, "eps": -1.01, "epsdiluted": -1.01, "weightedAverageShsOut": 426701980, "weightedAverageShsOutDil": 426701980, "link": "https://www.sec.gov/Archives/edgar/data/63276/000089843001500038/0000898430-01-500038-index.htm", "finalLink": "https://www.sec.gov/Archives/edgar/data/63276/000089843001500038/d10k405.txt", "calculatedOtherExpenses": 256389000, "calculatedOperatingExpenses": 1909264000, "calculatedNetInterest": -893139000, "calculatedOtherIncome": 670653000, "calculatedIncomeNonControlling": 601146000, "calculatedEbitda": 704299000}, {"date": "1999-12-31", "symbol": "MAT", "reportedCurrency": "USD", "cik": "0000063276", "fillingDate": "2000-03-10", "acceptedDate": "2000-03-10 00:00:00", "calendarYear": "1999", "period": "FY", "revenue": 5515000000, "costOfRevenue": 2707200000, "grossProfit": 2807800000, "grossProfitRatio": 0.5091205802, "researchAndDevelopmentExpenses": 0, "generalAndAdministrativeExpenses": 2136900000, "sellingAndMarketingExpenses": 0, "sellingGeneralAndAdministrativeExpenses": 2136900000, "otherExpenses": 298600000, "operatingExpenses": 2435500000, "costAndExpenses": 5142700000, "interestIncome": 0, "interestExpense": 814600000, "depreciationAndAmortization": 298600000, "ebitda": 1002400000, "ebitdaratio": 0.1817588395, "operatingIncome": 372300000, "operatingIncomeRatio": 0.0675067996, "totalOtherIncomeExpensesNet": -331500000, "incomeBeforeTax": -110800000, "incomeBeforeTaxRatio": -0.0200906618, "incomeTaxExpense": -28400000, "netIncome": -82400000, "netIncomeRatio": -0.0149410698, "eps": -0.2, "epsdiluted": -0.19, "weightedAverageShsOut": 414186000, "weightedAverageShsOutDil": 425281000, "link": "https://www.sec.gov/Archives/edgar/data/63276/000089843000000746/0000898430-00-000746-index.html", "finalLink": "https://www.sec.gov/Archives/edgar/data/63276/000089843000000746/", "calculatedOtherExpenses": 298600000, "calculatedOperatingExpenses": 2435500000, "calculatedNetInterest": -814600000, "calculatedOtherIncome": 331500000, "calculatedIncomeNonControlling": 0, "calculatedEbitda": 670900000}, {"date": "1998-12-31", "symbol": "MAT", "reportedCurrency": "USD", "cik": "0000063276", "fillingDate": "1999-03-31", "acceptedDate": "1999-03-31 00:00:00", "calendarYear": "1998", "period": "FY", "revenue": 4781900000, "costOfRevenue": 2245900000, "grossProfit": 2536000000, "grossProfitRatio": 0.5303331312, "researchAndDevelopmentExpenses": 0, "generalAndAdministrativeExpenses": 1695400000, "sellingAndMarketingExpenses": 0, "sellingGeneralAndAdministrativeExpenses": 1695400000, "otherExpenses": 214900000, "operatingExpenses": 1910300000, "costAndExpenses": 4156200000, "interestIncome": 0, "interestExpense": 210300000, "depreciationAndAmortization": 214900000, "ebitda": 890300000, "ebitdaratio": 0.186181225, "operatingIncome": 625700000, "operatingIncomeRatio": 0.130847571, "totalOtherIncomeExpensesNet": -49700000, "incomeBeforeTax": 465100000, "incomeBeforeTaxRatio": 0.0972625944, "incomeTaxExpense": 132800000, "netIncome": 332300000, "netIncomeRatio": 0.0694912064, "eps": 0.51, "epsdiluted": 0.47, "weightedAverageShsOut": 388417647, "weightedAverageShsOutDil": 388417647, "link": "https://www.sec.gov/Archives/edgar/data/63276/000089843099001297/0000898430-99-001297-index.html", "finalLink": "https://www.sec.gov/Archives/edgar/data/63276/", "calculatedOtherExpenses": 214900000, "calculatedOperatingExpenses": 1910300000, "calculatedNetInterest": -210300000, "calculatedOtherIncome": 49700000, "calculatedIncomeNonControlling": 0, "calculatedEbitda": 840600000}, {"date": "1997-12-31", "symbol": "MAT", "reportedCurrency": "USD", "cik": "0000063276", "fillingDate": "1998-03-18", "acceptedDate": "1998-03-18 00:00:00", "calendarYear": "1997", "period": "FY", "revenue": 4834600000, "costOfRevenue": 2244700000, "grossProfit": 2589900000, "grossProfitRatio": 0.5357009887, "researchAndDevelopmentExpenses": 0, "generalAndAdministrativeExpenses": 1576100000, "sellingAndMarketingExpenses": 0, "sellingGeneralAndAdministrativeExpenses": 1576100000, "otherExpenses": 189900000, "operatingExpenses": 1766000000, "costAndExpenses": 4010700000, "interestIncome": 0, "interestExpense": 712100000, "depreciationAndAmortization": 189900000, "ebitda": 1322500000, "ebitdaratio": 0.273549001, "operatingIncome": 823900000, "operatingIncomeRatio": 0.1704174079, "totalOtherIncomeExpensesNet": -308700000, "incomeBeforeTax": 425100000, "incomeBeforeTaxRatio": 0.0879286808, "incomeTaxExpense": 135300000, "netIncome": 285200000, "netIncomeRatio": 0.0589914367, "eps": -0.52, "epsdiluted": -0.52, "weightedAverageShsOut": 371538462, "weightedAverageShsOutDil": 371538462, "link": "https://www.sec.gov/Archives/edgar/data/63276/000006327698000004/0000063276-98-000004-index.html", "finalLink": "https://www.sec.gov/Archives/edgar/data/63276/", "calculatedOtherExpenses": 189900000, "calculatedOperatingExpenses": 1766000000, "calculatedNetInterest": -712100000, "calculatedOtherIncome": 313300000, "calculatedIncomeNonControlling": 4600000, "calculatedEbitda": 1013800000}, {"date": "1996-12-31", "symbol": "MAT", "reportedCurrency": "USD", "cik": "0000063276", "fillingDate": "1997-03-17", "acceptedDate": "1997-03-17 00:00:00", "calendarYear": "1996", "period": "FY", "revenue": 3786000000, "costOfRevenue": 1728300000, "grossProfit": 2057700000, "grossProfitRatio": 0.5435023772, "researchAndDevelopmentExpenses": 0, "generalAndAdministrativeExpenses": 1261500000, "sellingAndMarketingExpenses": 0, "sellingGeneralAndAdministrativeExpenses": 1261500000, "otherExpenses": 149000000, "operatingExpenses": 1410500000, "costAndExpenses": 3138800000, "interestIncome": 0, "interestExpense": 127400000, "depreciationAndAmortization": 149000000, "ebitda": 822100000, "ebitdaratio": 0.2171421025, "operatingIncome": 647200000, "operatingIncomeRatio": 0.170945589, "totalOtherIncomeExpensesNet": -25900000, "incomeBeforeTax": 545700000, "incomeBeforeTaxRatio": 0.1441362916, "incomeTaxExpense": 168100000, "netIncome": 377600000, "netIncomeRatio": 0.099735869, "eps": 1.26, "epsdiluted": 1.23, "weightedAverageShsOut": 289523810, "weightedAverageShsOutDil": 296585366, "link": "https://www.sec.gov/Archives/edgar/data/63276/000006327697000005/0000063276-97-000005-index.html", "finalLink": "https://www.sec.gov/Archives/edgar/data/63276/", "calculatedOtherExpenses": 149000000, "calculatedOperatingExpenses": 1410500000, "calculatedNetInterest": -127400000, "calculatedOtherIncome": 25900000, "calculatedIncomeNonControlling": 0, "calculatedEbitda": 796200000}, {"date": "1995-12-31", "symbol": "MAT", "reportedCurrency": "USD", "cik": "0000063276", "fillingDate": "1996-03-22", "acceptedDate": "1996-03-22 00:00:00", "calendarYear": "1995", "period": "FY", "revenue": 3638800000, "costOfRevenue": 1716700000, "grossProfit": 1922100000, "grossProfitRatio": 0.5282235902, "researchAndDevelopmentExpenses": 0, "generalAndAdministrativeExpenses": 1187600000, "sellingAndMarketingExpenses": 0, "sellingGeneralAndAdministrativeExpenses": 1187600000, "otherExpenses": 133000000, "operatingExpenses": 1320600000, "costAndExpenses": 3037300000, "interestIncome": 0, "interestExpense": 63700000, "depreciationAndAmortization": 133000000, "ebitda": 729600000, "ebitdaratio": 0.2005056612, "operatingIncome": 601500000, "operatingIncomeRatio": 0.1653017478, "totalOtherIncomeExpensesNet": 4900000, "incomeBeforeTax": 532900000, "incomeBeforeTaxRatio": 0.1464493789, "incomeTaxExpense": 175100000, "netIncome": 357800000, "netIncomeRatio": 0.0983291195, "eps": 1.13, "epsdiluted": 1.11, "weightedAverageShsOut": 296106195, "weightedAverageShsOutDil": 301441441, "link": "https://www.sec.gov/Archives/edgar/data/63276/000006327696000011/0000063276-96-000011-index.html", "finalLink": "https://www.sec.gov/Archives/edgar/data/63276/", "calculatedOtherExpenses": 133000000, "calculatedOperatingExpenses": 1320600000, "calculatedNetInterest": -63700000, "calculatedOtherIncome": -4900000, "calculatedIncomeNonControlling": 0, "calculatedEbitda": 734500000}, {"date": "1994-12-31", "symbol": "MAT", "reportedCurrency": "USD", "cik": "0000063276", "fillingDate": "1995-03-22", "acceptedDate": "1995-03-22 00:00:00", "calendarYear": "1994", "period": "FY", "revenue": 3205000000, "costOfRevenue": 1479200000, "grossProfit": 1725800000, "grossProfitRatio": 0.5384711388, "researchAndDevelopmentExpenses": 0, "generalAndAdministrativeExpenses": 1152400000, "sellingAndMarketingExpenses": 0, "sellingGeneralAndAdministrativeExpenses": 1152400000, "otherExpenses": 124300000, "operatingExpenses": 1276700000, "costAndExpenses": 2755900000, "interestIncome": 0, "interestExpense": 55500000, "depreciationAndAmortization": 124300000, "ebitda": 573400000, "ebitdaratio": 0.1789079563, "operatingIncome": 449100000, "operatingIncomeRatio": 0.140124805, "totalOtherIncomeExpensesNet": -55500000, "incomeBeforeTax": 393600000, "incomeBeforeTaxRatio": 0.1228081123, "incomeTaxExpense": 137800000, "netIncome": 255800000, "netIncomeRatio": 0.0798127925, "eps": 0.9, "epsdiluted": 0.89, "weightedAverageShsOut": 279923750, "weightedAverageShsOutDil": 283757500, "link": "https://www.sec.gov/Archives/edgar/data/63276/000006327695000008/0000063276-95-000008-index.html", "finalLink": "https://www.sec.gov/Archives/edgar/data/63276/", "calculatedOtherExpenses": 124300000, "calculatedOperatingExpenses": 1276700000, "calculatedNetInterest": -55500000, "calculatedOtherIncome": 0, "calculatedIncomeNonControlling": 0, "calculatedEbitda": 573400000}, {"date": "1993-12-31", "symbol": "MAT", "reportedCurrency": "USD", "cik": "0000063276", "fillingDate": "1994-03-25", "acceptedDate": "1994-03-25 00:00:00", "calendarYear": "1993", "period": "FY", "revenue": 2704400000, "costOfRevenue": 1251500000, "grossProfit": 1452900000, "grossProfitRatio": 0.537235616, "researchAndDevelopmentExpenses": 0, "generalAndAdministrativeExpenses": 0, "sellingAndMarketingExpenses": 0, "sellingGeneralAndAdministrativeExpenses": 1061700000, "otherExpenses": 92000000, "operatingExpenses": 1153700000, "costAndExpenses": 2405200000, "interestIncome": 0, "interestExpense": 81300000, "depreciationAndAmortization": 92000000, "ebitda": 391200000, "ebitdaratio": 0.1446531578, "operatingIncome": 299200000, "operatingIncomeRatio": 0.1106345215, "totalOtherIncomeExpensesNet": -62600000, "incomeBeforeTax": 236600000, "incomeBeforeTaxRatio": 0.0874870581, "incomeTaxExpense": 100700000, "netIncome": 117200000, "netIncomeRatio": 0.0433367845, "eps": 0.42, "epsdiluted": 0.41, "weightedAverageShsOut": 267380952, "weightedAverageShsOutDil": 273902439, "link": "https://www.sec.gov/Archives/edgar/data/63276/000006327694000008/0000063276-94-000008-index.html", "finalLink": "https://www.sec.gov/Archives/edgar/data/63276/", "calculatedOtherExpenses": 92000000, "calculatedOperatingExpenses": 1153700000, "calculatedNetInterest": -81300000, "calculatedOtherIncome": 18700000, "calculatedIncomeNonControlling": 18700000, "calculatedEbitda": 391200000}, {"date": "1992-12-31", "symbol": "MAT", "reportedCurrency": "USD", "cik": "0000063276", "fillingDate": "1992-12-31", "acceptedDate": "1992-12-31 00:00:00", "calendarYear": "1992", "period": "FY", "revenue": 1847900000, "costOfRevenue": 858800000, "grossProfit": 989100000, "grossProfitRatio": 0.5352562368, "researchAndDevelopmentExpenses": 0, "generalAndAdministrativeExpenses": 0, "sellingAndMarketingExpenses": 0, "sellingGeneralAndAdministrativeExpenses": 664200000, "otherExpenses": 63600000, "operatingExpenses": 727800000, "costAndExpenses": 1586600000, "interestIncome": 0, "interestExpense": 35700000, "depreciationAndAmortization": 63600000, "ebitda": 315200000, "ebitdaratio": 0.1705720006, "operatingIncome": 261300000, "operatingIncomeRatio": 0.1414037556, "totalOtherIncomeExpensesNet": 9700000, "incomeBeforeTax": 215900000, "incomeBeforeTaxRatio": 0.1168353266, "incomeTaxExpense": 72000000, "netIncome": 143900000, "netIncomeRatio": 0.0778721792, "eps": 0.73, "epsdiluted": 0.7, "weightedAverageShsOut": 190273973, "weightedAverageShsOutDil": 198428571, "link": null, "finalLink": null, "calculatedOtherExpenses": 63600000, "calculatedOperatingExpenses": 727800000, "calculatedNetInterest": -35700000, "calculatedOtherIncome": -9700000, "calculatedIncomeNonControlling": 0, "calculatedEbitda": 324900000}, {"date": "1991-12-31", "symbol": "MAT", "reportedCurrency": "USD", "cik": "0000063276", "fillingDate": "1991-12-31", "acceptedDate": "1991-12-31 00:00:00", "calendarYear": "1991", "period": "FY", "revenue": 1621700000, "costOfRevenue": 767000000, "grossProfit": 854700000, "grossProfitRatio": 0.5270395264, "researchAndDevelopmentExpenses": 0, "generalAndAdministrativeExpenses": 0, "sellingAndMarketingExpenses": 0, "sellingGeneralAndAdministrativeExpenses": 559300000, "otherExpenses": 57700000, "operatingExpenses": 617000000, "costAndExpenses": 1384000000, "interestIncome": 0, "interestExpense": 44000000, "depreciationAndAmortization": 57700000, "ebitda": 290600000, "ebitdaratio": 0.1791946723, "operatingIncome": 237700000, "operatingIncomeRatio": 0.1465745822, "totalOtherIncomeExpensesNet": 4800000, "incomeBeforeTax": 188900000, "incomeBeforeTaxRatio": 0.1164827033, "incomeTaxExpense": 70800000, "netIncome": 118100000, "netIncomeRatio": 0.0728248135, "eps": 0.63, "epsdiluted": 0.62, "weightedAverageShsOut": 187460317, "weightedAverageShsOutDil": 190483871, "link": null, "finalLink": null, "calculatedOtherExpenses": 57700000, "calculatedOperatingExpenses": 617000000, "calculatedNetInterest": -44000000, "calculatedOtherIncome": -4800000, "calculatedIncomeNonControlling": 0, "calculatedEbitda": 295400000}, {"date": "1990-12-31", "symbol": "MAT", "reportedCurrency": "USD", "cik": "0000063276", "fillingDate": "1990-12-31", "acceptedDate": "1990-12-31 00:00:00", "calendarYear": "1990", "period": "FY", "revenue": 1470600000, "costOfRevenue": 719100000, "grossProfit": 751500000, "grossProfitRatio": 0.5110159119, "researchAndDevelopmentExpenses": 0, "generalAndAdministrativeExpenses": 0, "sellingAndMarketingExpenses": 0, "sellingGeneralAndAdministrativeExpenses": 518500000, "otherExpenses": 50300000, "operatingExpenses": 568800000, "costAndExpenses": 1287900000, "interestIncome": 0, "interestExpense": 39600000, "depreciationAndAmortization": 50300000, "ebitda": 229100000, "ebitdaratio": 0.1557867537, "operatingIncome": 182700000, "operatingIncomeRatio": 0.1242350061, "totalOtherIncomeExpensesNet": 3900000, "incomeBeforeTax": 139200000, "incomeBeforeTaxRatio": 0.0946552428, "incomeTaxExpense": 48000000, "netIncome": 91200000, "netIncomeRatio": 0.0620155039, "eps": 0.5, "epsdiluted": 0.5, "weightedAverageShsOut": 182400000, "weightedAverageShsOutDil": 182400000, "link": null, "finalLink": null, "calculatedOtherExpenses": 50300000, "calculatedOperatingExpenses": 568800000, "calculatedNetInterest": -39600000, "calculatedOtherIncome": -3900000, "calculatedIncomeNonControlling": 0, "calculatedEbitda": 233000000}, {"date": "1989-12-31", "symbol": "MAT", "reportedCurrency": "USD", "cik": "0000063276", "fillingDate": "1989-12-31", "acceptedDate": "1989-12-31 00:00:00", "calendarYear": "1989", "period": "FY", "revenue": 1237000000, "costOfRevenue": 579800000, "grossProfit": 657200000, "grossProfitRatio": 0.5312853678, "researchAndDevelopmentExpenses": 0, "generalAndAdministrativeExpenses": 0, "sellingAndMarketingExpenses": 0, "sellingGeneralAndAdministrativeExpenses": 451400000, "otherExpenses": 42700000, "operatingExpenses": 494100000, "costAndExpenses": 1073900000, "interestIncome": 0, "interestExpense": 60200000, "depreciationAndAmortization": 42700000, "ebitda": 210900000, "ebitdaratio": 0.1704931285, "operatingIncome": 163100000, "operatingIncomeRatio": 0.131851253, "totalOtherIncomeExpensesNet": -5100000, "incomeBeforeTax": 108000000, "incomeBeforeTaxRatio": 0.0873080032, "incomeTaxExpense": 28400000, "netIncome": 79600000, "netIncomeRatio": 0.064349232, "eps": 0.43, "epsdiluted": 0.43, "weightedAverageShsOut": 185116279, "weightedAverageShsOutDil": 185116279, "link": null, "finalLink": null, "calculatedOtherExpenses": 42700000, "calculatedOperatingExpenses": 494100000, "calculatedNetInterest": -60200000, "calculatedOtherIncome": 5100000, "calculatedIncomeNonControlling": 0, "calculatedEbitda": 205800000}, {"date": "1988-12-31", "symbol": "MAT", "reportedCurrency": "USD", "cik": "0000063276", "fillingDate": "1988-12-31", "acceptedDate": "1988-12-31 00:00:00", "calendarYear": "1988", "period": "FY", "revenue": 990000000, "costOfRevenue": 475500000, "grossProfit": 514500000, "grossProfitRatio": 0.5196969697, "researchAndDevelopmentExpenses": 0, "generalAndAdministrativeExpenses": 0, "sellingAndMarketingExpenses": 0, "sellingGeneralAndAdministrativeExpenses": 379600000, "otherExpenses": 35200000, "operatingExpenses": 414800000, "costAndExpenses": 890300000, "interestIncome": 0, "interestExpense": 29200000, "depreciationAndAmortization": 35200000, "ebitda": 121900000, "ebitdaratio": 0.1231313131, "operatingIncome": 99700000, "operatingIncomeRatio": 0.1007070707, "totalOtherIncomeExpensesNet": 13000000, "incomeBeforeTax": 57500000, "incomeBeforeTaxRatio": 0.0580808081, "incomeTaxExpense": 21600000, "netIncome": 35900000, "netIncomeRatio": 0.0362626263, "eps": 0.21, "epsdiluted": 0.21, "weightedAverageShsOut": 170952381, "weightedAverageShsOutDil": 170952381, "link": null, "finalLink": null, "calculatedOtherExpenses": 35200000, "calculatedOperatingExpenses": 414800000, "calculatedNetInterest": -29200000, "calculatedOtherIncome": -13000000, "calculatedIncomeNonControlling": 0, "calculatedEbitda": 134900000}, {"date": "1987-12-31", "symbol": "MAT", "reportedCurrency": "USD", "cik": "0000063276", "fillingDate": "1987-12-31", "acceptedDate": "1987-12-31 00:00:00", "calendarYear": "1987", "period": "FY", "revenue": 1020100000, "costOfRevenue": 544100000, "grossProfit": 476000000, "grossProfitRatio": 0.4666209195, "researchAndDevelopmentExpenses": 0, "generalAndAdministrativeExpenses": 0, "sellingAndMarketingExpenses": 0, "sellingGeneralAndAdministrativeExpenses": 482300000, "otherExpenses": 15900000, "operatingExpenses": 498200000, "costAndExpenses": 1042300000, "interestIncome": 0, "interestExpense": 18800000, "depreciationAndAmortization": 15900000, "ebitda": -29600000, "ebitdaratio": -0.0290167631, "operatingIncome": -22200000, "operatingIncomeRatio": -0.0217625723, "totalOtherIncomeExpensesNet": 23300000, "incomeBeforeTax": -64300000, "incomeBeforeTaxRatio": -0.063033036, "incomeTaxExpense": 28200000, "netIncome": -92500000, "netIncomeRatio": -0.0906773846, "eps": -0.61, "epsdiluted": -0.61, "weightedAverageShsOut": 151451613, "weightedAverageShsOutDil": 151451613, "link": null, "finalLink": null, "calculatedOtherExpenses": 15900000, "calculatedOperatingExpenses": 498200000, "calculatedNetInterest": -18800000, "calculatedOtherIncome": -23300000, "calculatedIncomeNonControlling": 0, "calculatedEbitda": -6300000}, {"date": "1986-12-31", "symbol": "MAT", "reportedCurrency": "USD", "cik": "0000063276", "fillingDate": "1986-12-31", "acceptedDate": "1986-12-31 00:00:00", "calendarYear": "1986", "period": "FY", "revenue": 1058700000, "costOfRevenue": 533600000, "grossProfit": 525100000, "grossProfitRatio": 0.4959856428, "researchAndDevelopmentExpenses": 0, "generalAndAdministrativeExpenses": 0, "sellingAndMarketingExpenses": 0, "sellingGeneralAndAdministrativeExpenses": 427100000, "otherExpenses": 10400000, "operatingExpenses": 437500000, "costAndExpenses": 971100000, "interestIncome": 0, "interestExpense": 42100000, "depreciationAndAmortization": 10400000, "ebitda": 90800000, "ebitdaratio": 0.0857655615, "operatingIncome": 87600000, "operatingIncomeRatio": 0.0827429867, "totalOtherIncomeExpensesNet": 7200000, "incomeBeforeTax": 38300000, "incomeBeforeTaxRatio": 0.0361764428, "incomeTaxExpense": 39300000, "netIncome": -1000000, "netIncomeRatio": -0.0009445546, "eps": -0.0081, "epsdiluted": -0.0081, "weightedAverageShsOut": 123333333, "weightedAverageShsOutDil": 123333333, "link": null, "finalLink": null, "calculatedOtherExpenses": 10400000, "calculatedOperatingExpenses": 437500000, "calculatedNetInterest": -42100000, "calculatedOtherIncome": -7200000, "calculatedIncomeNonControlling": 0, "calculatedEbitda": 98000000}, {"date": "1985-12-31", "symbol": "MAT", "reportedCurrency": "USD", "cik": "0000063276", "fillingDate": "1985-12-31", "acceptedDate": "1985-12-31 00:00:00", "calendarYear": "1985", "period": "FY", "revenue": 1050900000, "costOfRevenue": 512200000, "grossProfit": 538700000, "grossProfitRatio": 0.5126082406, "researchAndDevelopmentExpenses": 0, "generalAndAdministrativeExpenses": 0, "sellingAndMarketingExpenses": 0, "sellingGeneralAndAdministrativeExpenses": 393000000, "otherExpenses": 8800000, "operatingExpenses": 401800000, "costAndExpenses": 914000000, "interestIncome": 0, "interestExpense": 14800000, "depreciationAndAmortization": 8800000, "ebitda": 131100000, "ebitdaratio": 0.1247502141, "operatingIncome": 136900000, "operatingIncomeRatio": 0.130269293, "totalOtherIncomeExpensesNet": 14600000, "incomeBeforeTax": 107500000, "incomeBeforeTaxRatio": 0.1022932724, "incomeTaxExpense": 49400000, "netIncome": 58100000, "netIncomeRatio": 0.0552859454, "eps": 0.27, "epsdiluted": 0.27, "weightedAverageShsOut": 129635000, "weightedAverageShsOutDil": 129635000, "link": null, "finalLink": null, "calculatedOtherExpenses": 8800000, "calculatedOperatingExpenses": 401800000, "calculatedNetInterest": -14800000, "calculatedOtherIncome": -14600000, "calculatedIncomeNonControlling": 0, "calculatedEbitda": 145700000}]}