{"originalCurrency": "USD", "convertedCurrency": "USD", "report": [{"date": "2023-12-31", "symbol": "MC", "reportedCurrency": "USD", "cik": "0001596967", "fillingDate": "2024-02-22", "acceptedDate": "2024-02-22 16:15:59", "calendarYear": "2023", "period": "FY", "revenue": 854748000, "costOfRevenue": 714749000, "grossProfit": 139999000, "grossProfitRatio": 0.1637897954, "researchAndDevelopmentExpenses": 0, "generalAndAdministrativeExpenses": 107382000, "sellingAndMarketingExpenses": 0, "sellingGeneralAndAdministrativeExpenses": 107382000, "otherExpenses": -886783000, "operatingExpenses": 886783000, "costAndExpenses": 895100000, "interestIncome": 125000, "interestExpense": 0, "depreciationAndAmortization": 8317000, "ebitda": -32034999, "ebitdaratio": -0.0374788815, "operatingIncome": -40352000, "operatingIncomeRatio": -0.0472092359, "totalOtherIncomeExpensesNet": 11205000, "incomeBeforeTax": -29147000, "incomeBeforeTaxRatio": -0.034100109, "incomeTaxExpense": -1631000, "netIncome": -24700000, "netIncomeRatio": -0.028897406, "eps": -0.36, "epsdiluted": -0.36, "weightedAverageShsOut": 68501018, "weightedAverageShsOutDil": 68501018, "link": "https://www.sec.gov/Archives/edgar/data/1596967/000095017024018791/0000950170-24-018791-index.htm", "finalLink": "https://www.sec.gov/Archives/edgar/data/1596967/000095017024018791/mc-20231231.htm", "calculatedOtherExpenses": 72969000, "calculatedOperatingExpenses": 180351000, "calculatedNetInterest": 125000, "calculatedOtherIncome": 11080000, "calculatedIncomeNonControlling": -2816000, "calculatedEbitda": -32035000}, {"date": "2022-12-31", "symbol": "MC", "reportedCurrency": "USD", "cik": "0001596967", "fillingDate": "2023-02-23", "acceptedDate": "2023-02-23 16:18:12", "calendarYear": "2022", "period": "FY", "revenue": 985297000, "costOfRevenue": 618195000, "grossProfit": 367102000, "grossProfitRatio": 0.3725800444, "researchAndDevelopmentExpenses": 0, "generalAndAdministrativeExpenses": 116940000, "sellingAndMarketingExpenses": 0, "sellingGeneralAndAdministrativeExpenses": 116940000, "otherExpenses": 34062000, "operatingExpenses": 151002000, "costAndExpenses": 769197000, "interestIncome": 17000, "interestExpense": 18117000, "depreciationAndAmortization": 7975000, "ebitda": 224075000, "ebitdaratio": 0.2274187377, "operatingIncome": 216100000, "operatingIncomeRatio": 0.2193247315, "totalOtherIncomeExpensesNet": 220000, "incomeBeforeTax": 216320000, "incomeBeforeTaxRatio": 0.2195480145, "incomeTaxExpense": 47638000, "netIncome": 150345000, "netIncomeRatio": 0.1525885088, "eps": 2.29, "epsdiluted": 2.14, "weightedAverageShsOut": 65766439, "weightedAverageShsOutDil": 70320182, "link": "https://www.sec.gov/Archives/edgar/data/1596967/000095017023004120/0000950170-23-004120-index.htm", "finalLink": "https://www.sec.gov/Archives/edgar/data/1596967/000095017023004120/mc-20221231.htm", "calculatedOtherExpenses": 34062000, "calculatedOperatingExpenses": 151002000, "calculatedNetInterest": -18100000, "calculatedOtherIncome": 18320000, "calculatedIncomeNonControlling": 18337000, "calculatedEbitda": 224075000}, {"date": "2021-12-31", "symbol": "MC", "reportedCurrency": "USD", "cik": "0001596967", "fillingDate": "2022-02-23", "acceptedDate": "2022-02-23 16:16:01", "calendarYear": "2021", "period": "FY", "revenue": 1540611000, "costOfRevenue": 913909000, "grossProfit": 626702000, "grossProfitRatio": 0.4067879562, "researchAndDevelopmentExpenses": 0, "generalAndAdministrativeExpenses": 99131000, "sellingAndMarketingExpenses": 0, "sellingGeneralAndAdministrativeExpenses": 99131000, "otherExpenses": 31654000, "operatingExpenses": 130785000, "costAndExpenses": 1044694000, "interestIncome": 11000, "interestExpense": 0, "depreciationAndAmortization": 7242000, "ebitda": 503159000, "ebitdaratio": 0.3265970449, "operatingIncome": 495917000, "operatingIncomeRatio": 0.3218963126, "totalOtherIncomeExpensesNet": 40396000, "incomeBeforeTax": 536313000, "incomeBeforeTaxRatio": 0.3481170782, "incomeTaxExpense": 113335000, "netIncome": 365213000, "netIncomeRatio": 0.2370572455, "eps": 5.79, "epsdiluted": 5.34, "weightedAverageShsOut": 63125497, "weightedAverageShsOutDil": 68435579, "link": "https://www.sec.gov/Archives/edgar/data/1596967/000095017022001785/0000950170-22-001785-index.htm", "finalLink": "https://www.sec.gov/Archives/edgar/data/1596967/000095017022001785/mc-20211231.htm", "calculatedOtherExpenses": 31654000, "calculatedOperatingExpenses": 130785000, "calculatedNetInterest": 11000, "calculatedOtherIncome": 40385000, "calculatedIncomeNonControlling": 57765000, "calculatedEbitda": 503159000}, {"date": "2020-12-31", "symbol": "MC", "reportedCurrency": "USD", "cik": "0001596967", "fillingDate": "2021-02-24", "acceptedDate": "2021-02-24 17:16:43", "calendarYear": "2020", "period": "FY", "revenue": 943276000, "costOfRevenue": 560803000, "grossProfit": 382473000, "grossProfitRatio": 0.4054730535, "researchAndDevelopmentExpenses": 0, "generalAndAdministrativeExpenses": 93437000, "sellingAndMarketingExpenses": 0, "sellingGeneralAndAdministrativeExpenses": 93437000, "otherExpenses": 23327000, "operatingExpenses": 116764000, "costAndExpenses": 677567000, "interestIncome": 12000, "interestExpense": 0, "depreciationAndAmortization": 4708000, "ebitda": 270417000, "ebitdaratio": 0.2866785543, "operatingIncome": 265709000, "operatingIncomeRatio": 0.2816874382, "totalOtherIncomeExpensesNet": 4404000, "incomeBeforeTax": 270113000, "incomeBeforeTaxRatio": 0.2863562732, "incomeTaxExpense": 51675000, "netIncome": 178831000, "netIncomeRatio": 0.1895850207, "eps": 3.16, "epsdiluted": 2.95, "weightedAverageShsOut": 56566645, "weightedAverageShsOutDil": 60723365, "link": "https://www.sec.gov/Archives/edgar/data/1596967/000156459021008170/0001564590-21-008170-index.htm", "finalLink": "https://www.sec.gov/Archives/edgar/data/1596967/000156459021008170/mc-10k_20201231.htm", "calculatedOtherExpenses": 23327000, "calculatedOperatingExpenses": 116764000, "calculatedNetInterest": 12000, "calculatedOtherIncome": 4392000, "calculatedIncomeNonControlling": 39607000, "calculatedEbitda": 270417000}, {"date": "2019-12-31", "symbol": "MC", "reportedCurrency": "USD", "cik": "0001596967", "fillingDate": "2020-02-27", "acceptedDate": "2020-02-26 19:07:41", "calendarYear": "2019", "period": "FY", "revenue": 746534000, "costOfRevenue": 488439000, "grossProfit": 258095000, "grossProfitRatio": 0.3457243742, "researchAndDevelopmentExpenses": 0, "generalAndAdministrativeExpenses": 112524000, "sellingAndMarketingExpenses": 0, "sellingGeneralAndAdministrativeExpenses": 112524000, "otherExpenses": 31028000, "operatingExpenses": 143552000, "costAndExpenses": 631991000, "interestIncome": 8000, "interestExpense": 0, "depreciationAndAmortization": 4965000, "ebitda": 119508000, "ebitdaratio": 0.1600838006, "operatingIncome": 114543000, "operatingIncomeRatio": 0.1534330653, "totalOtherIncomeExpensesNet": 32962000, "incomeBeforeTax": 147505000, "incomeBeforeTaxRatio": 0.1975864462, "incomeTaxExpense": 11813000, "netIncome": 105095000, "netIncomeRatio": 0.1407772452, "eps": 2.09, "epsdiluted": 1.89, "weightedAverageShsOut": 50373874, "weightedAverageShsOutDil": 55513149, "link": "https://www.sec.gov/Archives/edgar/data/1596967/000156459020006910/0001564590-20-006910-index.htm", "finalLink": "https://www.sec.gov/Archives/edgar/data/1596967/000156459020006910/mc-10k_20191231.htm", "calculatedOtherExpenses": 31028000, "calculatedOperatingExpenses": 143552000, "calculatedNetInterest": 8000, "calculatedOtherIncome": 32954000, "calculatedIncomeNonControlling": 30597000, "calculatedEbitda": 119508000}, {"date": "2018-12-31", "symbol": "MC", "reportedCurrency": "USD", "cik": "0001596967", "fillingDate": "2019-02-27", "acceptedDate": "2019-02-27 16:16:45", "calendarYear": "2018", "period": "FY", "revenue": 885840000, "costOfRevenue": 513863000, "grossProfit": 371977000, "grossProfitRatio": 0.4199144315, "researchAndDevelopmentExpenses": 0, "generalAndAdministrativeExpenses": 74010000, "sellingAndMarketingExpenses": 0, "sellingGeneralAndAdministrativeExpenses": 74010000, "otherExpenses": 4509000, "operatingExpenses": 145196000, "costAndExpenses": 659059000, "interestIncome": 0, "interestExpense": 0, "depreciationAndAmortization": 4625000, "ebitda": 231406000, "ebitdaratio": 0.2612277612, "operatingIncome": 226781000, "operatingIncomeRatio": 0.2560067281, "totalOtherIncomeExpensesNet": 11671000, "incomeBeforeTax": 238452000, "incomeBeforeTaxRatio": 0.2691817936, "incomeTaxExpense": 30448000, "netIncome": 140680000, "netIncomeRatio": 0.1588097173, "eps": 2.78, "epsdiluted": 2.78, "weightedAverageShsOut": 50690528, "weightedAverageShsOutDil": 50690528, "link": "https://www.sec.gov/Archives/edgar/data/1596967/000156459019004907/0001564590-19-004907-index.htm", "finalLink": "https://www.sec.gov/Archives/edgar/data/1596967/000156459019004907/mc-10k_20181231.htm", "calculatedOtherExpenses": 71186000, "calculatedOperatingExpenses": 145196000, "calculatedNetInterest": 0, "calculatedOtherIncome": 11671000, "calculatedIncomeNonControlling": 67324000, "calculatedEbitda": 231406000}, {"date": "2017-12-31", "symbol": "MC", "reportedCurrency": "USD", "cik": "0001596967", "fillingDate": "2018-02-28", "acceptedDate": "2018-02-28 16:47:04", "calendarYear": "2017", "period": "FY", "revenue": 684615000, "costOfRevenue": 401384000, "grossProfit": 283231000, "grossProfitRatio": 0.4137084347, "researchAndDevelopmentExpenses": 0, "generalAndAdministrativeExpenses": 62228000, "sellingAndMarketingExpenses": 0, "sellingGeneralAndAdministrativeExpenses": 62228000, "otherExpenses": 177728000, "operatingExpenses": 118949000, "costAndExpenses": 520333000, "interestIncome": 0, "interestExpense": 0, "depreciationAndAmortization": 3544000, "ebitda": 167826000, "ebitdaratio": 0.2451392388, "operatingIncome": 164282000, "operatingIncomeRatio": 0.2399626067, "totalOtherIncomeExpensesNet": 186069000, "incomeBeforeTax": 350351000, "incomeBeforeTaxRatio": 0.5117489392, "incomeTaxExpense": 223827000, "netIncome": 29400000, "netIncomeRatio": 0.0429438444, "eps": 0.96, "epsdiluted": 0.78, "weightedAverageShsOut": 30597058, "weightedAverageShsOutDil": 37675511, "link": "https://www.sec.gov/Archives/edgar/data/1596967/000155837018001283/0001558370-18-001283-index.htm", "finalLink": "https://www.sec.gov/Archives/edgar/data/1596967/000155837018001283/mc-20171231x10k.htm", "calculatedOtherExpenses": 56721000, "calculatedOperatingExpenses": 118949000, "calculatedNetInterest": 0, "calculatedOtherIncome": 186069000, "calculatedIncomeNonControlling": 97124000, "calculatedEbitda": 167826000}, {"date": "2016-12-31", "symbol": "MC", "reportedCurrency": "USD", "cik": "0001596967", "fillingDate": "2017-02-28", "acceptedDate": "2017-02-28 16:33:26", "calendarYear": "2016", "period": "FY", "revenue": 613373000, "costOfRevenue": 360893000, "grossProfit": 252480000, "grossProfitRatio": 0.4116255525, "researchAndDevelopmentExpenses": 0, "generalAndAdministrativeExpenses": 53295000, "sellingAndMarketingExpenses": 0, "sellingGeneralAndAdministrativeExpenses": 53295000, "otherExpenses": 509000, "operatingExpenses": 91391000, "costAndExpenses": 452284000, "interestIncome": 0, "interestExpense": 0, "depreciationAndAmortization": 3183000, "ebitda": 164272000, "ebitdaratio": 0.2678174618, "operatingIncome": 161089000, "operatingIncomeRatio": 0.2626281235, "totalOtherIncomeExpensesNet": 5585000, "incomeBeforeTax": 166674000, "incomeBeforeTaxRatio": 0.2717335129, "incomeTaxExpense": 24809000, "netIncome": 38387000, "netIncomeRatio": 0.0625834525, "eps": 1.83, "epsdiluted": 1.58, "weightedAverageShsOut": 20933757, "weightedAverageShsOutDil": 24242302, "link": "https://www.sec.gov/Archives/edgar/data/1596967/000155837017001153/0001558370-17-001153-index.htm", "finalLink": "https://www.sec.gov/Archives/edgar/data/1596967/000155837017001153/mc-20161231x10k.htm", "calculatedOtherExpenses": 38096000, "calculatedOperatingExpenses": 91391000, "calculatedNetInterest": 0, "calculatedOtherIncome": 5585000, "calculatedIncomeNonControlling": 103478000, "calculatedEbitda": 164272000}, {"date": "2015-12-31", "symbol": "MC", "reportedCurrency": "USD", "cik": "0001596967", "fillingDate": "2016-03-14", "acceptedDate": "2016-03-14 16:25:42", "calendarYear": "2015", "period": "FY", "revenue": 551863000, "costOfRevenue": 311224000, "grossProfit": 240639000, "grossProfitRatio": 0.4360484396, "researchAndDevelopmentExpenses": 0, "generalAndAdministrativeExpenses": 54237000, "sellingAndMarketingExpenses": 0, "sellingGeneralAndAdministrativeExpenses": 54237000, "otherExpenses": 2085000, "operatingExpenses": 100336000, "costAndExpenses": 411560000, "interestIncome": 0, "interestExpense": 0, "depreciationAndAmortization": 2635000, "ebitda": 142938000, "ebitdaratio": 0.2590099354, "operatingIncome": 140303000, "operatingIncomeRatio": 0.2542351997, "totalOtherIncomeExpensesNet": 6561000, "incomeBeforeTax": 146864000, "incomeBeforeTaxRatio": 0.2661240199, "incomeTaxExpense": 24274000, "netIncome": 33742000, "netIncomeRatio": 0.0611419863, "eps": 1.65, "epsdiluted": 1.55, "weightedAverageShsOut": 20021652, "weightedAverageShsOutDil": 21362571, "link": "https://www.sec.gov/Archives/edgar/data/1596967/000104746916011116/0001047469-16-011116-index.htm", "finalLink": "https://www.sec.gov/Archives/edgar/data/1596967/000104746916011116/a2227734z10-k.htm", "calculatedOtherExpenses": 46099000, "calculatedOperatingExpenses": 100336000, "calculatedNetInterest": 0, "calculatedOtherIncome": 6561000, "calculatedIncomeNonControlling": 88848000, "calculatedEbitda": 142938000}, {"date": "2014-12-31", "symbol": "MC", "reportedCurrency": "USD", "cik": "0001596967", "fillingDate": "2015-02-27", "acceptedDate": "2015-02-27 08:31:27", "calendarYear": "2014", "period": "FY", "revenue": 518750000, "costOfRevenue": 377219000, "grossProfit": 141531000, "grossProfitRatio": 0.2728308434, "researchAndDevelopmentExpenses": 0, "generalAndAdministrativeExpenses": 48656000, "sellingAndMarketingExpenses": 0, "sellingGeneralAndAdministrativeExpenses": 48656000, "otherExpenses": 736000, "operatingExpenses": 93787000, "costAndExpenses": 471006000, "interestIncome": 0, "interestExpense": 0, "depreciationAndAmortization": 2268000, "ebitda": 50012000, "ebitdaratio": 0.0964086747, "operatingIncome": 47744000, "operatingIncomeRatio": 0.0920366265, "totalOtherIncomeExpensesNet": -1449000, "incomeBeforeTax": 46295000, "incomeBeforeTaxRatio": 0.0892433735, "incomeTaxExpense": 13740000, "netIncome": -3012000, "netIncomeRatio": -0.0058062651, "eps": -0.19, "epsdiluted": -0.19, "weightedAverageShsOut": 15911819, "weightedAverageShsOutDil": 15911819, "link": "https://www.sec.gov/Archives/edgar/data/1596967/000104746915001351/0001047469-15-001351-index.htm", "finalLink": "https://www.sec.gov/Archives/edgar/data/1596967/000104746915001351/a2223245z10-k.htm", "calculatedOtherExpenses": 45131000, "calculatedOperatingExpenses": 93787000, "calculatedNetInterest": 0, "calculatedOtherIncome": -1449000, "calculatedIncomeNonControlling": 35567000, "calculatedEbitda": 50012000}, {"date": "2013-12-31", "symbol": "MC", "reportedCurrency": "USD", "cik": "0001596967", "fillingDate": "2013-12-31", "acceptedDate": "2013-12-30 19:00:00", "calendarYear": "2013", "period": "FY", "revenue": 411386000, "costOfRevenue": 264944000, "grossProfit": 146442000, "grossProfitRatio": 0.3559722499, "researchAndDevelopmentExpenses": 0, "generalAndAdministrativeExpenses": 59155000, "sellingAndMarketingExpenses": 0, "sellingGeneralAndAdministrativeExpenses": 59155000, "otherExpenses": -771000, "operatingExpenses": 76333000, "costAndExpenses": 341277000, "interestIncome": 0, "interestExpense": 0, "depreciationAndAmortization": 2296000, "ebitda": 72405000, "ebitdaratio": 0.1760025864, "operatingIncome": 70109000, "operatingIncomeRatio": 0.1704214533, "totalOtherIncomeExpensesNet": 2910000, "incomeBeforeTax": 73019000, "incomeBeforeTaxRatio": 0.1774951019, "incomeTaxExpense": 7147000, "netIncome": 7220000, "netIncomeRatio": 0.0175504271, "eps": 9.12, "epsdiluted": 9.12, "weightedAverageShsOut": 7699851, "weightedAverageShsOutDil": 7699851, "link": "", "finalLink": "", "calculatedOtherExpenses": 17178000, "calculatedOperatingExpenses": 76333000, "calculatedNetInterest": 0, "calculatedOtherIncome": 2910000, "calculatedIncomeNonControlling": 58652000, "calculatedEbitda": 72405000}, {"date": "2012-12-31", "symbol": "MC", "reportedCurrency": "USD", "cik": "0001596967", "fillingDate": "2012-12-31", "acceptedDate": "2012-12-30 19:00:00", "calendarYear": "2012", "period": "FY", "revenue": 385871000, "costOfRevenue": 274941000, "grossProfit": 110930000, "grossProfitRatio": 0.2874794944, "researchAndDevelopmentExpenses": 0, "generalAndAdministrativeExpenses": 54574000, "sellingAndMarketingExpenses": 0, "sellingGeneralAndAdministrativeExpenses": 54574000, "otherExpenses": 333000, "operatingExpenses": 72885000, "costAndExpenses": 347826000, "interestIncome": 0, "interestExpense": 0, "depreciationAndAmortization": 2507000, "ebitda": 40552000, "ebitdaratio": 0.1050921163, "operatingIncome": 38045000, "operatingIncomeRatio": 0.0985951264, "totalOtherIncomeExpensesNet": -325000, "incomeBeforeTax": 37720000, "incomeBeforeTaxRatio": 0.097752876, "incomeTaxExpense": 2498000, "netIncome": 35222000, "netIncomeRatio": 0.0912792099, "eps": 4.57, "epsdiluted": 4.57, "weightedAverageShsOut": 7699851, "weightedAverageShsOutDil": 7699851, "link": "", "finalLink": "", "calculatedOtherExpenses": 18311000, "calculatedOperatingExpenses": 72885000, "calculatedNetInterest": 0, "calculatedOtherIncome": -325000, "calculatedIncomeNonControlling": 0, "calculatedEbitda": 40552000}, {"date": "2011-12-31", "symbol": "MC", "reportedCurrency": "USD", "cik": "0001596967", "fillingDate": "2011-12-31", "acceptedDate": "2011-12-30 19:00:00", "calendarYear": "2011", "period": "FY", "revenue": 268024000, "costOfRevenue": 200368000, "grossProfit": 67656000, "grossProfitRatio": 0.252425156, "researchAndDevelopmentExpenses": 0, "generalAndAdministrativeExpenses": 54793000, "sellingAndMarketingExpenses": 0, "sellingGeneralAndAdministrativeExpenses": 54793000, "otherExpenses": 245000, "operatingExpenses": 78526000, "costAndExpenses": 278894000, "interestIncome": 0, "interestExpense": 0, "depreciationAndAmortization": 2085000, "ebitda": -8785000, "ebitdaratio": -0.0327769155, "operatingIncome": -10870000, "operatingIncomeRatio": -0.0405560696, "totalOtherIncomeExpensesNet": 5982000, "incomeBeforeTax": -4888000, "incomeBeforeTaxRatio": -0.0182371728, "incomeTaxExpense": 3642000, "netIncome": -8530000, "netIncomeRatio": -0.0318255082, "eps": -1.11, "epsdiluted": -1.11, "weightedAverageShsOut": 7699851, "weightedAverageShsOutDil": 7699851, "link": "", "finalLink": "", "calculatedOtherExpenses": 23733000, "calculatedOperatingExpenses": 78526000, "calculatedNetInterest": 0, "calculatedOtherIncome": 5982000, "calculatedIncomeNonControlling": 0, "calculatedEbitda": -8785000}]}