{"originalCurrency": "USD", "convertedCurrency": "USD", "report": [{"date": "2024-03-31", "symbol": "MCHP", "reportedCurrency": "USD", "cik": "0000827054", "fillingDate": "2024-05-06", "acceptedDate": "2024-05-06 16:17:42", "calendarYear": "2024", "period": "FY", "revenue": 7634400000, "costOfRevenue": 2638700000, "grossProfit": 4995700000, "grossProfitRatio": 0.6543670753, "researchAndDevelopmentExpenses": 1097400000, "generalAndAdministrativeExpenses": 0, "sellingAndMarketingExpenses": 0, "sellingGeneralAndAdministrativeExpenses": 734200000, "otherExpenses": -605400000, "operatingExpenses": 2437000000, "costAndExpenses": 5075700000, "interestIncome": 0, "interestExpense": 0, "depreciationAndAmortization": 881733113, "ebitda": 3441933113, "ebitdaratio": 0.4508452679, "operatingIncome": 2558700000, "operatingIncomeRatio": 0.3351540396, "totalOtherIncomeExpensesNet": -192800000, "incomeBeforeTax": 2365900000, "incomeBeforeTaxRatio": 0.3098999266, "incomeTaxExpense": 459000000, "netIncome": 1906900000, "netIncomeRatio": 0.2497773237, "eps": 3.52, "epsdiluted": 3.48, "weightedAverageShsOut": 542000000, "weightedAverageShsOutDil": 548000000, "link": "https://www.sec.gov/Archives/edgar/data/827054/000082705424000078/0000827054-24-000078-index.htm", "finalLink": "https://www.sec.gov/Archives/edgar/data/827054/000082705424000078/exhibit991q4fy24.htm", "calculatedOtherExpenses": 605400000, "calculatedOperatingExpenses": 2437000000, "calculatedNetInterest": 0, "calculatedOtherIncome": -192800000, "calculatedIncomeNonControlling": 0, "calculatedEbitda": 3440433113}, {"date": "2023-03-31", "symbol": "MCHP", "reportedCurrency": "USD", "cik": "0000827054", "fillingDate": "2023-05-25", "acceptedDate": "2023-05-25 15:24:21", "calendarYear": "2023", "period": "FY", "revenue": 8438700000, "costOfRevenue": 2740800000, "grossProfit": 5697900000, "grossProfitRatio": 0.6752106367, "researchAndDevelopmentExpenses": 1118300000, "generalAndAdministrativeExpenses": 0, "sellingAndMarketingExpenses": 0, "sellingGeneralAndAdministrativeExpenses": 797700000, "otherExpenses": 669900000, "operatingExpenses": 2585900000, "costAndExpenses": 5326700000, "interestIncome": 2100000, "interestExpense": 198300000, "depreciationAndAmortization": 661900000, "ebitda": 3777900000, "ebitdaratio": 0.44768744, "operatingIncome": 3116000000, "operatingIncomeRatio": 0.369251188, "totalOtherIncomeExpensesNet": -206300000, "incomeBeforeTax": 2909700000, "incomeBeforeTaxRatio": 0.3448042945, "incomeTaxExpense": 672000000, "netIncome": 2237700000, "netIncomeRatio": 0.2651711757, "eps": 4.07, "epsdiluted": 4.02, "weightedAverageShsOut": 550400000, "weightedAverageShsOutDil": 557300000, "link": "https://www.sec.gov/Archives/edgar/data/827054/000082705423000080/0000827054-23-000080-index.htm", "finalLink": "https://www.sec.gov/Archives/edgar/data/827054/000082705423000080/mchp-20230331.htm", "calculatedOtherExpenses": 665900000, "calculatedOperatingExpenses": 2581900000, "calculatedNetInterest": -196200000, "calculatedOtherIncome": -10100000, "calculatedIncomeNonControlling": 0, "calculatedEbitda": 3777900000}, {"date": "2022-03-31", "symbol": "MCHP", "reportedCurrency": "USD", "cik": "0000827054", "fillingDate": "2022-05-20", "acceptedDate": "2022-05-20 15:17:15", "calendarYear": "2022", "period": "FY", "revenue": 6820900000, "costOfRevenue": 2371300000, "grossProfit": 4449600000, "grossProfitRatio": 0.6523479306, "researchAndDevelopmentExpenses": 989100000, "generalAndAdministrativeExpenses": 0, "sellingAndMarketingExpenses": 0, "sellingGeneralAndAdministrativeExpenses": 718900000, "otherExpenses": 862500000, "operatingExpenses": 2570500000, "costAndExpenses": 4941800000, "interestIncome": 500000, "interestExpense": 245500000, "depreciationAndAmortization": 921500000, "ebitda": 2771100000, "ebitdaratio": 0.4062660353, "operatingIncome": 1849600000, "operatingIncomeRatio": 0.2711665616, "totalOtherIncomeExpensesNet": -367100000, "incomeBeforeTax": 1482500000, "incomeBeforeTaxRatio": 0.2173466845, "incomeTaxExpense": 197000000, "netIncome": 1285500000, "netIncomeRatio": 0.1884648653, "eps": 2.33, "epsdiluted": 2.27, "weightedAverageShsOut": 552300000, "weightedAverageShsOutDil": 565900000, "link": "https://www.sec.gov/Archives/edgar/data/827054/000082705422000094/0000827054-22-000094-index.htm", "finalLink": "https://www.sec.gov/Archives/edgar/data/827054/000082705422000094/mchp-20220331.htm", "calculatedOtherExpenses": 892000000, "calculatedOperatingExpenses": 2600000000, "calculatedNetInterest": -245000000, "calculatedOtherIncome": -122100000, "calculatedIncomeNonControlling": 0, "calculatedEbitda": 2771100000}, {"date": "2021-03-31", "symbol": "MCHP", "reportedCurrency": "USD", "cik": "0000827054", "fillingDate": "2021-05-18", "acceptedDate": "2021-05-17 19:06:34", "calendarYear": "2021", "period": "FY", "revenue": 5438400000, "costOfRevenue": 2059600000, "grossProfit": 3378800000, "grossProfitRatio": 0.6212856723, "researchAndDevelopmentExpenses": 836400000, "generalAndAdministrativeExpenses": 0, "sellingAndMarketingExpenses": 0, "sellingGeneralAndAdministrativeExpenses": 610300000, "otherExpenses": 932300000, "operatingExpenses": 2379000000, "costAndExpenses": 4438600000, "interestIncome": 1700000, "interestExpense": 339800000, "depreciationAndAmortization": 935700000, "ebitda": 1933800000, "ebitdaratio": 0.3555825243, "operatingIncome": 998100000, "operatingIncomeRatio": 0.1835282436, "totalOtherIncomeExpensesNet": -658600000, "incomeBeforeTax": 339500000, "incomeBeforeTaxRatio": 0.062426449, "incomeTaxExpense": -9900000, "netIncome": 349400000, "netIncomeRatio": 0.0642468373, "eps": 0.67, "epsdiluted": 0.65, "weightedAverageShsOut": 519200000, "weightedAverageShsOutDil": 541200000, "link": "https://www.sec.gov/Archives/edgar/data/827054/000082705421000106/0000827054-21-000106-index.htm", "finalLink": "https://www.sec.gov/Archives/edgar/data/827054/000082705421000106/mchp-20210331.htm", "calculatedOtherExpenses": 934000000, "calculatedOperatingExpenses": 2380700000, "calculatedNetInterest": -338100000, "calculatedOtherIncome": -320500000, "calculatedIncomeNonControlling": 0, "calculatedEbitda": 1933800000}, {"date": "2020-03-31", "symbol": "MCHP", "reportedCurrency": "USD", "cik": "0000827054", "fillingDate": "2020-05-22", "acceptedDate": "2020-05-21 21:08:01", "calendarYear": "2020", "period": "FY", "revenue": 5274200000, "costOfRevenue": 2032100000, "grossProfit": 3242100000, "grossProfitRatio": 0.6147093398, "researchAndDevelopmentExpenses": 877800000, "generalAndAdministrativeExpenses": 0, "sellingAndMarketingExpenses": 0, "sellingGeneralAndAdministrativeExpenses": 676600000, "otherExpenses": 993900000, "operatingExpenses": 2548300000, "costAndExpenses": 4580400000, "interestIncome": 2800000, "interestExpense": 497300000, "depreciationAndAmortization": 1087300000, "ebitda": 1734400000, "ebitdaratio": 0.3288460809, "operatingIncome": 647100000, "operatingIncomeRatio": 0.122691593, "totalOtherIncomeExpensesNet": -496700000, "incomeBeforeTax": 150400000, "incomeBeforeTaxRatio": 0.0285161731, "incomeTaxExpense": -420200000, "netIncome": 570600000, "netIncomeRatio": 0.1081870236, "eps": 1.19, "epsdiluted": 1.11, "weightedAverageShsOut": 477800000, "weightedAverageShsOutDil": 512400000, "link": "https://www.sec.gov/Archives/edgar/data/827054/000082705420000119/0000827054-20-000119-index.htm", "finalLink": "https://www.sec.gov/Archives/edgar/data/827054/000082705420000119/a2020-03x3110k.htm", "calculatedOtherExpenses": 1040600000, "calculatedOperatingExpenses": 2595000000, "calculatedNetInterest": -494500000, "calculatedOtherIncome": -2200000, "calculatedIncomeNonControlling": 0, "calculatedEbitda": 1734400000}, {"date": "2019-03-31", "symbol": "MCHP", "reportedCurrency": "USD", "cik": "0000827054", "fillingDate": "2019-05-30", "acceptedDate": "2019-05-30 17:10:35", "calendarYear": "2019", "period": "FY", "revenue": 5349500000, "costOfRevenue": 2418200000, "grossProfit": 2931300000, "grossProfitRatio": 0.5479577531, "researchAndDevelopmentExpenses": 826300000, "generalAndAdministrativeExpenses": 682900000, "sellingAndMarketingExpenses": 0, "sellingGeneralAndAdministrativeExpenses": 682900000, "otherExpenses": -509600000, "operatingExpenses": 2183300000, "costAndExpenses": 4601500000, "interestIncome": 8100000, "interestExpense": 502900000, "depreciationAndAmortization": 674100000, "ebitda": 1455800000, "ebitdaratio": 0.272137583, "operatingIncome": 714300000, "operatingIncomeRatio": 0.1335264978, "totalOtherIncomeExpensesNet": -543500000, "incomeBeforeTax": 204500000, "incomeBeforeTaxRatio": 0.0382278718, "incomeTaxExpense": -151400000, "netIncome": 355900000, "netIncomeRatio": 0.0665295822, "eps": 0.71, "epsdiluted": 0.71, "weightedAverageShsOut": 499800000, "weightedAverageShsOutDil": 499800000, "link": "https://www.sec.gov/Archives/edgar/data/827054/000082705419000143/0000827054-19-000143-index.htm", "finalLink": "https://www.sec.gov/Archives/edgar/data/827054/000082705419000143/a2019-03x3110k.htm", "calculatedOtherExpenses": 707800000, "calculatedOperatingExpenses": 2217000000, "calculatedNetInterest": -494800000, "calculatedOtherIncome": -15000000, "calculatedIncomeNonControlling": 0, "calculatedEbitda": 1388400000}, {"date": "2018-03-31", "symbol": "MCHP", "reportedCurrency": "USD", "cik": "0000827054", "fillingDate": "2018-05-18", "acceptedDate": "2018-05-18 17:32:30", "calendarYear": "2018", "period": "FY", "revenue": 3980800000, "costOfRevenue": 1560100000, "grossProfit": 2420700000, "grossProfitRatio": 0.6080938505, "researchAndDevelopmentExpenses": 529300000, "generalAndAdministrativeExpenses": 452100000, "sellingAndMarketingExpenses": 0, "sellingGeneralAndAdministrativeExpenses": 452100000, "otherExpenses": -198800000, "operatingExpenses": 1466900000, "costAndExpenses": 3027000000, "interestIncome": 22000000, "interestExpense": 199000000, "depreciationAndAmortization": 485500000, "ebitda": 1456800000, "ebitdaratio": 0.3659565916, "operatingIncome": 936300000, "operatingIncomeRatio": 0.2352039791, "totalOtherIncomeExpensesNet": -216500000, "incomeBeforeTax": 737300000, "incomeBeforeTaxRatio": 0.1852140273, "incomeTaxExpense": 481900000, "netIncome": 255400000, "netIncomeRatio": 0.0641579582, "eps": 0.52, "epsdiluted": 0.51, "weightedAverageShsOut": 495922330, "weightedAverageShsOutDil": 497800000, "link": "https://www.sec.gov/Archives/edgar/data/827054/000162828018006982/0001628280-18-006982-index.htm", "finalLink": "https://www.sec.gov/Archives/edgar/data/827054/000162828018006982/a2018-03x3110k.htm", "calculatedOtherExpenses": 503000000, "calculatedOperatingExpenses": 1484400000, "calculatedNetInterest": -177000000, "calculatedOtherIncome": -22000000, "calculatedIncomeNonControlling": 0, "calculatedEbitda": 1421800000}, {"date": "2017-03-31", "symbol": "MCHP", "reportedCurrency": "USD", "cik": "0000827054", "fillingDate": "2017-05-30", "acceptedDate": "2017-05-30 16:42:18", "calendarYear": "2017", "period": "FY", "revenue": 3407807000, "costOfRevenue": 1650611000, "grossProfit": 1757196000, "grossProfitRatio": 0.5156383563, "researchAndDevelopmentExpenses": 545293000, "generalAndAdministrativeExpenses": 499811000, "sellingAndMarketingExpenses": 0, "sellingGeneralAndAdministrativeExpenses": 499811000, "otherExpenses": -185808000, "operatingExpenses": 1382771000, "costAndExpenses": 3033382000, "interestIncome": 3079000, "interestExpense": 146346000, "depreciationAndAmortization": 337667000, "ebitda": 810700000, "ebitdaratio": 0.2378949277, "operatingIncome": 275817000, "operatingIncomeRatio": 0.0809368019, "totalOtherIncomeExpensesNet": -284638000, "incomeBeforeTax": 89787000, "incomeBeforeTaxRatio": 0.0263474428, "incomeTaxExpense": -80805000, "netIncome": 164639000, "netIncomeRatio": 0.0483123017, "eps": 0.38, "epsdiluted": 0.36, "weightedAverageShsOut": 434392000, "weightedAverageShsOutDil": 469612000, "link": "https://www.sec.gov/Archives/edgar/data/827054/000082705417000098/0000827054-17-000098-index.htm", "finalLink": "https://www.sec.gov/Archives/edgar/data/827054/000082705417000098/a2017-03x3110k.htm", "calculatedOtherExpenses": 436275000, "calculatedOperatingExpenses": 1481379000, "calculatedNetInterest": -143267000, "calculatedOtherIncome": -42763000, "calculatedIncomeNonControlling": 5953000, "calculatedEbitda": 613484000}, {"date": "2016-03-31", "symbol": "MCHP", "reportedCurrency": "USD", "cik": "0000827054", "fillingDate": "2016-05-24", "acceptedDate": "2016-05-24 17:13:41", "calendarYear": "2016", "period": "FY", "revenue": 2173334000, "costOfRevenue": 967870000, "grossProfit": 1205464000, "grossProfitRatio": 0.5546611796, "researchAndDevelopmentExpenses": 372596000, "generalAndAdministrativeExpenses": 301670000, "sellingAndMarketingExpenses": 0, "sellingGeneralAndAdministrativeExpenses": 301670000, "otherExpenses": -70707000, "operatingExpenses": 849162000, "costAndExpenses": 1817032000, "interestIncome": 24447000, "interestExpense": 104018000, "depreciationAndAmortization": 174896000, "ebitda": 535155000, "ebitdaratio": 0.2462368877, "operatingIncome": 352345000, "operatingIncomeRatio": 0.1621218828, "totalOtherIncomeExpensesNet": -75009000, "incomeBeforeTax": 281293000, "incomeBeforeTaxRatio": 0.1294292548, "incomeTaxExpense": -42632000, "netIncome": 324132000, "netIncomeRatio": 0.149140445, "eps": 0.8, "epsdiluted": 0.75, "weightedAverageShsOut": 406768000, "weightedAverageShsOutDil": 434776000, "link": "https://www.sec.gov/Archives/edgar/data/827054/000082705416000344/0000827054-16-000344-index.htm", "finalLink": "https://www.sec.gov/Archives/edgar/data/827054/000082705416000344/a2016-03x3110k.htm", "calculatedOtherExpenses": 178853000, "calculatedOperatingExpenses": 853119000, "calculatedNetInterest": -79571000, "calculatedOtherIncome": 8519000, "calculatedIncomeNonControlling": -207000, "calculatedEbitda": 527241000}, {"date": "2015-03-31", "symbol": "MCHP", "reportedCurrency": "USD", "cik": "0000827054", "fillingDate": "2015-05-27", "acceptedDate": "2015-05-26 20:46:13", "calendarYear": "2015", "period": "FY", "revenue": 2147036000, "costOfRevenue": 917472000, "grossProfit": 1229564000, "grossProfitRatio": 0.5726797315, "researchAndDevelopmentExpenses": 349543000, "generalAndAdministrativeExpenses": 274815000, "sellingAndMarketingExpenses": 0, "sellingGeneralAndAdministrativeExpenses": 274815000, "otherExpenses": -79396000, "operatingExpenses": 801104000, "costAndExpenses": 1718576000, "interestIncome": 19527000, "interestExpense": 62034000, "depreciationAndAmortization": 176746000, "ebitda": 608046000, "ebitdaratio": 0.2832025173, "operatingIncome": 425620000, "operatingIncomeRatio": 0.1982360799, "totalOtherIncomeExpensesNet": -82553000, "incomeBeforeTax": 345907000, "incomeBeforeTaxRatio": 0.1611090825, "incomeTaxExpense": -19418000, "netIncome": 369009000, "netIncomeRatio": 0.1718690325, "eps": 0.92, "epsdiluted": 0.83, "weightedAverageShsOut": 401874000, "weightedAverageShsOutDil": 447122000, "link": "https://www.sec.gov/Archives/edgar/data/827054/000082705415000103/0000827054-15-000103-index.htm", "finalLink": "https://www.sec.gov/Archives/edgar/data/827054/000082705415000103/a2015-03x3110k.htm", "calculatedOtherExpenses": 179586000, "calculatedOperatingExpenses": 803944000, "calculatedNetInterest": -42507000, "calculatedOtherIncome": -37206000, "calculatedIncomeNonControlling": -3684000, "calculatedEbitda": 602366000}, {"date": "2014-03-31", "symbol": "MCHP", "reportedCurrency": "USD", "cik": "0000827054", "fillingDate": "2014-05-30", "acceptedDate": "2014-05-30 16:17:14", "calendarYear": "2014", "period": "FY", "revenue": 1931217000, "costOfRevenue": 802474000, "grossProfit": 1128743000, "grossProfitRatio": 0.5844723819, "researchAndDevelopmentExpenses": 305043000, "generalAndAdministrativeExpenses": 267278000, "sellingAndMarketingExpenses": 0, "sellingGeneralAndAdministrativeExpenses": 267278000, "otherExpenses": -26333000, "operatingExpenses": 666855000, "costAndExpenses": 1469329000, "interestIncome": 16485000, "interestExpense": 48716000, "depreciationAndAmortization": 94534000, "ebitda": 559446000, "ebitdaratio": 0.2896857267, "operatingIncome": 458864000, "operatingIncomeRatio": 0.2376035422, "totalOtherIncomeExpensesNet": -29534000, "incomeBeforeTax": 432354000, "incomeBeforeTaxRatio": 0.2238764468, "incomeTaxExpense": 37073000, "netIncome": 395281000, "netIncomeRatio": 0.2046797434, "eps": 1, "epsdiluted": 0.91, "weightedAverageShsOut": 396582000, "weightedAverageShsOutDil": 435260000, "link": "https://www.sec.gov/Archives/edgar/data/827054/000082705414000140/0000827054-14-000140-index.htm", "finalLink": "https://www.sec.gov/Archives/edgar/data/827054/000082705414000140/a2014-03x3110k.htm", "calculatedOtherExpenses": 97558000, "calculatedOperatingExpenses": 669879000, "calculatedNetInterest": -32231000, "calculatedOtherIncome": 5721000, "calculatedIncomeNonControlling": 0, "calculatedEbitda": 553398000}, {"date": "2013-03-31", "symbol": "MCHP", "reportedCurrency": "USD", "cik": "0000827054", "fillingDate": "2013-05-30", "acceptedDate": "2013-05-30 14:55:45", "calendarYear": "2013", "period": "FY", "revenue": 1581623000, "costOfRevenue": 743164000, "grossProfit": 838459000, "grossProfitRatio": 0.5301257, "researchAndDevelopmentExpenses": 254723000, "generalAndAdministrativeExpenses": 261471000, "sellingAndMarketingExpenses": 0, "sellingGeneralAndAdministrativeExpenses": 261471000, "otherExpenses": -25759000, "operatingExpenses": 627731000, "costAndExpenses": 1370895000, "interestIncome": 15560000, "interestExpense": 40915000, "depreciationAndAmortization": 111537000, "ebitda": 354440000, "ebitdaratio": 0.2240989161, "operatingIncome": 178553000, "operatingIncomeRatio": 0.1128922632, "totalOtherIncomeExpensesNet": -58551000, "incomeBeforeTax": 152177000, "incomeBeforeTaxRatio": 0.0962157227, "incomeTaxExpense": 24788000, "netIncome": 127389000, "netIncomeRatio": 0.0805432142, "eps": 0.33, "epsdiluted": 0.31, "weightedAverageShsOut": 389190000, "weightedAverageShsOutDil": 411552000, "link": "https://www.sec.gov/Archives/edgar/data/827054/000082705413000171/0000827054-13-000171-index.htm", "finalLink": "https://www.sec.gov/Archives/edgar/data/827054/000082705413000171/a2013-03x3110k.htm", "calculatedOtherExpenses": 143712000, "calculatedOperatingExpenses": 659906000, "calculatedNetInterest": -25355000, "calculatedOtherIncome": -1021000, "calculatedIncomeNonControlling": 0, "calculatedEbitda": 290090000}, {"date": "2012-03-31", "symbol": "MCHP", "reportedCurrency": "USD", "cik": "0000827054", "fillingDate": "2012-05-30", "acceptedDate": "2012-05-30 13:24:31", "calendarYear": "2012", "period": "FY", "revenue": 1383176000, "costOfRevenue": 590782000, "grossProfit": 792394000, "grossProfitRatio": 0.5728800962, "researchAndDevelopmentExpenses": 182650000, "generalAndAdministrativeExpenses": 212391000, "sellingAndMarketingExpenses": 0, "sellingGeneralAndAdministrativeExpenses": 212391000, "otherExpenses": 0, "operatingExpenses": 395041000, "costAndExpenses": 985823000, "interestIncome": 17992000, "interestExpense": 34266000, "depreciationAndAmortization": 99424000, "ebitda": 414816000, "ebitdaratio": 0.2999010972, "operatingIncome": 396516000, "operatingIncomeRatio": 0.2866706768, "totalOtherIncomeExpensesNet": -17658000, "incomeBeforeTax": 379695000, "incomeBeforeTaxRatio": 0.2745095346, "incomeTaxExpense": 42990000, "netIncome": 336705000, "netIncomeRatio": 0.2434288912, "eps": 0.88, "epsdiluted": 0.83, "weightedAverageShsOut": 382566000, "weightedAverageShsOutDil": 407038000, "link": "https://www.sec.gov/Archives/edgar/data/827054/000082705412000170/0000827054-12-000170-index.htm", "finalLink": "https://www.sec.gov/Archives/edgar/data/827054/000082705412000170/a2012-03x3110k.htm", "calculatedOtherExpenses": 837000, "calculatedOperatingExpenses": 395878000, "calculatedNetInterest": -16274000, "calculatedOtherIncome": -547000, "calculatedIncomeNonControlling": 0, "calculatedEbitda": 495940000}, {"date": "2011-03-31", "symbol": "MCHP", "reportedCurrency": "USD", "cik": "0000827054", "fillingDate": "2011-05-31", "acceptedDate": "2011-05-31 15:47:54", "calendarYear": "2011", "period": "FY", "revenue": 1487205000, "costOfRevenue": 612769000, "grossProfit": 874436000, "grossProfitRatio": 0.5879727408, "researchAndDevelopmentExpenses": 170607000, "generalAndAdministrativeExpenses": 0, "sellingAndMarketingExpenses": 0, "sellingGeneralAndAdministrativeExpenses": 227781000, "otherExpenses": 227781000, "operatingExpenses": 398388000, "costAndExpenses": 1011157000, "interestIncome": 16002000, "interestExpense": 31521000, "depreciationAndAmortization": 106612000, "ebitda": 491555000, "ebitdaratio": 0.3305226919, "operatingIncome": 474183000, "operatingIncomeRatio": 0.3188417199, "totalOtherIncomeExpensesNet": -15350000, "incomeBeforeTax": 460698000, "incomeBeforeTaxRatio": 0.3097743754, "incomeTaxExpense": 31531000, "netIncome": 418950000, "netIncomeRatio": 0.281702926, "eps": 1.12, "epsdiluted": 1.08, "weightedAverageShsOut": 374132000, "weightedAverageShsOutDil": 389430000, "link": "https://www.sec.gov/Archives/edgar/data/827054/000082705411000157/0000827054-11-000157-index.htm", "finalLink": "https://www.sec.gov/Archives/edgar/data/827054/000082705411000157/form10_k.htm", "calculatedOtherExpenses": 1865000, "calculatedOperatingExpenses": 400253000, "calculatedNetInterest": -15519000, "calculatedOtherIncome": 2034000, "calculatedIncomeNonControlling": 10217000, "calculatedEbitda": 580795000}, {"date": "2010-03-31", "symbol": "MCHP", "reportedCurrency": "USD", "cik": "0000827054", "fillingDate": "2010-06-02", "acceptedDate": "2010-06-01 20:11:19", "calendarYear": "2010", "period": "FY", "revenue": 947729000, "costOfRevenue": 413487000, "grossProfit": 534242000, "grossProfitRatio": 0.5637075578, "researchAndDevelopmentExpenses": 120823000, "generalAndAdministrativeExpenses": 167222000, "sellingAndMarketingExpenses": 0, "sellingGeneralAndAdministrativeExpenses": 167222000, "otherExpenses": 0, "operatingExpenses": 288045000, "costAndExpenses": 701532000, "interestIncome": 15325000, "interestExpense": 31150000, "depreciationAndAmortization": 90057000, "ebitda": 254581000, "ebitdaratio": 0.2686221483, "operatingIncome": 244959000, "operatingIncomeRatio": 0.258469457, "totalOtherIncomeExpensesNet": -8384000, "incomeBeforeTax": 237813000, "incomeBeforeTaxRatio": 0.2509293268, "incomeTaxExpense": 20808000, "netIncome": 217005000, "netIncomeRatio": 0.2289736834, "eps": 0.59, "epsdiluted": 0.58, "weightedAverageShsOut": 367284000, "weightedAverageShsOutDil": 374678000, "link": "https://www.sec.gov/Archives/edgar/data/827054/000114036110023724/0001140361-10-023724-index.htm", "finalLink": "https://www.sec.gov/Archives/edgar/data/827054/000114036110023724/form10_k.htm", "calculatedOtherExpenses": 1238000, "calculatedOperatingExpenses": 289283000, "calculatedNetInterest": -15825000, "calculatedOtherIncome": 8679000, "calculatedIncomeNonControlling": 0, "calculatedEbitda": 335016000}, {"date": "2009-03-31", "symbol": "MCHP", "reportedCurrency": "USD", "cik": "0000827054", "fillingDate": "2009-05-29", "acceptedDate": "2009-05-29 17:23:40", "calendarYear": "2009", "period": "FY", "revenue": 903297000, "costOfRevenue": 386793000, "grossProfit": 516504000, "grossProfitRatio": 0.5717986443, "researchAndDevelopmentExpenses": 115524000, "generalAndAdministrativeExpenses": 161218000, "sellingAndMarketingExpenses": 0, "sellingGeneralAndAdministrativeExpenses": 161218000, "otherExpenses": 0, "operatingExpenses": 276742000, "costAndExpenses": 663535000, "interestIncome": 32545000, "interestExpense": 24269000, "depreciationAndAmortization": 96046000, "ebitda": 368353000, "ebitdaratio": 0.4077872505, "operatingIncome": 233328000, "operatingIncomeRatio": 0.2583070684, "totalOtherIncomeExpensesNet": -10788000, "incomeBeforeTax": 237250000, "incomeBeforeTaxRatio": 0.2626489405, "incomeTaxExpense": -11570000, "netIncome": 248820000, "netIncomeRatio": 0.2754575738, "eps": 0.67, "epsdiluted": 0.66, "weightedAverageShsOut": 366316000, "weightedAverageShsOutDil": 373576000, "link": "https://www.sec.gov/Archives/edgar/data/827054/000082705409000103/0000827054-09-000103-index.htm", "finalLink": "https://www.sec.gov/Archives/edgar/data/827054/000082705409000103/form10-k.htm", "calculatedOtherExpenses": 6434000, "calculatedOperatingExpenses": 283176000, "calculatedNetInterest": 8276000, "calculatedOtherIncome": -4354000, "calculatedIncomeNonControlling": 0, "calculatedEbitda": 329374000}, {"date": "2008-03-31", "symbol": "MCHP", "reportedCurrency": "USD", "cik": "0000827054", "fillingDate": "2008-05-28", "acceptedDate": "2008-05-28 13:36:33", "calendarYear": "2008", "period": "FY", "revenue": 1035737000, "costOfRevenue": 410799000, "grossProfit": 624938000, "grossProfitRatio": 0.6033751812, "researchAndDevelopmentExpenses": 120864000, "generalAndAdministrativeExpenses": 175646000, "sellingAndMarketingExpenses": 0, "sellingGeneralAndAdministrativeExpenses": 175646000, "otherExpenses": 0, "operatingExpenses": 296510000, "costAndExpenses": 707309000, "interestIncome": 54851000, "interestExpense": -7966000, "depreciationAndAmortization": 100317000, "ebitda": 453073000, "ebitdaratio": 0.4374401996, "operatingIncome": 301665000, "operatingIncomeRatio": 0.2912563711, "totalOtherIncomeExpensesNet": -24328000, "incomeBeforeTax": 350985000, "incomeBeforeTaxRatio": 0.3388746371, "incomeTaxExpense": 53237000, "netIncome": 297748000, "netIncomeRatio": 0.287474523, "eps": 0.72, "epsdiluted": 0.7, "weightedAverageShsOut": 414440000, "weightedAverageShsOutDil": 424096000, "link": "https://www.sec.gov/Archives/edgar/data/827054/000082705408000120/0000827054-08-000120-index.htm", "finalLink": "https://www.sec.gov/Archives/edgar/data/827054/000082705408000120/form10-k.htm", "calculatedOtherExpenses": 26763000, "calculatedOperatingExpenses": 323273000, "calculatedNetInterest": 62817000, "calculatedOtherIncome": -13497000, "calculatedIncomeNonControlling": 0, "calculatedEbitda": 401982000}, {"date": "2007-03-31", "symbol": "MCHP", "reportedCurrency": "USD", "cik": "0000827054", "fillingDate": "2007-05-25", "acceptedDate": "2007-05-25 16:57:49", "calendarYear": "2007", "period": "FY", "revenue": 1039671000, "costOfRevenue": 414915000, "grossProfit": 624756000, "grossProfitRatio": 0.6009170209, "researchAndDevelopmentExpenses": 113698000, "generalAndAdministrativeExpenses": 163247000, "sellingAndMarketingExpenses": 0, "sellingGeneralAndAdministrativeExpenses": 163247000, "otherExpenses": 0, "operatingExpenses": 276945000, "costAndExpenses": 691860000, "interestIncome": 58383000, "interestExpense": -5416000, "depreciationAndAmortization": 116171000, "ebitda": 463670000, "ebitdaratio": 0.4459776218, "operatingIncome": 347811000, "operatingIncomeRatio": 0.3345394841, "totalOtherIncomeExpensesNet": 312000, "incomeBeforeTax": 401090000, "incomeBeforeTaxRatio": 0.3857855033, "incomeTaxExpense": 44061000, "netIncome": 357029000, "netIncomeRatio": 0.3434057505, "eps": 0.83, "epsdiluted": 0.81, "weightedAverageShsOut": 430996000, "weightedAverageShsOutDil": 441696000, "link": "https://www.sec.gov/Archives/edgar/data/827054/000082705407000095/0000827054-07-000095-index.htm", "finalLink": "https://www.sec.gov/Archives/edgar/data/827054/000082705407000095/form10-k.htm", "calculatedOtherExpenses": 0, "calculatedOperatingExpenses": 276945000, "calculatedNetInterest": 63799000, "calculatedOtherIncome": -10520000, "calculatedIncomeNonControlling": 0, "calculatedEbitda": 463982000}, {"date": "2006-03-31", "symbol": "MCHP", "reportedCurrency": "USD", "cik": "0000827054", "fillingDate": "2006-05-31", "acceptedDate": "2006-05-31 17:30:13", "calendarYear": "2006", "period": "FY", "revenue": 927893000, "costOfRevenue": 377016000, "grossProfit": 550877000, "grossProfitRatio": 0.5936859099, "researchAndDevelopmentExpenses": 94926000, "generalAndAdministrativeExpenses": 129587000, "sellingAndMarketingExpenses": 0, "sellingGeneralAndAdministrativeExpenses": 129587000, "otherExpenses": 0, "operatingExpenses": 224513000, "costAndExpenses": 601529000, "interestIncome": 32753000, "interestExpense": -1967000, "depreciationAndAmortization": 110682000, "ebitda": 435011000, "ebitdaratio": 0.4688159087, "operatingIncome": 326364000, "operatingIncomeRatio": 0.3517258994, "totalOtherIncomeExpensesNet": 2035000, "incomeBeforeTax": 359185000, "incomeBeforeTaxRatio": 0.3870974347, "incomeTaxExpense": 116816000, "netIncome": 242369000, "netIncomeRatio": 0.2612036086, "eps": 0.57, "epsdiluted": 0.56, "weightedAverageShsOut": 420208000, "weightedAverageShsOutDil": 430048000, "link": "https://www.sec.gov/Archives/edgar/data/827054/000110465906038580/0001104659-06-038580-index.htm", "finalLink": "https://www.sec.gov/Archives/edgar/data/827054/000110465906038580/a06-12509_110k.htm", "calculatedOtherExpenses": 0, "calculatedOperatingExpenses": 224513000, "calculatedNetInterest": 34720000, "calculatedOtherIncome": -1899000, "calculatedIncomeNonControlling": 0, "calculatedEbitda": 437046000}, {"date": "2005-03-31", "symbol": "MCHP", "reportedCurrency": "USD", "cik": "0000827054", "fillingDate": "2005-05-23", "acceptedDate": "2005-05-23 17:04:03", "calendarYear": "2005", "period": "FY", "revenue": 846936000, "costOfRevenue": 362961000, "grossProfit": 483975000, "grossProfitRatio": 0.5714422341, "researchAndDevelopmentExpenses": 93040000, "generalAndAdministrativeExpenses": 111188000, "sellingAndMarketingExpenses": 0, "sellingGeneralAndAdministrativeExpenses": 111188000, "otherExpenses": 21100000, "operatingExpenses": 225328000, "costAndExpenses": 588289000, "interestIncome": 17804000, "interestExpense": -940000, "depreciationAndAmortization": 120466000, "ebitda": 398456000, "ebitdaratio": 0.4704676623, "operatingIncome": 258647000, "operatingIncomeRatio": 0.3053914345, "totalOtherIncomeExpensesNet": -19343000, "incomeBeforeTax": 277268000, "incomeBeforeTaxRatio": 0.3273777476, "incomeTaxExpense": 63483000, "netIncome": 213785000, "netIncomeRatio": 0.2524216706, "eps": 0.52, "epsdiluted": 0.51, "weightedAverageShsOut": 413480000, "weightedAverageShsOutDil": 423924000, "link": "https://www.sec.gov/Archives/edgar/data/827054/000110465905025010/0001104659-05-025010-index.htm", "finalLink": "https://www.sec.gov/Archives/edgar/data/827054/000110465905025010/a05-9691_110k.htm", "calculatedOtherExpenses": 21100000, "calculatedOperatingExpenses": 225328000, "calculatedNetInterest": 18744000, "calculatedOtherIncome": -123000, "calculatedIncomeNonControlling": 0, "calculatedEbitda": 379113000}, {"date": "2004-03-31", "symbol": "MCHP", "reportedCurrency": "USD", "cik": "0000827054", "fillingDate": "2004-06-03", "acceptedDate": "2004-06-03 17:08:10", "calendarYear": "2004", "period": "FY", "revenue": 699260000, "costOfRevenue": 349301000, "grossProfit": 349959000, "grossProfitRatio": 0.5004704974, "researchAndDevelopmentExpenses": 85389000, "generalAndAdministrativeExpenses": 92411000, "sellingAndMarketingExpenses": 0, "sellingGeneralAndAdministrativeExpenses": 92411000, "otherExpenses": 865000, "operatingExpenses": 178665000, "costAndExpenses": 527966000, "interestIncome": 4888000, "interestExpense": -249000, "depreciationAndAmortization": 111627000, "ebitda": 281823000, "ebitdaratio": 0.4030303464, "operatingIncome": 171294000, "operatingIncomeRatio": 0.2449646769, "totalOtherIncomeExpensesNet": 1098000, "incomeBeforeTax": 177896000, "incomeBeforeTaxRatio": 0.2544060864, "incomeTaxExpense": 40634000, "netIncome": 137262000, "netIncomeRatio": 0.1962960844, "eps": 0.34, "epsdiluted": 0.33, "weightedAverageShsOut": 412064000, "weightedAverageShsOutDil": 424344000, "link": "https://www.sec.gov/Archives/edgar/data/827054/000110465904016118/0001104659-04-016118-index.htm", "finalLink": "https://www.sec.gov/Archives/edgar/data/827054/000110465904016118/a04-6586_110k.htm", "calculatedOtherExpenses": 865000, "calculatedOperatingExpenses": 178665000, "calculatedNetInterest": 5137000, "calculatedOtherIncome": 1465000, "calculatedIncomeNonControlling": 0, "calculatedEbitda": 282921000}, {"date": "2003-03-31", "symbol": "MCHP", "reportedCurrency": "USD", "cik": "0000827054", "fillingDate": "2003-06-05", "acceptedDate": "2003-06-05 14:55:32", "calendarYear": "2003", "period": "FY", "revenue": 651462000, "costOfRevenue": 299227000, "grossProfit": 352235000, "grossProfitRatio": 0.5406838772, "researchAndDevelopmentExpenses": 87963000, "generalAndAdministrativeExpenses": 89355000, "sellingAndMarketingExpenses": 0, "sellingGeneralAndAdministrativeExpenses": 89355000, "otherExpenses": 50800000, "operatingExpenses": 228118000, "costAndExpenses": 527345000, "interestIncome": 0, "interestExpense": 0, "depreciationAndAmortization": 111076000, "ebitda": 285122000, "ebitdaratio": 0.4376648216, "operatingIncome": 124117000, "operatingIncomeRatio": 0.1905207057, "totalOtherIncomeExpensesNet": -49929000, "incomeBeforeTax": 128332000, "incomeBeforeTaxRatio": 0.1969907685, "incomeTaxExpense": 28657000, "netIncome": 88232000, "netIncomeRatio": 0.1354369096, "eps": 0.22, "epsdiluted": 0.21, "weightedAverageShsOut": 404966000, "weightedAverageShsOutDil": 421292000, "link": "https://www.sec.gov/Archives/edgar/data/827054/000095014703000708/0000950147-03-000708-index.htm", "finalLink": "https://www.sec.gov/Archives/edgar/data/827054/000095014703000708/e-10068.txt", "calculatedOtherExpenses": 50800000, "calculatedOperatingExpenses": 228118000, "calculatedNetInterest": 0, "calculatedOtherIncome": 4215000, "calculatedIncomeNonControlling": 11443000, "calculatedEbitda": 235193000}, {"date": "2002-03-31", "symbol": "MCHP", "reportedCurrency": "USD", "cik": "0000827054", "fillingDate": "2002-06-03", "acceptedDate": "2002-06-03 14:08:45", "calendarYear": "2002", "period": "FY", "revenue": 571254000, "costOfRevenue": 284518000, "grossProfit": 286736000, "grossProfitRatio": 0.5019413431, "researchAndDevelopmentExpenses": 81650000, "generalAndAdministrativeExpenses": 82615000, "sellingAndMarketingExpenses": 0, "sellingGeneralAndAdministrativeExpenses": 82615000, "otherExpenses": 0, "operatingExpenses": 164265000, "costAndExpenses": 448783000, "interestIncome": 0, "interestExpense": 0, "depreciationAndAmortization": 109039000, "ebitda": 231134000, "ebitdaratio": 0.4046081078, "operatingIncome": 122471000, "operatingIncomeRatio": 0.2143897461, "totalOtherIncomeExpensesNet": 376000, "incomeBeforeTax": 127191000, "incomeBeforeTaxRatio": 0.2226522703, "incomeTaxExpense": 32377000, "netIncome": 94814000, "netIncomeRatio": 0.1659752054, "eps": 0.24, "epsdiluted": 0.23, "weightedAverageShsOut": 398368000, "weightedAverageShsOutDil": 417814000, "link": "https://www.sec.gov/Archives/edgar/data/827054/000095014702000745/0000950147-02-000745-index.htm", "finalLink": "https://www.sec.gov/Archives/edgar/data/827054/000095014702000745/e-8573.txt", "calculatedOtherExpenses": 0, "calculatedOperatingExpenses": 164265000, "calculatedNetInterest": 0, "calculatedOtherIncome": 4720000, "calculatedIncomeNonControlling": 0, "calculatedEbitda": 231510000}, {"date": "2001-03-31", "symbol": "MCHP", "reportedCurrency": "USD", "cik": "0000827054", "fillingDate": "2001-05-15", "acceptedDate": "2001-05-15 00:00:00", "calendarYear": "2001", "period": "FY", "revenue": 715730000, "costOfRevenue": 335016000, "grossProfit": 380714000, "grossProfitRatio": 0.5319240496, "researchAndDevelopmentExpenses": 78595000, "generalAndAdministrativeExpenses": 102620000, "sellingAndMarketingExpenses": 0, "sellingGeneralAndAdministrativeExpenses": 102620000, "otherExpenses": 17358000, "operatingExpenses": 198573000, "costAndExpenses": 533589000, "interestIncome": 0, "interestExpense": 0, "depreciationAndAmortization": 104326000, "ebitda": 302508000, "ebitdaratio": 0.4226565884, "operatingIncome": 182141000, "operatingIncomeRatio": 0.2544828357, "totalOtherIncomeExpensesNet": -16041000, "incomeBeforeTax": 196199000, "incomeBeforeTaxRatio": 0.2741243206, "incomeTaxExpense": 53363000, "netIncome": 142836000, "netIncomeRatio": 0.1995668758, "eps": 0.37, "epsdiluted": 0.35, "weightedAverageShsOut": 387264000, "weightedAverageShsOutDil": 410380000, "link": "https://www.sec.gov/Archives/edgar/data/827054/000095014701500896/0000950147-01-500896-index.htm", "finalLink": "https://www.sec.gov/Archives/edgar/data/827054/000095014701500896/e-6787.txt", "calculatedOtherExpenses": 17358000, "calculatedOperatingExpenses": 198573000, "calculatedNetInterest": 0, "calculatedOtherIncome": 14058000, "calculatedIncomeNonControlling": 0, "calculatedEbitda": 286467000}, {"date": "2000-03-31", "symbol": "MCHP", "reportedCurrency": "USD", "cik": "0000827054", "fillingDate": "2000-06-07", "acceptedDate": "2000-06-07 00:00:00", "calendarYear": "2000", "period": "FY", "revenue": 495729000, "costOfRevenue": 237985000, "grossProfit": 257744000, "grossProfitRatio": 0.5199292355, "researchAndDevelopmentExpenses": 45571000, "generalAndAdministrativeExpenses": 76743000, "sellingAndMarketingExpenses": 0, "sellingGeneralAndAdministrativeExpenses": 76743000, "otherExpenses": -2400000, "operatingExpenses": 119914000, "costAndExpenses": 357899000, "interestIncome": 0, "interestExpense": 0, "depreciationAndAmortization": 68472000, "ebitda": 203132000, "ebitdaratio": 0.4097642058, "operatingIncome": 137830000, "operatingIncomeRatio": 0.2780349748, "totalOtherIncomeExpensesNet": 3170000, "incomeBeforeTax": 139784000, "incomeBeforeTaxRatio": 0.2819766445, "incomeTaxExpense": 37740000, "netIncome": 102044000, "netIncomeRatio": 0.2058463394, "eps": 0.31, "epsdiluted": 0.29, "weightedAverageShsOut": 366942000, "weightedAverageShsOutDil": 391017000, "link": "https://www.sec.gov/Archives/edgar/data/827054/000095014700000885/0000950147-00-000885-index.htm", "finalLink": "https://www.sec.gov/Archives/edgar/data/827054/000095014700000885/0000950147-00-000885-0001.txt", "calculatedOtherExpenses": -2400000, "calculatedOperatingExpenses": 119914000, "calculatedNetInterest": 0, "calculatedOtherIncome": 1954000, "calculatedIncomeNonControlling": 0, "calculatedEbitda": 206302000}, {"date": "1999-03-31", "symbol": "MCHP", "reportedCurrency": "USD", "cik": "0000827054", "fillingDate": "1999-05-18", "acceptedDate": "1999-05-18 00:00:00", "calendarYear": "1999", "period": "FY", "revenue": 406460000, "costOfRevenue": 203574000, "grossProfit": 202886000, "grossProfitRatio": 0.4991536683, "researchAndDevelopmentExpenses": 40787000, "generalAndAdministrativeExpenses": 63006000, "sellingAndMarketingExpenses": 0, "sellingGeneralAndAdministrativeExpenses": 63006000, "otherExpenses": 28937000, "operatingExpenses": 132730000, "costAndExpenses": 336304000, "interestIncome": 0, "interestExpense": 0, "depreciationAndAmortization": 65151000, "ebitda": 163579000, "ebitdaratio": 0.4024479654, "operatingIncome": 70156000, "operatingIncomeRatio": 0.1726024701, "totalOtherIncomeExpensesNet": -28272000, "incomeBeforeTax": 68611000, "incomeBeforeTaxRatio": 0.1688013581, "incomeTaxExpense": 18523000, "netIncome": 50088000, "netIncomeRatio": 0.1232298381, "eps": 0.13, "epsdiluted": 0.12, "weightedAverageShsOut": 370500000, "weightedAverageShsOutDil": 386646000, "link": "https://www.sec.gov/Archives/edgar/data/827054/000095014799000520/0000950147-99-000520-index.html", "finalLink": "https://www.sec.gov/Archives/edgar/data/827054/", "calculatedOtherExpenses": 28937000, "calculatedOperatingExpenses": 132730000, "calculatedNetInterest": 0, "calculatedOtherIncome": -1545000, "calculatedIncomeNonControlling": 0, "calculatedEbitda": 135307000}, {"date": "1998-03-31", "symbol": "MCHP", "reportedCurrency": "USD", "cik": "0000827054", "fillingDate": "1998-05-27", "acceptedDate": "1998-05-27 00:00:00", "calendarYear": "1998", "period": "FY", "revenue": 396894000, "costOfRevenue": 199538000, "grossProfit": 197356000, "grossProfitRatio": 0.4972511552, "researchAndDevelopmentExpenses": 38362000, "generalAndAdministrativeExpenses": 67549000, "sellingAndMarketingExpenses": 0, "sellingGeneralAndAdministrativeExpenses": 67549000, "otherExpenses": 5000000, "operatingExpenses": 110911000, "costAndExpenses": 310449000, "interestIncome": 0, "interestExpense": 0, "depreciationAndAmortization": 53768000, "ebitda": 144996000, "ebitdaratio": 0.3653267623, "operatingIncome": 86445000, "operatingIncomeRatio": 0.2178037461, "totalOtherIncomeExpensesNet": -4783000, "incomeBeforeTax": 88167000, "incomeBeforeTaxRatio": 0.222142436, "incomeTaxExpense": 23799000, "netIncome": 64368000, "netIncomeRatio": 0.1621793224, "eps": 0.16, "epsdiluted": 0.15, "weightedAverageShsOut": 386022000, "weightedAverageShsOutDil": 405849000, "link": "https://www.sec.gov/Archives/edgar/data/827054/000095014798000419/0000950147-98-000419-index.html", "finalLink": "https://www.sec.gov/Archives/edgar/data/827054/", "calculatedOtherExpenses": 5000000, "calculatedOperatingExpenses": 110911000, "calculatedNetInterest": 0, "calculatedOtherIncome": 1722000, "calculatedIncomeNonControlling": 0, "calculatedEbitda": 140213000}, {"date": "1997-03-31", "symbol": "MCHP", "reportedCurrency": "USD", "cik": "0000827054", "fillingDate": "1997-05-27", "acceptedDate": "1997-05-27 00:00:00", "calendarYear": "1997", "period": "FY", "revenue": 334252000, "costOfRevenue": 167330000, "grossProfit": 166922000, "grossProfitRatio": 0.499389682, "researchAndDevelopmentExpenses": 32073000, "generalAndAdministrativeExpenses": 56248000, "sellingAndMarketingExpenses": 0, "sellingGeneralAndAdministrativeExpenses": 56248000, "otherExpenses": 0, "operatingExpenses": 88321000, "costAndExpenses": 255651000, "interestIncome": 0, "interestExpense": 0, "depreciationAndAmortization": 40153000, "ebitda": 126010000, "ebitdaratio": 0.3769910128, "operatingIncome": 71057000, "operatingIncomeRatio": 0.2125851154, "totalOtherIncomeExpensesNet": -7256000, "incomeBeforeTax": 69493000, "incomeBeforeTaxRatio": 0.207906011, "incomeTaxExpense": 18361000, "netIncome": 51132000, "netIncomeRatio": 0.1529744025, "eps": 0.14, "epsdiluted": 0.14, "weightedAverageShsOut": 369110250, "weightedAverageShsOutDil": 369110250, "link": "https://www.sec.gov/Archives/edgar/data/827054/000095014797000358/0000950147-97-000358-index.html", "finalLink": "https://www.sec.gov/Archives/edgar/data/827054/", "calculatedOtherExpenses": 7544000, "calculatedOperatingExpenses": 95865000, "calculatedNetInterest": 0, "calculatedOtherIncome": -1564000, "calculatedIncomeNonControlling": 0, "calculatedEbitda": 111210000}, {"date": "1996-03-31", "symbol": "MCHP", "reportedCurrency": "USD", "cik": "0000827054", "fillingDate": "1996-03-31", "acceptedDate": "1996-03-30 19:00:00", "calendarYear": "1996", "period": "FY", "revenue": 285900000, "costOfRevenue": 107700000, "grossProfit": 178200000, "grossProfitRatio": 0.6232948583, "researchAndDevelopmentExpenses": 27500000, "generalAndAdministrativeExpenses": 0, "sellingAndMarketingExpenses": 0, "sellingGeneralAndAdministrativeExpenses": 48900000, "otherExpenses": 78900000, "operatingExpenses": 106400000, "costAndExpenses": 214100000, "interestIncome": 0, "interestExpense": 0, "depreciationAndAmortization": 30000000, "ebitda": 110600000, "ebitdaratio": 0.3868485484, "operatingIncome": 71800000, "operatingIncomeRatio": 0.2511367611, "totalOtherIncomeExpensesNet": -8800000, "incomeBeforeTax": 60000000, "incomeBeforeTaxRatio": 0.2098635887, "incomeTaxExpense": 16200000, "netIncome": 43800000, "netIncomeRatio": 0.1532004197, "eps": 0.13, "epsdiluted": 0.12, "weightedAverageShsOut": 345616665, "weightedAverageShsOutDil": 375240951, "link": "", "finalLink": "", "calculatedOtherExpenses": 30000000, "calculatedOperatingExpenses": 106400000, "calculatedNetInterest": 0, "calculatedOtherIncome": -11800000, "calculatedIncomeNonControlling": 0, "calculatedEbitda": 101800000}, {"date": "1995-03-31", "symbol": "MCHP", "reportedCurrency": "USD", "cik": "0000827054", "fillingDate": "1995-03-31", "acceptedDate": "1995-03-30 19:00:00", "calendarYear": "1995", "period": "FY", "revenue": 208000000, "costOfRevenue": 83800000, "grossProfit": 124200000, "grossProfitRatio": 0.5971153846, "researchAndDevelopmentExpenses": 20700000, "generalAndAdministrativeExpenses": 0, "sellingAndMarketingExpenses": 0, "sellingGeneralAndAdministrativeExpenses": 37000000, "otherExpenses": 54100000, "operatingExpenses": 74800000, "costAndExpenses": 158600000, "interestIncome": 0, "interestExpense": 0, "depreciationAndAmortization": 17100000, "ebitda": 64600000, "ebitdaratio": 0.3105769231, "operatingIncome": 49400000, "operatingIncomeRatio": 0.2375, "totalOtherIncomeExpensesNet": 1900000, "incomeBeforeTax": 49100000, "incomeBeforeTaxRatio": 0.2360576923, "incomeTaxExpense": 12800000, "netIncome": 36300000, "netIncomeRatio": 0.1745192308, "eps": 0.11, "epsdiluted": 0.1, "weightedAverageShsOut": 320134051, "weightedAverageShsOutDil": 351114765, "link": "", "finalLink": "", "calculatedOtherExpenses": 17100000, "calculatedOperatingExpenses": 74800000, "calculatedNetInterest": 0, "calculatedOtherIncome": -300000, "calculatedIncomeNonControlling": 0, "calculatedEbitda": 66500000}, {"date": "1994-03-31", "symbol": "MCHP", "reportedCurrency": "USD", "cik": "0000827054", "fillingDate": "1994-03-31", "acceptedDate": "1994-03-30 19:00:00", "calendarYear": "1994", "period": "FY", "revenue": 138700000, "costOfRevenue": 64500000, "grossProfit": 74200000, "grossProfitRatio": 0.5349675559, "researchAndDevelopmentExpenses": 0, "generalAndAdministrativeExpenses": 0, "sellingAndMarketingExpenses": 0, "sellingGeneralAndAdministrativeExpenses": 42400000, "otherExpenses": 50100000, "operatingExpenses": 50100000, "costAndExpenses": 114600000, "interestIncome": 0, "interestExpense": 0, "depreciationAndAmortization": 7700000, "ebitda": 30500000, "ebitdaratio": 0.2198990627, "operatingIncome": 24100000, "operatingIncomeRatio": 0.1737563086, "totalOtherIncomeExpensesNet": 1300000, "incomeBeforeTax": 24200000, "incomeBeforeTaxRatio": 0.1744772891, "incomeTaxExpense": 5000000, "netIncome": 19200000, "netIncomeRatio": 0.1384282624, "eps": 0.0634, "epsdiluted": 0.0634, "weightedAverageShsOut": 303006392, "weightedAverageShsOutDil": 303006392, "link": "", "finalLink": "", "calculatedOtherExpenses": 7700000, "calculatedOperatingExpenses": 50100000, "calculatedNetInterest": 0, "calculatedOtherIncome": 100000, "calculatedIncomeNonControlling": 0, "calculatedEbitda": 31800000}, {"date": "1993-03-31", "symbol": "MCHP", "reportedCurrency": "USD", "cik": "0000827054", "fillingDate": "1993-03-31", "acceptedDate": "1993-03-30 19:00:00", "calendarYear": "1993", "period": "FY", "revenue": 88700000, "costOfRevenue": 52300000, "grossProfit": 36400000, "grossProfitRatio": 0.4103720406, "researchAndDevelopmentExpenses": 0, "generalAndAdministrativeExpenses": 0, "sellingAndMarketingExpenses": 0, "sellingGeneralAndAdministrativeExpenses": 28200000, "otherExpenses": 30800000, "operatingExpenses": 30800000, "costAndExpenses": 83100000, "interestIncome": 0, "interestExpense": 0, "depreciationAndAmortization": 2600000, "ebitda": 7200000, "ebitdaratio": 0.0811724915, "operatingIncome": 5600000, "operatingIncomeRatio": 0.0631341601, "totalOtherIncomeExpensesNet": 1000000, "incomeBeforeTax": 4500000, "incomeBeforeTaxRatio": 0.0507328072, "incomeTaxExpense": 300000, "netIncome": 4200000, "netIncomeRatio": 0.0473506201, "eps": 0.02, "epsdiluted": 0.02, "weightedAverageShsOut": 209895052, "weightedAverageShsOutDil": 209895052, "link": "", "finalLink": "", "calculatedOtherExpenses": 2600000, "calculatedOperatingExpenses": 30800000, "calculatedNetInterest": 0, "calculatedOtherIncome": -1100000, "calculatedIncomeNonControlling": 0, "calculatedEbitda": 8200000}]}