{"originalCurrency": "USD", "convertedCurrency": "USD", "report": [{"date": "2024-03-31", "symbol": "MCK", "reportedCurrency": "USD", "cik": "0000927653", "fillingDate": "2024-05-08", "acceptedDate": "2024-05-07 17:35:09", "calendarYear": "2024", "period": "FY", "revenue": 308951000000, "costOfRevenue": 296749000000, "grossProfit": 12202000000, "grossProfitRatio": 0.0394949361, "researchAndDevelopmentExpenses": 77000000, "generalAndAdministrativeExpenses": 17326000000, "sellingAndMarketingExpenses": -8657000000, "sellingGeneralAndAdministrativeExpenses": 8198000000, "otherExpenses": 34000000, "operatingExpenses": 8275000000, "costAndExpenses": 305024000000, "interestIncome": 118000000, "interestExpense": 252000000, "depreciationAndAmortization": 635000000, "ebitda": 4562000000, "ebitdaratio": 0.0147660956, "operatingIncome": 3927000000, "operatingIncomeRatio": 0.0127107535, "totalOtherIncomeExpensesNet": -138000000, "incomeBeforeTax": 3789000000, "incomeBeforeTaxRatio": 0.0122640807, "incomeTaxExpense": 629000000, "netIncome": 3002000000, "netIncomeRatio": 0.0097167512, "eps": 22.54, "epsdiluted": 22.39, "weightedAverageShsOut": 133199999, "weightedAverageShsOutDil": 134100000, "link": "https://www.sec.gov/Archives/edgar/data/927653/000092765324000035/0000927653-24-000035-index.htm", "finalLink": "https://www.sec.gov/Archives/edgar/data/927653/000092765324000035/mck-20240331.htm", "calculatedOtherExpenses": 0, "calculatedOperatingExpenses": 8275000000, "calculatedNetInterest": -134000000, "calculatedOtherIncome": -4000000, "calculatedIncomeNonControlling": 158000000, "calculatedEbitda": 4562000000}, {"date": "2023-03-31", "symbol": "MCK", "reportedCurrency": "USD", "cik": "0000927653", "fillingDate": "2023-05-09", "acceptedDate": "2023-05-08 17:46:40", "calendarYear": "2023", "period": "FY", "revenue": 276711000000, "costOfRevenue": 264353000000, "grossProfit": 12358000000, "grossProfitRatio": 0.0446603135, "researchAndDevelopmentExpenses": 89000000, "generalAndAdministrativeExpenses": 15552000000, "sellingAndMarketingExpenses": -7776000000, "sellingGeneralAndAdministrativeExpenses": 7776000000, "otherExpenses": 497000000, "operatingExpenses": 7776000000, "costAndExpenses": 272129000000, "interestIncome": 107000000, "interestExpense": 248000000, "depreciationAndAmortization": 1306000000, "ebitda": 5687000000, "ebitdaratio": 0.0205521284, "operatingIncome": 4381000000, "operatingIncomeRatio": 0.0158324028, "totalOtherIncomeExpensesNet": 249000000, "incomeBeforeTax": 4630000000, "incomeBeforeTaxRatio": 0.0167322586, "incomeTaxExpense": 905000000, "netIncome": 3560000000, "netIncomeRatio": 0.0128654083, "eps": 25.23, "epsdiluted": 25.04, "weightedAverageShsOut": 141100000, "weightedAverageShsOutDil": 142200000, "link": "https://www.sec.gov/Archives/edgar/data/927653/000092765323000038/0000927653-23-000038-index.htm", "finalLink": "https://www.sec.gov/Archives/edgar/data/927653/000092765323000038/mck-20230331.htm", "calculatedOtherExpenses": 112000000, "calculatedOperatingExpenses": 7977000000, "calculatedNetInterest": -141000000, "calculatedOtherIncome": 390000000, "calculatedIncomeNonControlling": 165000000, "calculatedEbitda": 5687000000}, {"date": "2022-03-31", "symbol": "MCK", "reportedCurrency": "USD", "cik": "0000927653", "fillingDate": "2022-05-09", "acceptedDate": "2022-05-09 08:15:36", "calendarYear": "2022", "period": "FY", "revenue": 263966000000, "costOfRevenue": 250836000000, "grossProfit": 13130000000, "grossProfitRatio": 0.0497412546, "researchAndDevelopmentExpenses": 70000000, "generalAndAdministrativeExpenses": 21074000000, "sellingAndMarketingExpenses": -10537000000, "sellingGeneralAndAdministrativeExpenses": 10537000000, "otherExpenses": 259000000, "operatingExpenses": 10537000000, "costAndExpenses": 261373000000, "interestIncome": 10000000, "interestExpense": 178000000, "depreciationAndAmortization": 760000000, "ebitda": 3612000000, "ebitdaratio": 0.0136835805, "operatingIncome": 2852000000, "operatingIncomeRatio": 0.0108044218, "totalOtherIncomeExpensesNet": -924000000, "incomeBeforeTax": 1928000000, "incomeBeforeTaxRatio": 0.007303971, "incomeTaxExpense": 636000000, "netIncome": 1114000000, "netIncomeRatio": 0.0042202405, "eps": 7.31, "epsdiluted": 7.23, "weightedAverageShsOut": 152300000, "weightedAverageShsOutDil": 154100000, "link": "https://www.sec.gov/Archives/edgar/data/927653/000092765322000051/0000927653-22-000051-index.htm", "finalLink": "https://www.sec.gov/Archives/edgar/data/927653/000092765322000051/mck-20220331.htm", "calculatedOtherExpenses": -329000000, "calculatedOperatingExpenses": 10278000000, "calculatedNetInterest": -168000000, "calculatedOtherIncome": -756000000, "calculatedIncomeNonControlling": 178000000, "calculatedEbitda": 3612000000}, {"date": "2021-03-31", "symbol": "MCK", "reportedCurrency": "USD", "cik": "0000927653", "fillingDate": "2021-05-12", "acceptedDate": "2021-05-12 16:09:57", "calendarYear": "2021", "period": "FY", "revenue": 238228000000, "costOfRevenue": 226080000000, "grossProfit": 12148000000, "grossProfitRatio": 0.0509931662, "researchAndDevelopmentExpenses": 74000000, "generalAndAdministrativeExpenses": 17698000000, "sellingAndMarketingExpenses": -8849000000, "sellingGeneralAndAdministrativeExpenses": 8849000000, "otherExpenses": 223000000, "operatingExpenses": 8849000000, "costAndExpenses": 234929000000, "interestIncome": 12000000, "interestExpense": 217000000, "depreciationAndAmortization": 887000000, "ebitda": 4409000000, "ebitdaratio": 0.0185074802, "operatingIncome": 3522000000, "operatingIncomeRatio": 0.0147841564, "totalOtherIncomeExpensesNet": -8556000000, "incomeBeforeTax": -5034000000, "incomeBeforeTaxRatio": -0.0211310173, "incomeTaxExpense": -695000000, "netIncome": -4339000000, "netIncomeRatio": -0.0182136441, "eps": -27.02, "epsdiluted": -27.02, "weightedAverageShsOut": 160600000, "weightedAverageShsOutDil": 160600000, "link": "https://www.sec.gov/Archives/edgar/data/927653/000092765321000039/0000927653-21-000039-index.htm", "finalLink": "https://www.sec.gov/Archives/edgar/data/927653/000092765321000039/mck-20210331.htm", "calculatedOtherExpenses": -297000000, "calculatedOperatingExpenses": 8626000000, "calculatedNetInterest": -205000000, "calculatedOtherIncome": -8351000000, "calculatedIncomeNonControlling": 0, "calculatedEbitda": 4409000000}, {"date": "2020-03-31", "symbol": "MCK", "reportedCurrency": "USD", "cik": "0000927653", "fillingDate": "2020-05-22", "acceptedDate": "2020-05-22 08:38:58", "calendarYear": "2020", "period": "FY", "revenue": 231051000000, "costOfRevenue": 219028000000, "grossProfit": 12023000000, "grossProfitRatio": 0.0520361306, "researchAndDevelopmentExpenses": 96000000, "generalAndAdministrativeExpenses": 18336000000, "sellingAndMarketingExpenses": -9168000000, "sellingGeneralAndAdministrativeExpenses": 9168000000, "otherExpenses": 12000000, "operatingExpenses": 9264000000, "costAndExpenses": 228292000000, "interestIncome": 49000000, "interestExpense": 249000000, "depreciationAndAmortization": 922000000, "ebitda": 2585000000, "ebitdaratio": 0.0111880061, "operatingIncome": 1663000000, "operatingIncomeRatio": 0.0071975451, "totalOtherIncomeExpensesNet": -519000000, "incomeBeforeTax": 1144000000, "incomeBeforeTaxRatio": 0.0049512878, "incomeTaxExpense": 18000000, "netIncome": 900000000, "netIncomeRatio": 0.0038952439, "eps": 4.97, "epsdiluted": 4.95, "weightedAverageShsOut": 181000000, "weightedAverageShsOutDil": 182000000, "link": "https://www.sec.gov/Archives/edgar/data/927653/000092765320000033/0000927653-20-000033-index.htm", "finalLink": "https://www.sec.gov/Archives/edgar/data/927653/000092765320000033/mck10k3312020.htm", "calculatedOtherExpenses": 1096000000, "calculatedOperatingExpenses": 10360000000, "calculatedNetInterest": -200000000, "calculatedOtherIncome": -319000000, "calculatedIncomeNonControlling": 226000000, "calculatedEbitda": 2585000000}, {"date": "2019-03-31", "symbol": "MCK", "reportedCurrency": "USD", "cik": "0000927653", "fillingDate": "2019-05-15", "acceptedDate": "2019-05-15 07:44:22", "calendarYear": "2019", "period": "FY", "revenue": 214319000000, "costOfRevenue": 202565000000, "grossProfit": 11754000000, "grossProfitRatio": 0.054843481, "researchAndDevelopmentExpenses": 71000000, "generalAndAdministrativeExpenses": 8403000000, "sellingAndMarketingExpenses": -8403000000, "sellingGeneralAndAdministrativeExpenses": 8403000000, "otherExpenses": 182000000, "operatingExpenses": 8474000000, "costAndExpenses": 211039000000, "interestIncome": 39000000, "interestExpense": 264000000, "depreciationAndAmortization": 949000000, "ebitda": 4217000000, "ebitdaratio": 0.019676277, "operatingIncome": 886000000, "operatingIncomeRatio": 0.0041340245, "totalOtherIncomeExpensesNet": -2406000000, "incomeBeforeTax": 610000000, "incomeBeforeTaxRatio": 0.0028462246, "incomeTaxExpense": 356000000, "netIncome": 34000000, "netIncomeRatio": 0.000158642, "eps": 0.17, "epsdiluted": 0.17, "weightedAverageShsOut": 196300000, "weightedAverageShsOutDil": 197300000, "link": "https://www.sec.gov/Archives/edgar/data/927653/000092765319000009/0000927653-19-000009-index.htm", "finalLink": "https://www.sec.gov/Archives/edgar/data/927653/000092765319000009/mck_10kx3312019.htm", "calculatedOtherExpenses": 2394000000, "calculatedOperatingExpenses": 10868000000, "calculatedNetInterest": -225000000, "calculatedOtherIncome": -51000000, "calculatedIncomeNonControlling": 220000000, "calculatedEbitda": 1835000000}, {"date": "2018-03-31", "symbol": "MCK", "reportedCurrency": "USD", "cik": "0000927653", "fillingDate": "2018-05-24", "acceptedDate": "2018-05-24 16:27:59", "calendarYear": "2018", "period": "FY", "revenue": 208357000000, "costOfRevenue": 197173000000, "grossProfit": 11184000000, "grossProfitRatio": 0.0536771023, "researchAndDevelopmentExpenses": 125000000, "generalAndAdministrativeExpenses": 8138000000, "sellingAndMarketingExpenses": -8138000000, "sellingGeneralAndAdministrativeExpenses": 8138000000, "otherExpenses": 130000000, "operatingExpenses": 8263000000, "costAndExpenses": 205436000000, "interestIncome": 48000000, "interestExpense": 283000000, "depreciationAndAmortization": 951000000, "ebitda": 3754000000, "ebitdaratio": 0.0180171533, "operatingIncome": 762000000, "operatingIncomeRatio": 0.0036571845, "totalOtherIncomeExpensesNet": -2399000000, "incomeBeforeTax": 239000000, "incomeBeforeTaxRatio": 0.0011470697, "incomeTaxExpense": -53000000, "netIncome": 67000000, "netIncomeRatio": 0.0003215635, "eps": 0.32, "epsdiluted": 0.32, "weightedAverageShsOut": 208000000, "weightedAverageShsOutDil": 209000000, "link": "https://www.sec.gov/Archives/edgar/data/927653/000092765318000010/0000927653-18-000010-index.htm", "finalLink": "https://www.sec.gov/Archives/edgar/data/927653/000092765318000010/mck_10kx3312018.htm", "calculatedOtherExpenses": 2159000000, "calculatedOperatingExpenses": 10422000000, "calculatedNetInterest": -235000000, "calculatedOtherIncome": -288000000, "calculatedIncomeNonControlling": 225000000, "calculatedEbitda": 1713000000}, {"date": "2017-03-31", "symbol": "MCK", "reportedCurrency": "USD", "cik": "0000927653", "fillingDate": "2017-05-22", "acceptedDate": "2017-05-22 16:43:21", "calendarYear": "2017", "period": "FY", "revenue": 198533000000, "costOfRevenue": 187262000000, "grossProfit": 11271000000, "grossProfitRatio": 0.0567714184, "researchAndDevelopmentExpenses": 341000000, "generalAndAdministrativeExpenses": 7466000000, "sellingAndMarketingExpenses": -7466000000, "sellingGeneralAndAdministrativeExpenses": 7801000000, "otherExpenses": 90000000, "operatingExpenses": 7801000000, "costAndExpenses": 195063000000, "interestIncome": 29000000, "interestExpense": 308000000, "depreciationAndAmortization": 910000000, "ebitda": 4470000000, "ebitdaratio": 0.0225151486, "operatingIncome": 7109000000, "operatingIncomeRatio": 0.0358076491, "totalOtherIncomeExpensesNet": 3729000000, "incomeBeforeTax": 6891000000, "incomeBeforeTaxRatio": 0.0347095949, "incomeTaxExpense": 1614000000, "netIncome": 5070000000, "netIncomeRatio": 0.0255373162, "eps": 22.95, "epsdiluted": 22.73, "weightedAverageShsOut": 221000000, "weightedAverageShsOutDil": 223000000, "link": "https://www.sec.gov/Archives/edgar/data/927653/000092765317000007/0000927653-17-000007-index.htm", "finalLink": "https://www.sec.gov/Archives/edgar/data/927653/000092765317000007/mck_10kx3312017.htm", "calculatedOtherExpenses": -3980000000, "calculatedOperatingExpenses": 4162000000, "calculatedNetInterest": -279000000, "calculatedOtherIncome": 61000000, "calculatedIncomeNonControlling": 207000000, "calculatedEbitda": 8019000000}, {"date": "2016-03-31", "symbol": "MCK", "reportedCurrency": "USD", "cik": "0000927653", "fillingDate": "2016-05-05", "acceptedDate": "2016-05-05 16:12:14", "calendarYear": "2016", "period": "FY", "revenue": 190884000000, "costOfRevenue": 179468000000, "grossProfit": 11416000000, "grossProfitRatio": 0.0598059554, "researchAndDevelopmentExpenses": 392000000, "generalAndAdministrativeExpenses": 7276000000, "sellingAndMarketingExpenses": -7276000000, "sellingGeneralAndAdministrativeExpenses": 7668000000, "otherExpenses": 58000000, "operatingExpenses": 7668000000, "costAndExpenses": 187136000000, "interestIncome": 18000000, "interestExpense": 353000000, "depreciationAndAmortization": 885000000, "ebitda": 4691000000, "ebitdaratio": 0.0245751346, "operatingIncome": 3545000000, "operatingIncomeRatio": 0.0185714884, "totalOtherIncomeExpensesNet": -145000000, "incomeBeforeTax": 3250000000, "incomeBeforeTaxRatio": 0.0170260472, "incomeTaxExpense": 908000000, "netIncome": 2258000000, "netIncomeRatio": 0.0118291737, "eps": 9.82, "epsdiluted": 9.7, "weightedAverageShsOut": 230000000, "weightedAverageShsOutDil": 233000000, "link": "https://www.sec.gov/Archives/edgar/data/927653/000092765316000020/0000927653-16-000020-index.htm", "finalLink": "https://www.sec.gov/Archives/edgar/data/927653/000092765316000020/mck_10kx3312016.htm", "calculatedOtherExpenses": -189000000, "calculatedOperatingExpenses": 7871000000, "calculatedNetInterest": -335000000, "calculatedOtherIncome": 40000000, "calculatedIncomeNonControlling": 84000000, "calculatedEbitda": 4430000000}, {"date": "2015-03-31", "symbol": "MCK", "reportedCurrency": "USD", "cik": "0000927653", "fillingDate": "2015-05-12", "acceptedDate": "2015-05-12 16:56:22", "calendarYear": "2015", "period": "FY", "revenue": 179045000000, "costOfRevenue": 167634000000, "grossProfit": 11411000000, "grossProfitRatio": 0.0637325812, "researchAndDevelopmentExpenses": 392000000, "generalAndAdministrativeExpenses": 7901000000, "sellingAndMarketingExpenses": -7901000000, "sellingGeneralAndAdministrativeExpenses": 8293000000, "otherExpenses": 63000000, "operatingExpenses": 8293000000, "costAndExpenses": 175927000000, "interestIncome": 20000000, "interestExpense": 374000000, "depreciationAndAmortization": 1017000000, "ebitda": 4198000000, "ebitdaratio": 0.0234466196, "operatingIncome": 2968000000, "operatingIncomeRatio": 0.0165768382, "totalOtherIncomeExpensesNet": -87000000, "incomeBeforeTax": 2657000000, "incomeBeforeTaxRatio": 0.0148398447, "incomeTaxExpense": 815000000, "netIncome": 1476000000, "netIncomeRatio": 0.0082437376, "eps": 6.37, "epsdiluted": 6.27, "weightedAverageShsOut": 232000000, "weightedAverageShsOutDil": 235000000, "link": "https://www.sec.gov/Archives/edgar/data/927653/000162828015004098/0001628280-15-004098-index.htm", "finalLink": "https://www.sec.gov/Archives/edgar/data/927653/000162828015004098/mck_10kx3312015.htm", "calculatedOtherExpenses": -242000000, "calculatedOperatingExpenses": 8443000000, "calculatedNetInterest": -354000000, "calculatedOtherIncome": 43000000, "calculatedIncomeNonControlling": 366000000, "calculatedEbitda": 3985000000}, {"date": "2014-03-31", "symbol": "MCK", "reportedCurrency": "USD", "cik": "0000927653", "fillingDate": "2014-05-14", "acceptedDate": "2014-05-13 21:41:08", "calendarYear": "2014", "period": "FY", "revenue": 137609000000, "costOfRevenue": 129300000000, "grossProfit": 8309000000, "grossProfitRatio": 0.0603812251, "researchAndDevelopmentExpenses": 456000000, "generalAndAdministrativeExpenses": 5418000000, "sellingAndMarketingExpenses": -5418000000, "sellingGeneralAndAdministrativeExpenses": 5874000000, "otherExpenses": 32000000, "operatingExpenses": 5874000000, "costAndExpenses": 135174000000, "interestIncome": 23000000, "interestExpense": 303000000, "depreciationAndAmortization": 704000000, "ebitda": 3171000000, "ebitdaratio": 0.0230435509, "operatingIncome": 2367000000, "operatingIncomeRatio": 0.0172009098, "totalOtherIncomeExpensesNet": -36000000, "incomeBeforeTax": 2096000000, "incomeBeforeTaxRatio": 0.0152315619, "incomeTaxExpense": 742000000, "netIncome": 1263000000, "netIncomeRatio": 0.0091781788, "eps": 5.51, "epsdiluted": 5.41, "weightedAverageShsOut": 229000000, "weightedAverageShsOutDil": 233000000, "link": "https://www.sec.gov/Archives/edgar/data/927653/000144530514002132/0001445305-14-002132-index.htm", "finalLink": "https://www.sec.gov/Archives/edgar/data/927653/000144530514002132/mck_10kx3312014.htm", "calculatedOtherExpenses": -388000000, "calculatedOperatingExpenses": 5942000000, "calculatedNetInterest": -280000000, "calculatedOtherIncome": 9000000, "calculatedIncomeNonControlling": 91000000, "calculatedEbitda": 3071000000}, {"date": "2013-03-31", "symbol": "MCK", "reportedCurrency": "USD", "cik": "0000927653", "fillingDate": "2013-05-07", "acceptedDate": "2013-05-07 16:33:17", "calendarYear": "2013", "period": "FY", "revenue": 122455000000, "costOfRevenue": 115471000000, "grossProfit": 6984000000, "grossProfitRatio": 0.0570331959, "researchAndDevelopmentExpenses": 480000000, "generalAndAdministrativeExpenses": 2351000000, "sellingAndMarketingExpenses": 1847000000, "sellingGeneralAndAdministrativeExpenses": 4198000000, "otherExpenses": 10000000, "operatingExpenses": 4678000000, "costAndExpenses": 120149000000, "interestIncome": 22000000, "interestExpense": 240000000, "depreciationAndAmortization": 591000000, "ebitda": 2929000000, "ebitdaratio": 0.0239189906, "operatingIncome": 2315000000, "operatingIncomeRatio": 0.0189049038, "totalOtherIncomeExpensesNet": -169000000, "incomeBeforeTax": 1919000000, "incomeBeforeTaxRatio": 0.0156710628, "incomeTaxExpense": 581000000, "netIncome": 1338000000, "netIncomeRatio": 0.0109264628, "eps": 5.71, "epsdiluted": 5.59, "weightedAverageShsOut": 235000000, "weightedAverageShsOutDil": 239000000, "link": "https://www.sec.gov/Archives/edgar/data/927653/000156178713000010/0001561787-13-000010-index.htm", "finalLink": "https://www.sec.gov/Archives/edgar/data/927653/000156178713000010/mck_10kx3312013.htm", "calculatedOtherExpenses": -9000000, "calculatedOperatingExpenses": 4669000000, "calculatedNetInterest": -218000000, "calculatedOtherIncome": -178000000, "calculatedIncomeNonControlling": 0, "calculatedEbitda": 2906000000}, {"date": "2012-03-31", "symbol": "MCK", "reportedCurrency": "USD", "cik": "0000927653", "fillingDate": "2012-05-02", "acceptedDate": "2012-05-02 16:33:22", "calendarYear": "2012", "period": "FY", "revenue": 122734000000, "costOfRevenue": 116167000000, "grossProfit": 6567000000, "grossProfitRatio": 0.053505956, "researchAndDevelopmentExpenses": 440000000, "generalAndAdministrativeExpenses": 3065000000, "sellingAndMarketingExpenses": 764000000, "sellingGeneralAndAdministrativeExpenses": 149000000, "otherExpenses": 3214000000, "operatingExpenses": 4418000000, "costAndExpenses": 120585000000, "interestIncome": 19000000, "interestExpense": 251000000, "depreciationAndAmortization": 551000000, "ebitda": 2700000000, "ebitdaratio": 0.0219987941, "operatingIncome": 2149000000, "operatingIncomeRatio": 0.0175094106, "totalOtherIncomeExpensesNet": 21000000, "incomeBeforeTax": 1919000000, "incomeBeforeTaxRatio": 0.0156354392, "incomeTaxExpense": 516000000, "netIncome": 1403000000, "netIncomeRatio": 0.0114312253, "eps": 5.7, "epsdiluted": 5.59, "weightedAverageShsOut": 246000000, "weightedAverageShsOutDil": 251000000, "link": "https://www.sec.gov/Archives/edgar/data/927653/000119312512204736/0001193125-12-204736-index.htm", "finalLink": "https://www.sec.gov/Archives/edgar/data/927653/000119312512204736/d318930d10k.htm", "calculatedOtherExpenses": 3829000000, "calculatedOperatingExpenses": 4418000000, "calculatedNetInterest": -232000000, "calculatedOtherIncome": 2000000, "calculatedIncomeNonControlling": 0, "calculatedEbitda": 2700000000}, {"date": "2011-03-31", "symbol": "MCK", "reportedCurrency": "USD", "cik": "0000927653", "fillingDate": "2011-05-05", "acceptedDate": "2011-05-05 16:02:58", "calendarYear": "2011", "period": "FY", "revenue": 112084000000, "costOfRevenue": 106114000000, "grossProfit": 5970000000, "grossProfitRatio": 0.0532636237, "researchAndDevelopmentExpenses": 407000000, "generalAndAdministrativeExpenses": 2762000000, "sellingAndMarketingExpenses": 767000000, "sellingGeneralAndAdministrativeExpenses": 3936000000, "otherExpenses": 2975000000, "operatingExpenses": 3936000000, "costAndExpenses": 110050000000, "interestIncome": 0, "interestExpense": 222000000, "depreciationAndAmortization": 496000000, "ebitda": 2530000000, "ebitdaratio": 0.0225723564, "operatingIncome": 1821000000, "operatingIncomeRatio": 0.0162467435, "totalOtherIncomeExpensesNet": -177000000, "incomeBeforeTax": 1635000000, "incomeBeforeTaxRatio": 0.0145872738, "incomeTaxExpense": 505000000, "netIncome": 1202000000, "netIncomeRatio": 0.0107240998, "eps": 4.65, "epsdiluted": 4.57, "weightedAverageShsOut": 258000000, "weightedAverageShsOutDil": 263000000, "link": "https://www.sec.gov/Archives/edgar/data/927653/000095012311045634/0000950123-11-045634-index.htm", "finalLink": "https://www.sec.gov/Archives/edgar/data/927653/000095012311045634/f56549e10vk.htm", "calculatedOtherExpenses": -194000000, "calculatedOperatingExpenses": 4149000000, "calculatedNetInterest": -222000000, "calculatedOtherIncome": 36000000, "calculatedIncomeNonControlling": -72000000, "calculatedEbitda": 2317000000}, {"date": "2010-03-31", "symbol": "MCK", "reportedCurrency": "USD", "cik": "0000927653", "fillingDate": "2010-05-04", "acceptedDate": "2010-05-04 16:25:08", "calendarYear": "2010", "period": "FY", "revenue": 108702000000, "costOfRevenue": 103026000000, "grossProfit": 5676000000, "grossProfitRatio": 0.0522161506, "researchAndDevelopmentExpenses": 376000000, "generalAndAdministrativeExpenses": 2566000000, "sellingAndMarketingExpenses": 746000000, "sellingGeneralAndAdministrativeExpenses": 3312000000, "otherExpenses": -20000000, "operatingExpenses": 3668000000, "costAndExpenses": 106694000000, "interestIncome": 0, "interestExpense": 187000000, "depreciationAndAmortization": 474000000, "ebitda": 2482000000, "ebitdaratio": 0.0228330665, "operatingIncome": 2008000000, "operatingIncomeRatio": 0.0184725212, "totalOtherIncomeExpensesNet": 43000000, "incomeBeforeTax": 1864000000, "incomeBeforeTaxRatio": 0.0171477986, "incomeTaxExpense": 601000000, "netIncome": 1263000000, "netIncomeRatio": 0.0116189215, "eps": 4.7, "epsdiluted": 4.62, "weightedAverageShsOut": 269000000, "weightedAverageShsOutDil": 273000000, "link": "https://www.sec.gov/Archives/edgar/data/927653/000095012310043581/0000950123-10-043581-index.htm", "finalLink": "https://www.sec.gov/Archives/edgar/data/927653/000095012310043581/f54765e10vk.htm", "calculatedOtherExpenses": -20000000, "calculatedOperatingExpenses": 3668000000, "calculatedNetInterest": -187000000, "calculatedOtherIncome": 43000000, "calculatedIncomeNonControlling": 0, "calculatedEbitda": 2482000000}, {"date": "2009-03-31", "symbol": "MCK", "reportedCurrency": "USD", "cik": "0000927653", "fillingDate": "2009-05-05", "acceptedDate": "2009-05-05 17:00:00", "calendarYear": "2009", "period": "FY", "revenue": 106632000000, "costOfRevenue": 101254000000, "grossProfit": 5378000000, "grossProfitRatio": 0.0504351414, "researchAndDevelopmentExpenses": 364000000, "generalAndAdministrativeExpenses": 3075000000, "sellingAndMarketingExpenses": 743000000, "sellingGeneralAndAdministrativeExpenses": 3818000000, "otherExpenses": 3075000000, "operatingExpenses": 4182000000, "costAndExpenses": 105436000000, "interestIncome": 0, "interestExpense": 144000000, "depreciationAndAmortization": 441000000, "ebitda": 1637000000, "ebitdaratio": 0.0153518644, "operatingIncome": 1196000000, "operatingIncomeRatio": 0.0112161452, "totalOtherIncomeExpensesNet": 12000000, "incomeBeforeTax": 1064000000, "incomeBeforeTaxRatio": 0.0099782429, "incomeTaxExpense": 241000000, "netIncome": 823000000, "netIncomeRatio": 0.0077181334, "eps": 2.99, "epsdiluted": 2.95, "weightedAverageShsOut": 275000000, "weightedAverageShsOutDil": 279000000, "link": "https://www.sec.gov/Archives/edgar/data/927653/000095013409009477/0000950134-09-009477-index.htm", "finalLink": "https://www.sec.gov/Archives/edgar/data/927653/000095013409009477/f52248e10vk.htm", "calculatedOtherExpenses": 0, "calculatedOperatingExpenses": 4182000000, "calculatedNetInterest": -144000000, "calculatedOtherIncome": 12000000, "calculatedIncomeNonControlling": 0, "calculatedEbitda": 1637000000}, {"date": "2008-03-31", "symbol": "MCK", "reportedCurrency": "USD", "cik": "0000927653", "fillingDate": "2008-05-07", "acceptedDate": "2008-05-07 16:04:13", "calendarYear": "2008", "period": "FY", "revenue": 101703000000, "costOfRevenue": 96694000000, "grossProfit": 5009000000, "grossProfitRatio": 0.0492512512, "researchAndDevelopmentExpenses": 347000000, "generalAndAdministrativeExpenses": 3189000000, "sellingAndMarketingExpenses": 744000000, "sellingGeneralAndAdministrativeExpenses": 3189000000, "otherExpenses": -5000000, "operatingExpenses": 3531000000, "costAndExpenses": 100225000000, "interestIncome": 0, "interestExpense": -142000000, "depreciationAndAmortization": 371000000, "ebitda": 1833000000, "ebitdaratio": 0.0180230672, "operatingIncome": 1478000000, "operatingIncomeRatio": 0.0145325113, "totalOtherIncomeExpensesNet": 37000000, "incomeBeforeTax": 1457000000, "incomeBeforeTaxRatio": 0.0143260277, "incomeTaxExpense": 468000000, "netIncome": 990000000, "netIncomeRatio": 0.0097342261, "eps": 3.4, "epsdiluted": 3.32, "weightedAverageShsOut": 291000000, "weightedAverageShsOutDil": 298000000, "link": "https://www.sec.gov/Archives/edgar/data/927653/000095014908000067/0000950149-08-000067-index.htm", "finalLink": "https://www.sec.gov/Archives/edgar/data/927653/000095014908000067/f39986e10vk.htm", "calculatedOtherExpenses": -5000000, "calculatedOperatingExpenses": 3531000000, "calculatedNetInterest": 142000000, "calculatedOtherIncome": -163000000, "calculatedIncomeNonControlling": -1000000, "calculatedEbitda": 1849000000}, {"date": "2007-03-31", "symbol": "MCK", "reportedCurrency": "USD", "cik": "0000927653", "fillingDate": "2007-05-09", "acceptedDate": "2007-05-09 16:36:15", "calendarYear": "2007", "period": "FY", "revenue": 92977000000, "costOfRevenue": 88645000000, "grossProfit": 4332000000, "grossProfitRatio": 0.046592168, "researchAndDevelopmentExpenses": 284000000, "generalAndAdministrativeExpenses": 2790000000, "sellingAndMarketingExpenses": 673000000, "sellingGeneralAndAdministrativeExpenses": 2790000000, "otherExpenses": -6000000, "operatingExpenses": 3068000000, "costAndExpenses": 91713000000, "interestIncome": 0, "interestExpense": -99000000, "depreciationAndAmortization": 295000000, "ebitda": 1547000000, "ebitdaratio": 0.0166385235, "operatingIncome": 1264000000, "operatingIncomeRatio": 0.01359476, "totalOtherIncomeExpensesNet": 35000000, "incomeBeforeTax": 1297000000, "incomeBeforeTaxRatio": 0.0139496865, "incomeTaxExpense": 329000000, "netIncome": 913000000, "netIncomeRatio": 0.0098196328, "eps": 3.06, "epsdiluted": 2.99, "weightedAverageShsOut": 298000000, "weightedAverageShsOutDil": 305000000, "link": "https://www.sec.gov/Archives/edgar/data/927653/000095013407010894/0000950134-07-010894-index.htm", "finalLink": "https://www.sec.gov/Archives/edgar/data/927653/000095013407010894/f29988e10vk.htm", "calculatedOtherExpenses": -6000000, "calculatedOperatingExpenses": 3068000000, "calculatedNetInterest": 99000000, "calculatedOtherIncome": -66000000, "calculatedIncomeNonControlling": 55000000, "calculatedEbitda": 1559000000}, {"date": "2006-03-31", "symbol": "MCK", "reportedCurrency": "USD", "cik": "0000927653", "fillingDate": "2006-05-16", "acceptedDate": "2006-05-16 16:16:01", "calendarYear": "2006", "period": "FY", "revenue": 88050000000, "costOfRevenue": 84188000000, "grossProfit": 3862000000, "grossProfitRatio": 0.0438614424, "researchAndDevelopmentExpenses": 223000000, "generalAndAdministrativeExpenses": 2480000000, "sellingAndMarketingExpenses": 611000000, "sellingGeneralAndAdministrativeExpenses": 2480000000, "otherExpenses": 45000000, "operatingExpenses": 2748000000, "costAndExpenses": 86936000000, "interestIncome": 0, "interestExpense": -94000000, "depreciationAndAmortization": 266000000, "ebitda": 1287000000, "ebitdaratio": 0.0146166951, "operatingIncome": 1114000000, "operatingIncomeRatio": 0.0126519023, "totalOtherIncomeExpensesNet": 93000000, "incomeBeforeTax": 1158000000, "incomeBeforeTaxRatio": 0.0131516184, "incomeTaxExpense": 421000000, "netIncome": 751000000, "netIncomeRatio": 0.0085292447, "eps": 2.46, "epsdiluted": 2.38, "weightedAverageShsOut": 306000000, "weightedAverageShsOutDil": 316000000, "link": "https://www.sec.gov/Archives/edgar/data/927653/000095014906000282/0000950149-06-000282-index.htm", "finalLink": "https://www.sec.gov/Archives/edgar/data/927653/000095014906000282/f20234e10vk.htm", "calculatedOtherExpenses": 45000000, "calculatedOperatingExpenses": 2748000000, "calculatedNetInterest": 94000000, "calculatedOtherIncome": -50000000, "calculatedIncomeNonControlling": -14000000, "calculatedEbitda": 1380000000}, {"date": "2005-03-31", "symbol": "MCK", "reportedCurrency": "USD", "cik": "0000927653", "fillingDate": "2005-05-13", "acceptedDate": "2005-05-12 20:34:43", "calendarYear": "2005", "period": "FY", "revenue": 80514600000, "costOfRevenue": 77049900000, "grossProfit": 3464700000, "grossProfitRatio": 0.043031947, "researchAndDevelopmentExpenses": 182000000, "generalAndAdministrativeExpenses": 2273200000, "sellingAndMarketingExpenses": 550100000, "sellingGeneralAndAdministrativeExpenses": 2273200000, "otherExpenses": 1200000000, "operatingExpenses": 3655200000, "costAndExpenses": 80705100000, "interestIncome": 0, "interestExpense": -118000000, "depreciationAndAmortization": 250900000, "ebitda": 1191700000, "ebitdaratio": 0.0148010423, "operatingIncome": -190500000, "operatingIncomeRatio": -0.0023660305, "totalOtherIncomeExpensesNet": -1131300000, "incomeBeforeTax": -239800000, "incomeBeforeTaxRatio": -0.0029783418, "incomeTaxExpense": -83100000, "netIncome": -156700000, "netIncomeRatio": -0.0019462309, "eps": -0.53, "epsdiluted": -0.53, "weightedAverageShsOut": 294000000, "weightedAverageShsOutDil": 294000000, "link": "https://www.sec.gov/Archives/edgar/data/927653/000095013405009971/0000950134-05-009971-index.htm", "finalLink": "https://www.sec.gov/Archives/edgar/data/927653/000095013405009971/f08078e10vk.htm", "calculatedOtherExpenses": 1200000000, "calculatedOperatingExpenses": 3655200000, "calculatedNetInterest": 118000000, "calculatedOtherIncome": -167300000, "calculatedIncomeNonControlling": 0, "calculatedEbitda": 60400000}, {"date": "2004-03-31", "symbol": "MCK", "reportedCurrency": "USD", "cik": "0000927653", "fillingDate": "2004-06-10", "acceptedDate": "2004-06-10 17:29:01", "calendarYear": "2004", "period": "FY", "revenue": 69506100000, "costOfRevenue": 66257900000, "grossProfit": 3248200000, "grossProfitRatio": 0.0467325889, "researchAndDevelopmentExpenses": 172700000, "generalAndAdministrativeExpenses": 2092100000, "sellingAndMarketingExpenses": 513100000, "sellingGeneralAndAdministrativeExpenses": 2092100000, "otherExpenses": 0, "operatingExpenses": 2264800000, "costAndExpenses": 68522700000, "interestIncome": 0, "interestExpense": -120200000, "depreciationAndAmortization": 232100000, "ebitda": 1167300000, "ebitdaratio": 0.0167942094, "operatingIncome": 983400000, "operatingIncomeRatio": 0.0141483985, "totalOtherIncomeExpensesNet": 48200000, "incomeBeforeTax": 911400000, "incomeBeforeTaxRatio": 0.0131125182, "incomeTaxExpense": 264900000, "netIncome": 646500000, "netIncomeRatio": 0.0093013419, "eps": 2.23, "epsdiluted": 2.19, "weightedAverageShsOut": 290000000, "weightedAverageShsOutDil": 299000000, "link": "https://www.sec.gov/Archives/edgar/data/927653/000095014904001115/0000950149-04-001115-index.htm", "finalLink": "https://www.sec.gov/Archives/edgar/data/927653/000095014904001115/f99032e10vk.htm", "calculatedOtherExpenses": 0, "calculatedOperatingExpenses": 2264800000, "calculatedNetInterest": 120200000, "calculatedOtherIncome": -192200000, "calculatedIncomeNonControlling": 0, "calculatedEbitda": 1215500000}, {"date": "2003-03-31", "symbol": "MCK", "reportedCurrency": "USD", "cik": "0000927653", "fillingDate": "2003-06-06", "acceptedDate": "2003-06-05 19:14:06", "calendarYear": "2003", "period": "FY", "revenue": 57120800000, "costOfRevenue": 54018300000, "grossProfit": 3102500000, "grossProfitRatio": 0.0543147155, "researchAndDevelopmentExpenses": 149400000, "generalAndAdministrativeExpenses": 2023200000, "sellingAndMarketingExpenses": 499000000, "sellingGeneralAndAdministrativeExpenses": 2023200000, "otherExpenses": 0, "operatingExpenses": 2172600000, "costAndExpenses": 56190900000, "interestIncome": 0, "interestExpense": -114800000, "depreciationAndAmortization": 203700000, "ebitda": 1087100000, "ebitdaratio": 0.0190315962, "operatingIncome": 929900000, "operatingIncomeRatio": 0.0162795339, "totalOtherIncomeExpensesNet": 46500000, "incomeBeforeTax": 855400000, "incomeBeforeTaxRatio": 0.0149752805, "incomeTaxExpense": 293300000, "netIncome": 555400000, "netIncomeRatio": 0.0097232532, "eps": 1.92, "epsdiluted": 1.88, "weightedAverageShsOut": 289300000, "weightedAverageShsOutDil": 298800000, "link": "https://www.sec.gov/Archives/edgar/data/927653/000095014903001297/0000950149-03-001297-index.htm", "finalLink": "https://www.sec.gov/Archives/edgar/data/927653/000095014903001297/f90251e10vk.htm", "calculatedOtherExpenses": 0, "calculatedOperatingExpenses": 2172600000, "calculatedNetInterest": 114800000, "calculatedOtherIncome": -189300000, "calculatedIncomeNonControlling": 6700000, "calculatedEbitda": 1133600000}, {"date": "2002-03-31", "symbol": "MCK", "reportedCurrency": "USD", "cik": "0000927653", "fillingDate": "2002-06-12", "acceptedDate": "2002-06-12 17:20:03", "calendarYear": "2002", "period": "FY", "revenue": 50006000000, "costOfRevenue": 47209100000, "grossProfit": 2796900000, "grossProfitRatio": 0.0559312882, "researchAndDevelopmentExpenses": 135100000, "generalAndAdministrativeExpenses": 1946200000, "sellingAndMarketingExpenses": 427100000, "sellingGeneralAndAdministrativeExpenses": 1946200000, "otherExpenses": 22000000, "operatingExpenses": 2103300000, "costAndExpenses": 49312400000, "interestIncome": 0, "interestExpense": -112900000, "depreciationAndAmortization": 207500000, "ebitda": 896400000, "ebitdaratio": 0.0179258489, "operatingIncome": 693600000, "operatingIncomeRatio": 0.0138703356, "totalOtherIncomeExpensesNet": 4700000, "incomeBeforeTax": 601200000, "incomeBeforeTaxRatio": 0.0120225573, "incomeTaxExpense": 182600000, "netIncome": 418600000, "netIncomeRatio": 0.0083709955, "eps": 1.47, "epsdiluted": 1.43, "weightedAverageShsOut": 285200000, "weightedAverageShsOutDil": 298100000, "link": "https://www.sec.gov/Archives/edgar/data/927653/000095014902001196/0000950149-02-001196-index.htm", "finalLink": "https://www.sec.gov/Archives/edgar/data/927653/000095014902001196/f82011e10vk.htm", "calculatedOtherExpenses": 22000000, "calculatedOperatingExpenses": 2103300000, "calculatedNetInterest": 112900000, "calculatedOtherIncome": -205300000, "calculatedIncomeNonControlling": 0, "calculatedEbitda": 901100000}, {"date": "2001-03-31", "symbol": "MCK", "reportedCurrency": "USD", "cik": "0000927653", "fillingDate": "2001-06-01", "acceptedDate": "2001-06-01 00:00:00", "calendarYear": "2001", "period": "FY", "revenue": 42010000000, "costOfRevenue": 39579000000, "grossProfit": 2431000000, "grossProfitRatio": 0.0578671745, "researchAndDevelopmentExpenses": 147500000, "generalAndAdministrativeExpenses": 2075500000, "sellingAndMarketingExpenses": 0, "sellingGeneralAndAdministrativeExpenses": 2075500000, "otherExpenses": 111600000, "operatingExpenses": 2334600000, "costAndExpenses": 41913600000, "interestIncome": 0, "interestExpense": 0, "depreciationAndAmortization": 246100000, "ebitda": 423100000, "ebitdaratio": 0.0100714116, "operatingIncome": 96400000, "operatingIncomeRatio": 0.0022946917, "totalOtherIncomeExpensesNet": -80600000, "incomeBeforeTax": 9600000, "incomeBeforeTaxRatio": 0.000228517, "incomeTaxExpense": 52300000, "netIncome": -48300000, "netIncomeRatio": -0.0011497263, "eps": -0.17, "epsdiluted": -0.17, "weightedAverageShsOut": 283100000, "weightedAverageShsOutDil": 283100000, "link": "https://www.sec.gov/Archives/edgar/data/927653/000095014901500834/0000950149-01-500834-index.htm", "finalLink": "https://www.sec.gov/Archives/edgar/data/927653/000095014901500834/f72121e10-k.txt", "calculatedOtherExpenses": 111600000, "calculatedOperatingExpenses": 2334600000, "calculatedNetInterest": 0, "calculatedOtherIncome": -86800000, "calculatedIncomeNonControlling": 5600000, "calculatedEbitda": 342500000}, {"date": "2000-03-31", "symbol": "MCK", "reportedCurrency": "USD", "cik": "0000927653", "fillingDate": "2000-06-13", "acceptedDate": "2000-06-13 00:00:00", "calendarYear": "2000", "period": "FY", "revenue": 36734200000, "costOfRevenue": 34210500000, "grossProfit": 2523700000, "grossProfitRatio": 0.0687016459, "researchAndDevelopmentExpenses": 112600000, "generalAndAdministrativeExpenses": 2051600000, "sellingAndMarketingExpenses": 0, "sellingGeneralAndAdministrativeExpenses": 2051600000, "otherExpenses": 201300000, "operatingExpenses": 2365500000, "costAndExpenses": 36576000000, "interestIncome": 0, "interestExpense": 0, "depreciationAndAmortization": 201300000, "ebitda": 90400000, "ebitdaratio": 0.002460922, "operatingIncome": 158200000, "operatingIncomeRatio": 0.0043066135, "totalOtherIncomeExpensesNet": 269100000, "incomeBeforeTax": 306900000, "incomeBeforeTaxRatio": 0.0083546123, "incomeTaxExpense": 122300000, "netIncome": 723700000, "netIncomeRatio": 0.0197009871, "eps": 2.57, "epsdiluted": 2.55, "weightedAverageShsOut": 281300000, "weightedAverageShsOutDil": 284200000, "link": "https://www.sec.gov/Archives/edgar/data/927653/000092962400000832/0000929624-00-000832-index.htm", "finalLink": "https://www.sec.gov/Archives/edgar/data/927653/000092962400000832/0000929624-00-000832-0001.txt", "calculatedOtherExpenses": 201300000, "calculatedOperatingExpenses": 2365500000, "calculatedNetInterest": 0, "calculatedOtherIncome": 148700000, "calculatedIncomeNonControlling": -539100000, "calculatedEbitda": 359500000}, {"date": "1999-03-31", "symbol": "MCK", "reportedCurrency": "USD", "cik": "0000927653", "fillingDate": "1999-07-14", "acceptedDate": "1999-07-14 00:00:00", "calendarYear": "1999", "period": "FY", "revenue": 30382300000, "costOfRevenue": 27517400000, "grossProfit": 2864900000, "grossProfitRatio": 0.0942950336, "researchAndDevelopmentExpenses": 114700000, "generalAndAdministrativeExpenses": 2218700000, "sellingAndMarketingExpenses": 0, "sellingGeneralAndAdministrativeExpenses": 2218700000, "otherExpenses": 199300000, "operatingExpenses": 2532700000, "costAndExpenses": 30050100000, "interestIncome": 0, "interestExpense": 0, "depreciationAndAmortization": 199300000, "ebitda": 531500000, "ebitdaratio": 0.0174937381, "operatingIncome": 332200000, "operatingIncomeRatio": 0.0109339978, "totalOtherIncomeExpensesNet": -130200000, "incomeBeforeTax": 202000000, "incomeBeforeTaxRatio": 0.0066486079, "incomeTaxExpense": 117100000, "netIncome": 84900000, "netIncomeRatio": 0.0027943902, "eps": 0.31, "epsdiluted": 0.31, "weightedAverageShsOut": 275200000, "weightedAverageShsOutDil": 275200000, "link": "https://www.sec.gov/Archives/edgar/data/927653/000092962499001285/0000929624-99-001285-index.html", "finalLink": "https://www.sec.gov/Archives/edgar/data/927653/000092962499001285/", "calculatedOtherExpenses": 199300000, "calculatedOperatingExpenses": 2532700000, "calculatedNetInterest": 0, "calculatedOtherIncome": -130200000, "calculatedIncomeNonControlling": 0, "calculatedEbitda": 531500000}, {"date": "1998-03-31", "symbol": "MCK", "reportedCurrency": "USD", "cik": "0000927653", "fillingDate": "1998-06-18", "acceptedDate": "1998-06-18 00:00:00", "calendarYear": "1998", "period": "FY", "revenue": 20857300000, "costOfRevenue": 19248800000, "grossProfit": 1608500000, "grossProfitRatio": 0.077119282, "researchAndDevelopmentExpenses": 0, "generalAndAdministrativeExpenses": 1159100000, "sellingAndMarketingExpenses": 0, "sellingGeneralAndAdministrativeExpenses": 1159100000, "otherExpenses": 87200000, "operatingExpenses": 1246300000, "costAndExpenses": 20495100000, "interestIncome": 0, "interestExpense": 0, "depreciationAndAmortization": 87200000, "ebitda": 449400000, "ebitdaratio": 0.021546413, "operatingIncome": 362200000, "operatingIncomeRatio": 0.0173656226, "totalOtherIncomeExpensesNet": -108700000, "incomeBeforeTax": 253500000, "incomeBeforeTaxRatio": 0.012154018, "incomeTaxExpense": 98600000, "netIncome": 154900000, "netIncomeRatio": 0.0074266564, "eps": 1.14, "epsdiluted": 1.1, "weightedAverageShsOut": 282100000, "weightedAverageShsOutDil": 282100000, "link": "https://www.sec.gov/Archives/edgar/data/927653/000092962498001159/0000929624-98-001159-index.html", "finalLink": "https://www.sec.gov/Archives/edgar/data/927653/", "calculatedOtherExpenses": 87200000, "calculatedOperatingExpenses": 1246300000, "calculatedNetInterest": 0, "calculatedOtherIncome": -108700000, "calculatedIncomeNonControlling": 0, "calculatedEbitda": 449400000}, {"date": "1997-03-31", "symbol": "MCK", "reportedCurrency": "USD", "cik": "0000927653", "fillingDate": "1997-06-19", "acceptedDate": "1997-06-19 00:00:00", "calendarYear": "1997", "period": "FY", "revenue": 12886700000, "costOfRevenue": 11777600000, "grossProfit": 1109100000, "grossProfitRatio": 0.0860654784, "researchAndDevelopmentExpenses": 0, "generalAndAdministrativeExpenses": 944500000, "sellingAndMarketingExpenses": 0, "sellingGeneralAndAdministrativeExpenses": 944500000, "otherExpenses": 71800000, "operatingExpenses": 1016300000, "costAndExpenses": 12793900000, "interestIncome": 0, "interestExpense": 0, "depreciationAndAmortization": 71800000, "ebitda": 164600000, "ebitdaratio": 0.0127728588, "operatingIncome": 92800000, "operatingIncomeRatio": 0.007201223, "totalOtherIncomeExpensesNet": -56400000, "incomeBeforeTax": 36400000, "incomeBeforeTaxRatio": 0.0028246176, "incomeTaxExpense": 31300000, "netIncome": 133900000, "netIncomeRatio": 0.0103905577, "eps": 0.83, "epsdiluted": 0.8, "weightedAverageShsOut": 83652174, "weightedAverageShsOutDil": 84385965, "link": "https://www.sec.gov/Archives/edgar/data/927653/000092962497000781/0000929624-97-000781-index.html", "finalLink": "https://www.sec.gov/Archives/edgar/data/927653/", "calculatedOtherExpenses": 71800000, "calculatedOperatingExpenses": 1016300000, "calculatedNetInterest": 0, "calculatedOtherIncome": -56400000, "calculatedIncomeNonControlling": -128800000, "calculatedEbitda": 164600000}, {"date": "1996-03-31", "symbol": "MCK", "reportedCurrency": "USD", "cik": "0000927653", "fillingDate": "1996-06-19", "acceptedDate": "1996-06-19 00:00:00", "calendarYear": "1996", "period": "FY", "revenue": 13716400000, "costOfRevenue": 12498100000, "grossProfit": 1218300000, "grossProfitRatio": 0.0888206818, "researchAndDevelopmentExpenses": 0, "generalAndAdministrativeExpenses": 872900000, "sellingAndMarketingExpenses": 0, "sellingGeneralAndAdministrativeExpenses": 872900000, "otherExpenses": 71300000, "operatingExpenses": 944200000, "costAndExpenses": 13442300000, "interestIncome": 0, "interestExpense": 0, "depreciationAndAmortization": 71300000, "ebitda": 345400000, "ebitdaratio": 0.0251815345, "operatingIncome": 274100000, "operatingIncomeRatio": 0.0199833776, "totalOtherIncomeExpensesNet": -50000000, "incomeBeforeTax": 224100000, "incomeBeforeTaxRatio": 0.0163381062, "incomeTaxExpense": 88700000, "netIncome": 135400000, "netIncomeRatio": 0.0098713948, "eps": 1.53, "epsdiluted": 1.45, "weightedAverageShsOut": 88496732, "weightedAverageShsOutDil": 93379310, "link": "https://www.sec.gov/Archives/edgar/data/927653/000089843096002749/0000898430-96-002749-index.html", "finalLink": "https://www.sec.gov/Archives/edgar/data/927653/", "calculatedOtherExpenses": 71300000, "calculatedOperatingExpenses": 944200000, "calculatedNetInterest": 0, "calculatedOtherIncome": -50000000, "calculatedIncomeNonControlling": 0, "calculatedEbitda": 345400000}, {"date": "1995-03-31", "symbol": "MCK", "reportedCurrency": "USD", "cik": "0000927653", "fillingDate": "1995-06-12", "acceptedDate": "1995-06-12 00:00:00", "calendarYear": "1995", "period": "FY", "revenue": 13189100000, "costOfRevenue": 12025400000, "grossProfit": 1163700000, "grossProfitRatio": 0.0882319491, "researchAndDevelopmentExpenses": 0, "generalAndAdministrativeExpenses": 1124000000, "sellingAndMarketingExpenses": 0, "sellingGeneralAndAdministrativeExpenses": 1124000000, "otherExpenses": 69800000, "operatingExpenses": 1193800000, "costAndExpenses": 13219200000, "interestIncome": 0, "interestExpense": 0, "depreciationAndAmortization": 69800000, "ebitda": 34300000, "ebitdaratio": 0.0026006323, "operatingIncome": -30100000, "operatingIncomeRatio": -0.0022821876, "totalOtherIncomeExpensesNet": 5400000, "incomeBeforeTax": -81700000, "incomeBeforeTaxRatio": -0.0061945091, "incomeTaxExpense": 111500000, "netIncome": 404500000, "netIncomeRatio": 0.0306692648, "eps": 4.6, "epsdiluted": 4.43, "weightedAverageShsOut": 87934783, "weightedAverageShsOutDil": 91309255, "link": "https://www.sec.gov/Archives/edgar/data/927653/000089843095001064/0000898430-95-001064-index.html", "finalLink": "https://www.sec.gov/Archives/edgar/data/927653/", "calculatedOtherExpenses": 69800000, "calculatedOperatingExpenses": 1193800000, "calculatedNetInterest": 0, "calculatedOtherIncome": -51600000, "calculatedIncomeNonControlling": -597700000, "calculatedEbitda": 39700000}]}