{"originalCurrency": "USD", "convertedCurrency": "USD", "report": [{"date": "2023-12-31", "symbol": "MCO", "reportedCurrency": "USD", "cik": "0001059556", "fillingDate": "2024-02-14", "acceptedDate": "2024-02-14 16:34:00", "calendarYear": "2023", "period": "FY", "revenue": 5916000000, "costOfRevenue": 2062000000, "grossProfit": 3854000000, "grossProfitRatio": 0.6514536849, "researchAndDevelopmentExpenses": 0, "generalAndAdministrativeExpenses": 0, "sellingAndMarketingExpenses": 0, "sellingGeneralAndAdministrativeExpenses": 1633000000, "otherExpenses": 0, "operatingExpenses": 1633000000, "costAndExpenses": 3695000000, "interestIncome": 63000000, "interestExpense": 207000000, "depreciationAndAmortization": 373000000, "ebitda": 2594000000, "ebitdaratio": 0.4384719405, "operatingIncome": 2221000000, "operatingIncomeRatio": 0.3754225828, "totalOtherIncomeExpensesNet": -286000000, "incomeBeforeTax": 1935000000, "incomeBeforeTaxRatio": 0.3270791075, "incomeTaxExpense": 327000000, "netIncome": 1607000000, "netIncomeRatio": 0.2716362407, "eps": 8.77, "epsdiluted": 8.73, "weightedAverageShsOut": 183200000, "weightedAverageShsOutDil": 184000000, "link": "https://www.sec.gov/Archives/edgar/data/1059556/000105955624000017/0001059556-24-000017-index.htm", "finalLink": "https://www.sec.gov/Archives/edgar/data/1059556/000105955624000017/mco-20231231.htm", "calculatedOtherExpenses": 0, "calculatedOperatingExpenses": 1633000000, "calculatedNetInterest": -144000000, "calculatedOtherIncome": -142000000, "calculatedIncomeNonControlling": 1000000, "calculatedEbitda": 2594000000}, {"date": "2022-12-31", "symbol": "MCO", "reportedCurrency": "USD", "cik": "0001059556", "fillingDate": "2023-02-15", "acceptedDate": "2023-02-15 16:51:09", "calendarYear": "2022", "period": "FY", "revenue": 5468000000, "costOfRevenue": 1613000000, "grossProfit": 3855000000, "grossProfitRatio": 0.7050109729, "researchAndDevelopmentExpenses": 0, "generalAndAdministrativeExpenses": 0, "sellingAndMarketingExpenses": 0, "sellingGeneralAndAdministrativeExpenses": 1527000000, "otherExpenses": 331000000, "operatingExpenses": 1858000000, "costAndExpenses": 3471000000, "interestIncome": 15000000, "interestExpense": 246000000, "depreciationAndAmortization": 508000000, "ebitda": 2391000000, "ebitdaratio": 0.4372713972, "operatingIncome": 1883000000, "operatingIncomeRatio": 0.3443672275, "totalOtherIncomeExpensesNet": -123000000, "incomeBeforeTax": 1760000000, "incomeBeforeTaxRatio": 0.321872714, "incomeTaxExpense": 386000000, "netIncome": 1374000000, "netIncomeRatio": 0.2512801756, "eps": 7.47, "epsdiluted": 7.44, "weightedAverageShsOut": 183900000, "weightedAverageShsOutDil": 184700000, "link": "https://www.sec.gov/Archives/edgar/data/1059556/000105955623000016/0001059556-23-000016-index.htm", "finalLink": "https://www.sec.gov/Archives/edgar/data/1059556/000105955623000016/mco-20221231.htm", "calculatedOtherExpenses": 445000000, "calculatedOperatingExpenses": 1972000000, "calculatedNetInterest": -231000000, "calculatedOtherIncome": 108000000, "calculatedIncomeNonControlling": 0, "calculatedEbitda": 2391000000}, {"date": "2021-12-31", "symbol": "MCO", "reportedCurrency": "USD", "cik": "0001059556", "fillingDate": "2022-02-22", "acceptedDate": "2022-02-18 19:42:35", "calendarYear": "2021", "period": "FY", "revenue": 6218000000, "costOfRevenue": 1637000000, "grossProfit": 4581000000, "grossProfitRatio": 0.7367320682, "researchAndDevelopmentExpenses": 0, "generalAndAdministrativeExpenses": 0, "sellingAndMarketingExpenses": 0, "sellingGeneralAndAdministrativeExpenses": 1480000000, "otherExpenses": 257000000, "operatingExpenses": 1737000000, "costAndExpenses": 3374000000, "interestIncome": 30000000, "interestExpense": 201000000, "depreciationAndAmortization": 383000000, "ebitda": 3227000000, "ebitdaratio": 0.5189771631, "operatingIncome": 2844000000, "operatingIncomeRatio": 0.4573817948, "totalOtherIncomeExpensesNet": -89000000, "incomeBeforeTax": 2755000000, "incomeBeforeTaxRatio": 0.4430685108, "incomeTaxExpense": 541000000, "netIncome": 2214000000, "netIncomeRatio": 0.3560630428, "eps": 11.88, "epsdiluted": 11.78, "weightedAverageShsOut": 186400000, "weightedAverageShsOutDil": 187900000, "link": "https://www.sec.gov/Archives/edgar/data/1059556/000105955622000012/0001059556-22-000012-index.htm", "finalLink": "https://www.sec.gov/Archives/edgar/data/1059556/000105955622000012/mco-20211231.htm", "calculatedOtherExpenses": 257000000, "calculatedOperatingExpenses": 1737000000, "calculatedNetInterest": -171000000, "calculatedOtherIncome": 82000000, "calculatedIncomeNonControlling": 0, "calculatedEbitda": 3227000000}, {"date": "2020-12-31", "symbol": "MCO", "reportedCurrency": "USD", "cik": "0001059556", "fillingDate": "2021-02-22", "acceptedDate": "2021-02-19 18:39:42", "calendarYear": "2020", "period": "FY", "revenue": 5371000000, "costOfRevenue": 1475000000, "grossProfit": 3896000000, "grossProfitRatio": 0.7253770248, "researchAndDevelopmentExpenses": 0, "generalAndAdministrativeExpenses": 0, "sellingAndMarketingExpenses": 0, "sellingGeneralAndAdministrativeExpenses": 1229000000, "otherExpenses": 220000000, "operatingExpenses": 1449000000, "costAndExpenses": 2924000000, "interestIncome": 11000000, "interestExpense": 216000000, "depreciationAndAmortization": 334000000, "ebitda": 2722000000, "ebitdaratio": 0.506795755, "operatingIncome": 2388000000, "operatingIncomeRatio": 0.4446099423, "totalOtherIncomeExpensesNet": -159000000, "incomeBeforeTax": 2229000000, "incomeBeforeTaxRatio": 0.4150065165, "incomeTaxExpense": 452000000, "netIncome": 1778000000, "netIncomeRatio": 0.3310370508, "eps": 9.48, "epsdiluted": 9.39, "weightedAverageShsOut": 187600000, "weightedAverageShsOutDil": 189300000, "link": "https://www.sec.gov/Archives/edgar/data/1059556/000105955621000010/0001059556-21-000010-index.htm", "finalLink": "https://www.sec.gov/Archives/edgar/data/1059556/000105955621000010/mco-20201231.htm", "calculatedOtherExpenses": 279000000, "calculatedOperatingExpenses": 1508000000, "calculatedNetInterest": -205000000, "calculatedOtherIncome": 46000000, "calculatedIncomeNonControlling": -1000000, "calculatedEbitda": 2722000000}, {"date": "2019-12-31", "symbol": "MCO", "reportedCurrency": "USD", "cik": "0001059556", "fillingDate": "2020-02-24", "acceptedDate": "2020-02-21 18:43:29", "calendarYear": "2019", "period": "FY", "revenue": 4829000000, "costOfRevenue": 1387000000, "grossProfit": 3442000000, "grossProfitRatio": 0.7127769725, "researchAndDevelopmentExpenses": 0, "generalAndAdministrativeExpenses": 0, "sellingAndMarketingExpenses": 0, "sellingGeneralAndAdministrativeExpenses": 1167000000, "otherExpenses": 200000000, "operatingExpenses": 1367000000, "costAndExpenses": 2754000000, "interestIncome": 17000000, "interestExpense": 225000000, "depreciationAndAmortization": 332000000, "ebitda": 2330000000, "ebitdaratio": 0.4825015531, "operatingIncome": 1998000000, "operatingIncomeRatio": 0.4137502589, "totalOtherIncomeExpensesNet": -188000000, "incomeBeforeTax": 1810000000, "incomeBeforeTaxRatio": 0.3748188031, "incomeTaxExpense": 381000000, "netIncome": 1422000000, "netIncomeRatio": 0.2944709049, "eps": 7.51, "epsdiluted": 7.42, "weightedAverageShsOut": 189300000, "weightedAverageShsOutDil": 191600000, "link": "https://www.sec.gov/Archives/edgar/data/1059556/000105955620000005/0001059556-20-000005-index.htm", "finalLink": "https://www.sec.gov/Archives/edgar/data/1059556/000105955620000005/mco-20191231.htm", "calculatedOtherExpenses": 277000000, "calculatedOperatingExpenses": 1444000000, "calculatedNetInterest": -208000000, "calculatedOtherIncome": 20000000, "calculatedIncomeNonControlling": 7000000, "calculatedEbitda": 2330000000}, {"date": "2018-12-31", "symbol": "MCO", "reportedCurrency": "USD", "cik": "0001059556", "fillingDate": "2019-02-25", "acceptedDate": "2019-02-22 19:46:27", "calendarYear": "2018", "period": "FY", "revenue": 4442700000, "costOfRevenue": 1245500000, "grossProfit": 3197200000, "grossProfitRatio": 0.7196524636, "researchAndDevelopmentExpenses": 51100000, "generalAndAdministrativeExpenses": 0, "sellingAndMarketingExpenses": 0, "sellingGeneralAndAdministrativeExpenses": 1080100000, "otherExpenses": 16400000, "operatingExpenses": 1272000000, "costAndExpenses": 2517500000, "interestIncome": 14700000, "interestExpense": 230700000, "depreciationAndAmortization": 191900000, "ebitda": 2162000000, "ebitdaratio": 0.4866410066, "operatingIncome": 1868200000, "operatingIncomeRatio": 0.4205100502, "totalOtherIncomeExpensesNet": -38200000, "incomeBeforeTax": 1671000000, "incomeBeforeTaxRatio": 0.3761226281, "incomeTaxExpense": 351600000, "netIncome": 1309600000, "netIncomeRatio": 0.2947756995, "eps": 6.84, "epsdiluted": 6.74, "weightedAverageShsOut": 191600000, "weightedAverageShsOutDil": 194400000, "link": "https://www.sec.gov/Archives/edgar/data/1059556/000119312519048576/0001193125-19-048576-index.htm", "finalLink": "https://www.sec.gov/Archives/edgar/data/1059556/000119312519048576/d679514d10k.htm", "calculatedOtherExpenses": 197800000, "calculatedOperatingExpenses": 1329000000, "calculatedNetInterest": -216000000, "calculatedOtherIncome": 18800000, "calculatedIncomeNonControlling": 9800000, "calculatedEbitda": 2060100000}, {"date": "2017-12-31", "symbol": "MCO", "reportedCurrency": "USD", "cik": "0001059556", "fillingDate": "2018-02-27", "acceptedDate": "2018-02-26 21:08:03", "calendarYear": "2017", "period": "FY", "revenue": 4204100000, "costOfRevenue": 1222800000, "grossProfit": 2981300000, "grossProfitRatio": 0.7091410766, "researchAndDevelopmentExpenses": 42000000, "generalAndAdministrativeExpenses": 0, "sellingAndMarketingExpenses": 0, "sellingGeneralAndAdministrativeExpenses": 991400000, "otherExpenses": -1200000, "operatingExpenses": 1149700000, "costAndExpenses": 2372500000, "interestIncome": 16000000, "interestExpense": 204400000, "depreciationAndAmortization": 158300000, "ebitda": 2018000000, "ebitdaratio": 0.4800076116, "operatingIncome": 1809100000, "operatingIncomeRatio": 0.4303180229, "totalOtherIncomeExpensesNet": 143600000, "incomeBeforeTax": 1786800000, "incomeBeforeTaxRatio": 0.4250136771, "incomeTaxExpense": 779100000, "netIncome": 1000600000, "netIncomeRatio": 0.2380057563, "eps": 5.24, "epsdiluted": 5.15, "weightedAverageShsOut": 191100000, "weightedAverageShsOutDil": 194200000, "link": "https://www.sec.gov/Archives/edgar/data/1059556/000119312518058986/0001193125-18-058986-index.htm", "finalLink": "https://www.sec.gov/Archives/edgar/data/1059556/000119312518058986/d540752d10k.htm", "calculatedOtherExpenses": 138800000, "calculatedOperatingExpenses": 1172200000, "calculatedNetInterest": -188400000, "calculatedOtherIncome": 166100000, "calculatedIncomeNonControlling": 7100000, "calculatedEbitda": 1967400000}, {"date": "2016-12-31", "symbol": "MCO", "reportedCurrency": "USD", "cik": "0001059556", "fillingDate": "2017-02-24", "acceptedDate": "2017-02-23 21:20:50", "calendarYear": "2016", "period": "FY", "revenue": 3604200000, "costOfRevenue": 1026600000, "grossProfit": 2577600000, "grossProfitRatio": 0.7151656401, "researchAndDevelopmentExpenses": 40100000, "generalAndAdministrativeExpenses": 0, "sellingAndMarketingExpenses": 0, "sellingGeneralAndAdministrativeExpenses": 936400000, "otherExpenses": -6000000, "operatingExpenses": 1061500000, "costAndExpenses": 2088100000, "interestIncome": 10900000, "interestExpense": 148700000, "depreciationAndAmortization": 126700000, "ebitda": 1659100000, "ebitdaratio": 0.4603240664, "operatingIncome": 638700000, "operatingIncomeRatio": 0.1772099218, "totalOtherIncomeExpensesNet": -820300000, "incomeBeforeTax": 558000000, "incomeBeforeTaxRatio": 0.1548193774, "incomeTaxExpense": 282200000, "netIncome": 266600000, "netIncomeRatio": 0.0739692581, "eps": 1.38, "epsdiluted": 1.36, "weightedAverageShsOut": 192700000, "weightedAverageShsOutDil": 195400000, "link": "https://www.sec.gov/Archives/edgar/data/1059556/000119312517054522/0001193125-17-054522-index.htm", "finalLink": "https://www.sec.gov/Archives/edgar/data/1059556/000119312517054522/d330369d10k.htm", "calculatedOtherExpenses": 962400000, "calculatedOperatingExpenses": 1938900000, "calculatedNetInterest": -137800000, "calculatedOtherIncome": 57100000, "calculatedIncomeNonControlling": 9200000, "calculatedEbitda": 765400000}, {"date": "2015-12-31", "symbol": "MCO", "reportedCurrency": "USD", "cik": "0001059556", "fillingDate": "2016-02-25", "acceptedDate": "2016-02-24 21:23:27", "calendarYear": "2015", "period": "FY", "revenue": 3484500000, "costOfRevenue": 976300000, "grossProfit": 2508200000, "grossProfitRatio": 0.7198163295, "researchAndDevelopmentExpenses": 29100000, "generalAndAdministrativeExpenses": 0, "sellingAndMarketingExpenses": 0, "sellingGeneralAndAdministrativeExpenses": 921300000, "otherExpenses": 2000000, "operatingExpenses": 1028400000, "costAndExpenses": 2004700000, "interestIncome": 9700000, "interestExpense": 124800000, "depreciationAndAmortization": 113500000, "ebitda": 1616800000, "ebitdaratio": 0.4639977041, "operatingIncome": 1473400000, "operatingIncomeRatio": 0.4228440235, "totalOtherIncomeExpensesNet": 14900000, "incomeBeforeTax": 1379600000, "incomeBeforeTaxRatio": 0.3959248099, "incomeTaxExpense": 430000000, "netIncome": 941300000, "netIncomeRatio": 0.2701391878, "eps": 4.7, "epsdiluted": 4.63, "weightedAverageShsOut": 200100000, "weightedAverageShsOutDil": 203400000, "link": "https://www.sec.gov/Archives/edgar/data/1059556/000119312516476427/0001193125-16-476427-index.htm", "finalLink": "https://www.sec.gov/Archives/edgar/data/1059556/000119312516476427/d113422d10k.htm", "calculatedOtherExpenses": 84400000, "calculatedOperatingExpenses": 1034800000, "calculatedNetInterest": -115100000, "calculatedOtherIncome": 21300000, "calculatedIncomeNonControlling": 8300000, "calculatedEbitda": 1586900000}, {"date": "2014-12-31", "symbol": "MCO", "reportedCurrency": "USD", "cik": "0001059556", "fillingDate": "2015-02-26", "acceptedDate": "2015-02-25 21:10:31", "calendarYear": "2014", "period": "FY", "revenue": 3334300000, "costOfRevenue": 930300000, "grossProfit": 2404000000, "grossProfitRatio": 0.7209909126, "researchAndDevelopmentExpenses": 37900000, "generalAndAdministrativeExpenses": 0, "sellingAndMarketingExpenses": 0, "sellingGeneralAndAdministrativeExpenses": 869300000, "otherExpenses": -400000, "operatingExpenses": 958500000, "costAndExpenses": 1888800000, "interestIncome": 6700000, "interestExpense": 123500000, "depreciationAndAmortization": 95600000, "ebitda": 1557000000, "ebitdaratio": 0.4669645803, "operatingIncome": 1439100000, "operatingIncomeRatio": 0.4316048346, "totalOtherIncomeExpensesNet": 132300000, "incomeBeforeTax": 1461000000, "incomeBeforeTaxRatio": 0.4381729299, "incomeTaxExpense": 455000000, "netIncome": 988700000, "netIncomeRatio": 0.296524008, "eps": 4.69, "epsdiluted": 4.61, "weightedAverageShsOut": 210700000, "weightedAverageShsOutDil": 214700000, "link": "https://www.sec.gov/Archives/edgar/data/1059556/000119312515063352/0001193125-15-063352-index.htm", "finalLink": "https://www.sec.gov/Archives/edgar/data/1059556/000119312515063352/d846365d10k.htm", "calculatedOtherExpenses": 57700000, "calculatedOperatingExpenses": 964900000, "calculatedNetInterest": -116800000, "calculatedOtherIncome": 138700000, "calculatedIncomeNonControlling": 17300000, "calculatedEbitda": 1534700000}, {"date": "2013-12-31", "symbol": "MCO", "reportedCurrency": "USD", "cik": "0001059556", "fillingDate": "2014-02-27", "acceptedDate": "2014-02-26 20:15:50", "calendarYear": "2013", "period": "FY", "revenue": 2972500000, "costOfRevenue": 822400000, "grossProfit": 2150100000, "grossProfitRatio": 0.7233305299, "researchAndDevelopmentExpenses": 22800000, "generalAndAdministrativeExpenses": 0, "sellingAndMarketingExpenses": 0, "sellingGeneralAndAdministrativeExpenses": 822100000, "otherExpenses": -1500000, "operatingExpenses": 896300000, "costAndExpenses": 1718700000, "interestIncome": 5500000, "interestExpense": 97300000, "depreciationAndAmortization": 93400000, "ebitda": 1360000000, "ebitdaratio": 0.4575273339, "operatingIncome": 1234600000, "operatingIncomeRatio": 0.4153406224, "totalOtherIncomeExpensesNet": 7300000, "incomeBeforeTax": 1169300000, "incomeBeforeTaxRatio": 0.393372582, "incomeTaxExpense": 353400000, "netIncome": 804500000, "netIncomeRatio": 0.270647603, "eps": 3.67, "epsdiluted": 3.6, "weightedAverageShsOut": 219400000, "weightedAverageShsOutDil": 223500000, "link": "https://www.sec.gov/Archives/edgar/data/1059556/000119312514070371/0001193125-14-070371-index.htm", "finalLink": "https://www.sec.gov/Archives/edgar/data/1059556/000119312514070371/d665999d10k.htm", "calculatedOtherExpenses": 70600000, "calculatedOperatingExpenses": 915500000, "calculatedNetInterest": -91800000, "calculatedOtherIncome": 26500000, "calculatedIncomeNonControlling": 11400000, "calculatedEbitda": 1328000000}, {"date": "2012-12-31", "symbol": "MCO", "reportedCurrency": "USD", "cik": "0001059556", "fillingDate": "2013-02-26", "acceptedDate": "2013-02-25 19:19:12", "calendarYear": "2012", "period": "FY", "revenue": 2730300000, "costOfRevenue": 795000000, "grossProfit": 1935300000, "grossProfitRatio": 0.7088232062, "researchAndDevelopmentExpenses": 16100000, "generalAndAdministrativeExpenses": 0, "sellingAndMarketingExpenses": 0, "sellingGeneralAndAdministrativeExpenses": 752200000, "otherExpenses": -1300000, "operatingExpenses": 832900000, "costAndExpenses": 1627900000, "interestIncome": 5200000, "interestExpense": 69000000, "depreciationAndAmortization": 93500000, "ebitda": 1204600000, "ebitdaratio": 0.4411969381, "operatingIncome": 1077400000, "operatingIncomeRatio": 0.3946086511, "totalOtherIncomeExpensesNet": -14600000, "incomeBeforeTax": 1024000000, "incomeBeforeTaxRatio": 0.3750503608, "incomeTaxExpense": 324300000, "netIncome": 690000000, "netIncomeRatio": 0.2527194814, "eps": 3.09, "epsdiluted": 3.05, "weightedAverageShsOut": 223200000, "weightedAverageShsOutDil": 226600000, "link": "https://www.sec.gov/Archives/edgar/data/1059556/000119312513074571/0001193125-13-074571-index.htm", "finalLink": "https://www.sec.gov/Archives/edgar/data/1059556/000119312513074571/d447202d10k.htm", "calculatedOtherExpenses": 89600000, "calculatedOperatingExpenses": 857900000, "calculatedNetInterest": -63800000, "calculatedOtherIncome": 10400000, "calculatedIncomeNonControlling": 9700000, "calculatedEbitda": 1170900000}, {"date": "2011-12-31", "symbol": "MCO", "reportedCurrency": "USD", "cik": "0001059556", "fillingDate": "2012-02-27", "acceptedDate": "2012-02-27 16:22:01", "calendarYear": "2011", "period": "FY", "revenue": 2280700000, "costOfRevenue": 683500000, "grossProfit": 1597200000, "grossProfitRatio": 0.7003113079, "researchAndDevelopmentExpenses": 0, "generalAndAdministrativeExpenses": 0, "sellingAndMarketingExpenses": 0, "sellingGeneralAndAdministrativeExpenses": 629600000, "otherExpenses": 79200000, "operatingExpenses": 708800000, "costAndExpenses": 1392300000, "interestIncome": 5300000, "interestExpense": 62100000, "depreciationAndAmortization": 79200000, "ebitda": 967600000, "ebitdaratio": 0.424255711, "operatingIncome": 888400000, "operatingIncomeRatio": 0.3895295304, "totalOtherIncomeExpensesNet": 13500000, "incomeBeforeTax": 839800000, "incomeBeforeTaxRatio": 0.3682202832, "incomeTaxExpense": 261800000, "netIncome": 571400000, "netIncomeRatio": 0.2505371158, "eps": 2.52, "epsdiluted": 2.49, "weightedAverageShsOut": 226300000, "weightedAverageShsOutDil": 229400000, "link": "https://www.sec.gov/Archives/edgar/data/1059556/000119312512081639/0001193125-12-081639-index.htm", "finalLink": "https://www.sec.gov/Archives/edgar/data/1059556/000119312512081639/d256898d10k.htm", "calculatedOtherExpenses": 79200000, "calculatedOperatingExpenses": 708800000, "calculatedNetInterest": -56800000, "calculatedOtherIncome": 8200000, "calculatedIncomeNonControlling": 6600000, "calculatedEbitda": 967600000}, {"date": "2010-12-31", "symbol": "MCO", "reportedCurrency": "USD", "cik": "0001059556", "fillingDate": "2011-02-28", "acceptedDate": "2011-02-25 21:32:37", "calendarYear": "2010", "period": "FY", "revenue": 2032000000, "costOfRevenue": 604800000, "grossProfit": 1427200000, "grossProfitRatio": 0.7023622047, "researchAndDevelopmentExpenses": 0, "generalAndAdministrativeExpenses": 0, "sellingAndMarketingExpenses": 0, "sellingGeneralAndAdministrativeExpenses": 588000000, "otherExpenses": 66300000, "operatingExpenses": 654300000, "costAndExpenses": 1259100000, "interestIncome": 3100000, "interestExpense": 55600000, "depreciationAndAmortization": 66300000, "ebitda": 842300000, "ebitdaratio": 0.4145177165, "operatingIncome": 772800000, "operatingIncomeRatio": 0.3803149606, "totalOtherIncomeExpensesNet": -6000000, "incomeBeforeTax": 714400000, "incomeBeforeTaxRatio": 0.3515748031, "incomeTaxExpense": 201000000, "netIncome": 507800000, "netIncomeRatio": 0.2499015748, "eps": 2.16, "epsdiluted": 2.15, "weightedAverageShsOut": 235000000, "weightedAverageShsOutDil": 236600000, "link": "https://www.sec.gov/Archives/edgar/data/1059556/000119312511047974/0001193125-11-047974-index.htm", "finalLink": "https://www.sec.gov/Archives/edgar/data/1059556/000119312511047974/d10k.htm", "calculatedOtherExpenses": 66400000, "calculatedOperatingExpenses": 654400000, "calculatedNetInterest": -52500000, "calculatedOtherIncome": -5900000, "calculatedIncomeNonControlling": 5600000, "calculatedEbitda": 839100000}, {"date": "2009-12-31", "symbol": "MCO", "reportedCurrency": "USD", "cik": "0001059556", "fillingDate": "2010-03-01", "acceptedDate": "2010-02-26 21:39:46", "calendarYear": "2009", "period": "FY", "revenue": 1797200000, "costOfRevenue": 532400000, "grossProfit": 1264800000, "grossProfitRatio": 0.7037614066, "researchAndDevelopmentExpenses": 0, "generalAndAdministrativeExpenses": 0, "sellingAndMarketingExpenses": 0, "sellingGeneralAndAdministrativeExpenses": 495700000, "otherExpenses": 64100000, "operatingExpenses": 559800000, "costAndExpenses": 1092200000, "interestIncome": 2500000, "interestExpense": 35900000, "depreciationAndAmortization": 64100000, "ebitda": 771600000, "ebitdaratio": 0.4293345204, "operatingIncome": 687500000, "operatingIncomeRatio": 0.3825395059, "totalOtherIncomeExpensesNet": -25400000, "incomeBeforeTax": 646200000, "incomeBeforeTaxRatio": 0.3595593145, "incomeTaxExpense": 239100000, "netIncome": 402000000, "netIncomeRatio": 0.223681282, "eps": 1.7, "epsdiluted": 1.69, "weightedAverageShsOut": 236100000, "weightedAverageShsOutDil": 237800000, "link": "https://www.sec.gov/Archives/edgar/data/1059556/000119312510043405/0001193125-10-043405-index.htm", "finalLink": "https://www.sec.gov/Archives/edgar/data/1059556/000119312510043405/d10k.htm", "calculatedOtherExpenses": 81600000, "calculatedOperatingExpenses": 577300000, "calculatedNetInterest": -33400000, "calculatedOtherIncome": -7900000, "calculatedIncomeNonControlling": 5100000, "calculatedEbitda": 751600000}, {"date": "2008-12-31", "symbol": "MCO", "reportedCurrency": "USD", "cik": "0001059556", "fillingDate": "2009-03-02", "acceptedDate": "2009-02-27 20:20:20", "calendarYear": "2008", "period": "FY", "revenue": 1755400000, "costOfRevenue": 493300000, "grossProfit": 1262100000, "grossProfitRatio": 0.7189814287, "researchAndDevelopmentExpenses": 0, "generalAndAdministrativeExpenses": 0, "sellingAndMarketingExpenses": 0, "sellingGeneralAndAdministrativeExpenses": 441300000, "otherExpenses": 75100000, "operatingExpenses": 516400000, "costAndExpenses": 1009700000, "interestIncome": 0, "interestExpense": 22400000, "depreciationAndAmortization": 75100000, "ebitda": 784500000, "ebitdaratio": 0.4469066879, "operatingIncome": 748200000, "operatingIncomeRatio": 0.4262276404, "totalOtherIncomeExpensesNet": 36300000, "incomeBeforeTax": 725800000, "incomeBeforeTaxRatio": 0.4134670161, "incomeTaxExpense": 268200000, "netIncome": 457600000, "netIncomeRatio": 0.2606813262, "eps": 1.89, "epsdiluted": 1.87, "weightedAverageShsOut": 242400000, "weightedAverageShsOutDil": 245300000, "link": "https://www.sec.gov/Archives/edgar/data/1059556/000119312509041352/0001193125-09-041352-index.htm", "finalLink": "https://www.sec.gov/Archives/edgar/data/1059556/000119312509041352/d10k.htm", "calculatedOtherExpenses": 72600000, "calculatedOperatingExpenses": 513900000, "calculatedNetInterest": -22400000, "calculatedOtherIncome": 0, "calculatedIncomeNonControlling": 0, "calculatedEbitda": 823300000}, {"date": "2007-12-31", "symbol": "MCO", "reportedCurrency": "USD", "cik": "0001059556", "fillingDate": "2008-02-29", "acceptedDate": "2008-02-29 06:22:06", "calendarYear": "2007", "period": "FY", "revenue": 2259000000, "costOfRevenue": 584000000, "grossProfit": 1675000000, "grossProfitRatio": 0.7414785303, "researchAndDevelopmentExpenses": 0, "generalAndAdministrativeExpenses": 0, "sellingAndMarketingExpenses": 0, "sellingGeneralAndAdministrativeExpenses": 451100000, "otherExpenses": 42900000, "operatingExpenses": 494000000, "costAndExpenses": 1078000000, "interestIncome": 0, "interestExpense": 14300000, "depreciationAndAmortization": 42900000, "ebitda": 1263900000, "ebitdaratio": 0.5594953519, "operatingIncome": 1131000000, "operatingIncomeRatio": 0.5006640106, "totalOtherIncomeExpensesNet": -40000000, "incomeBeforeTax": 1116700000, "incomeBeforeTaxRatio": 0.494333776, "incomeTaxExpense": 415200000, "netIncome": 701500000, "netIncomeRatio": 0.3105356352, "eps": 2.63, "epsdiluted": 2.58, "weightedAverageShsOut": 266400000, "weightedAverageShsOutDil": 272200000, "link": "https://www.sec.gov/Archives/edgar/data/1059556/000119312508042583/0001193125-08-042583-index.htm", "finalLink": "https://www.sec.gov/Archives/edgar/data/1059556/000119312508042583/d10k.htm", "calculatedOtherExpenses": 92900000, "calculatedOperatingExpenses": 544000000, "calculatedNetInterest": -14300000, "calculatedOtherIncome": 0, "calculatedIncomeNonControlling": 0, "calculatedEbitda": 1173900000}, {"date": "2006-12-31", "symbol": "MCO", "reportedCurrency": "USD", "cik": "0001059556", "fillingDate": "2007-03-01", "acceptedDate": "2007-02-28 19:03:56", "calendarYear": "2006", "period": "FY", "revenue": 2037100000, "costOfRevenue": 539400000, "grossProfit": 1497700000, "grossProfitRatio": 0.7352118207, "researchAndDevelopmentExpenses": 0, "generalAndAdministrativeExpenses": 0, "sellingAndMarketingExpenses": 0, "sellingGeneralAndAdministrativeExpenses": 359300000, "otherExpenses": -121100000, "operatingExpenses": 238200000, "costAndExpenses": 777600000, "interestIncome": 0, "interestExpense": -1000000, "depreciationAndAmortization": 39500000, "ebitda": 1140400000, "ebitdaratio": 0.5598154239, "operatingIncome": 1259500000, "operatingIncomeRatio": 0.6182808895, "totalOtherIncomeExpensesNet": 158600000, "incomeBeforeTax": 1260500000, "incomeBeforeTaxRatio": 0.6187717834, "incomeTaxExpense": 506600000, "netIncome": 753900000, "netIncomeRatio": 0.3700849246, "eps": 2.65, "epsdiluted": 2.58, "weightedAverageShsOut": 284200000, "weightedAverageShsOutDil": 291900000, "link": "https://www.sec.gov/Archives/edgar/data/1059556/000119312507043002/0001193125-07-043002-index.htm", "finalLink": "https://www.sec.gov/Archives/edgar/data/1059556/000119312507043002/d10k.htm", "calculatedOtherExpenses": -121100000, "calculatedOperatingExpenses": 238200000, "calculatedNetInterest": 1000000, "calculatedOtherIncome": 0, "calculatedIncomeNonControlling": 0, "calculatedEbitda": 1299000000}, {"date": "2005-12-31", "symbol": "MCO", "reportedCurrency": "USD", "cik": "0001059556", "fillingDate": "2006-03-01", "acceptedDate": "2006-03-01 06:10:29", "calendarYear": "2005", "period": "FY", "revenue": 1731600000, "costOfRevenue": 452900000, "grossProfit": 1278700000, "grossProfitRatio": 0.7384499884, "researchAndDevelopmentExpenses": 0, "generalAndAdministrativeExpenses": 0, "sellingAndMarketingExpenses": 0, "sellingGeneralAndAdministrativeExpenses": 303900000, "otherExpenses": 35200000, "operatingExpenses": 339100000, "costAndExpenses": 792000000, "interestIncome": 0, "interestExpense": 4900000, "depreciationAndAmortization": 35200000, "ebitda": 984700000, "ebitdaratio": 0.5686648187, "operatingIncome": 939600000, "operatingIncomeRatio": 0.5426195426, "totalOtherIncomeExpensesNet": -9900000, "incomeBeforeTax": 934700000, "incomeBeforeTaxRatio": 0.5397897898, "incomeTaxExpense": 373900000, "netIncome": 560800000, "netIncomeRatio": 0.3238623239, "eps": 1.88, "epsdiluted": 1.84, "weightedAverageShsOut": 297700000, "weightedAverageShsOutDil": 305600000, "link": "https://www.sec.gov/Archives/edgar/data/1059556/000119312506041923/0001193125-06-041923-index.htm", "finalLink": "https://www.sec.gov/Archives/edgar/data/1059556/000119312506041923/d10k.htm", "calculatedOtherExpenses": 35200000, "calculatedOperatingExpenses": 339100000, "calculatedNetInterest": -4900000, "calculatedOtherIncome": 0, "calculatedIncomeNonControlling": 0, "calculatedEbitda": 974800000}, {"date": "2004-12-31", "symbol": "MCO", "reportedCurrency": "USD", "cik": "0001059556", "fillingDate": "2005-03-08", "acceptedDate": "2005-03-08 17:12:58", "calendarYear": "2004", "period": "FY", "revenue": 1438300000, "costOfRevenue": 375400000, "grossProfit": 1062900000, "grossProfitRatio": 0.7389974275, "researchAndDevelopmentExpenses": 0, "generalAndAdministrativeExpenses": 0, "sellingAndMarketingExpenses": 0, "sellingGeneralAndAdministrativeExpenses": 242400000, "otherExpenses": 34100000, "operatingExpenses": 276500000, "costAndExpenses": 651900000, "interestIncome": 0, "interestExpense": 15100000, "depreciationAndAmortization": 34100000, "ebitda": 819400000, "ebitdaratio": 0.5697003407, "operatingIncome": 786400000, "operatingIncomeRatio": 0.5467565876, "totalOtherIncomeExpensesNet": 1100000, "incomeBeforeTax": 771300000, "incomeBeforeTaxRatio": 0.5362580825, "incomeTaxExpense": 346200000, "netIncome": 425100000, "netIncomeRatio": 0.2955572551, "eps": 1.43, "epsdiluted": 1.4, "weightedAverageShsOut": 297000000, "weightedAverageShsOutDil": 304700000, "link": "https://www.sec.gov/Archives/edgar/data/1059556/000095012305002773/0000950123-05-002773-index.htm", "finalLink": "https://www.sec.gov/Archives/edgar/data/1059556/000095012305002773/y06374e10vk.htm", "calculatedOtherExpenses": 34100000, "calculatedOperatingExpenses": 276500000, "calculatedNetInterest": -15100000, "calculatedOtherIncome": 0, "calculatedIncomeNonControlling": 0, "calculatedEbitda": 820500000}, {"date": "2003-12-31", "symbol": "MCO", "reportedCurrency": "USD", "cik": "0001059556", "fillingDate": "2004-03-12", "acceptedDate": "2004-03-12 17:11:39", "calendarYear": "2003", "period": "FY", "revenue": 1246600000, "costOfRevenue": 347300000, "grossProfit": 899300000, "grossProfitRatio": 0.721402214, "researchAndDevelopmentExpenses": 0, "generalAndAdministrativeExpenses": 0, "sellingAndMarketingExpenses": 0, "sellingGeneralAndAdministrativeExpenses": 203600000, "otherExpenses": 32600000, "operatingExpenses": 236200000, "costAndExpenses": 583500000, "interestIncome": 0, "interestExpense": 6700000, "depreciationAndAmortization": 32600000, "ebitda": 680600000, "ebitdaratio": 0.5459650249, "operatingIncome": 663100000, "operatingIncomeRatio": 0.531926841, "totalOtherIncomeExpensesNet": 15100000, "incomeBeforeTax": 656400000, "incomeBeforeTaxRatio": 0.526552222, "incomeTaxExpense": 292500000, "netIncome": 363900000, "netIncomeRatio": 0.2919140061, "eps": 1.22, "epsdiluted": 1.19, "weightedAverageShsOut": 297800000, "weightedAverageShsOutDil": 304600000, "link": "https://www.sec.gov/Archives/edgar/data/1059556/000095012304003262/0000950123-04-003262-index.htm", "finalLink": "https://www.sec.gov/Archives/edgar/data/1059556/000095012304003262/y95090e10vk.htm", "calculatedOtherExpenses": 32600000, "calculatedOperatingExpenses": 236200000, "calculatedNetInterest": -6700000, "calculatedOtherIncome": 0, "calculatedIncomeNonControlling": 0, "calculatedEbitda": 695700000}, {"date": "2002-12-31", "symbol": "MCO", "reportedCurrency": "USD", "cik": "0001059556", "fillingDate": "2003-03-21", "acceptedDate": "2003-03-21 15:24:44", "calendarYear": "2002", "period": "FY", "revenue": 1023300000, "costOfRevenue": 285300000, "grossProfit": 738000000, "grossProfitRatio": 0.7211961302, "researchAndDevelopmentExpenses": 0, "generalAndAdministrativeExpenses": 0, "sellingAndMarketingExpenses": 0, "sellingGeneralAndAdministrativeExpenses": 175300000, "otherExpenses": 24600000, "operatingExpenses": 199900000, "costAndExpenses": 485200000, "interestIncome": 0, "interestExpense": 20700000, "depreciationAndAmortization": 24600000, "ebitda": 562200000, "ebitdaratio": 0.5493990032, "operatingIncome": 538100000, "operatingIncomeRatio": 0.5258477475, "totalOtherIncomeExpensesNet": 500000, "incomeBeforeTax": 517400000, "incomeBeforeTaxRatio": 0.5056190755, "incomeTaxExpense": 228500000, "netIncome": 288900000, "netIncomeRatio": 0.2823218997, "eps": 0.94, "epsdiluted": 0.92, "weightedAverageShsOut": 307800000, "weightedAverageShsOutDil": 315000000, "link": "https://www.sec.gov/Archives/edgar/data/1059556/000095012303003112/0000950123-03-003112-index.htm", "finalLink": "https://www.sec.gov/Archives/edgar/data/1059556/000095012303003112/y83456e10vk.htm", "calculatedOtherExpenses": 24600000, "calculatedOperatingExpenses": 199900000, "calculatedNetInterest": -20700000, "calculatedOtherIncome": 0, "calculatedIncomeNonControlling": 0, "calculatedEbitda": 562700000}, {"date": "2001-12-31", "symbol": "MCO", "reportedCurrency": "USD", "cik": "0001059556", "fillingDate": "2002-03-22", "acceptedDate": "2002-03-22 00:00:00", "calendarYear": "2001", "period": "FY", "revenue": 796700000, "costOfRevenue": 239600000, "grossProfit": 557100000, "grossProfitRatio": 0.6992594452, "researchAndDevelopmentExpenses": 0, "generalAndAdministrativeExpenses": 141600000, "sellingAndMarketingExpenses": 0, "sellingGeneralAndAdministrativeExpenses": 141600000, "otherExpenses": 17000000, "operatingExpenses": 158600000, "costAndExpenses": 398200000, "interestIncome": 0, "interestExpense": 16600000, "depreciationAndAmortization": 17000000, "ebitda": 415600000, "ebitdaratio": 0.5216518137, "operatingIncome": 398500000, "operatingIncomeRatio": 0.5001882766, "totalOtherIncomeExpensesNet": -100000, "incomeBeforeTax": 381900000, "incomeBeforeTaxRatio": 0.4793523284, "incomeTaxExpense": 169700000, "netIncome": 212200000, "netIncomeRatio": 0.2663486883, "eps": 0.67, "epsdiluted": 0.66, "weightedAverageShsOut": 315200000, "weightedAverageShsOutDil": 320400000, "link": "https://www.sec.gov/Archives/edgar/data/1059556/000095012302002821/0000950123-02-002821-index.htm", "finalLink": "https://www.sec.gov/Archives/edgar/data/1059556/000095012302002821/y58653e10-k405.htm", "calculatedOtherExpenses": 17000000, "calculatedOperatingExpenses": 158600000, "calculatedNetInterest": -16600000, "calculatedOtherIncome": 0, "calculatedIncomeNonControlling": 0, "calculatedEbitda": 415500000}, {"date": "2000-12-31", "symbol": "MCO", "reportedCurrency": "USD", "cik": "0001059556", "fillingDate": "2001-03-15", "acceptedDate": "2001-03-15 00:00:00", "calendarYear": "2000", "period": "FY", "revenue": 602300000, "costOfRevenue": 189600000, "grossProfit": 412700000, "grossProfitRatio": 0.6852067076, "researchAndDevelopmentExpenses": 0, "generalAndAdministrativeExpenses": 107600000, "sellingAndMarketingExpenses": 0, "sellingGeneralAndAdministrativeExpenses": 107600000, "otherExpenses": 16600000, "operatingExpenses": 124200000, "costAndExpenses": 313800000, "interestIncome": 0, "interestExpense": 4500000, "depreciationAndAmortization": 16600000, "ebitda": 306000000, "ebitdaratio": 0.5080524655, "operatingIncome": 288500000, "operatingIncomeRatio": 0.4789971775, "totalOtherIncomeExpensesNet": -900000, "incomeBeforeTax": 284000000, "incomeBeforeTaxRatio": 0.4715258177, "incomeTaxExpense": 125500000, "netIncome": 158500000, "netIncomeRatio": 0.2631578947, "eps": 0.49, "epsdiluted": 0.49, "weightedAverageShsOut": 323400000, "weightedAverageShsOutDil": 326000000, "link": "https://www.sec.gov/Archives/edgar/data/1059556/000095012301002310/0000950123-01-002310-index.htm", "finalLink": "https://www.sec.gov/Archives/edgar/data/1059556/000095012301002310/y46068e10-k405.txt", "calculatedOtherExpenses": 16600000, "calculatedOperatingExpenses": 124200000, "calculatedNetInterest": -4500000, "calculatedOtherIncome": 0, "calculatedIncomeNonControlling": 0, "calculatedEbitda": 305100000}, {"date": "1999-12-31", "symbol": "MCO", "reportedCurrency": "USD", "cik": "0001059556", "fillingDate": "2000-02-16", "acceptedDate": "2000-02-16 00:00:00", "calendarYear": "1999", "period": "FY", "revenue": 1971800000, "costOfRevenue": 559500000, "grossProfit": 1412300000, "grossProfitRatio": 0.7162491125, "researchAndDevelopmentExpenses": 0, "generalAndAdministrativeExpenses": 791300000, "sellingAndMarketingExpenses": 0, "sellingGeneralAndAdministrativeExpenses": 791300000, "otherExpenses": 140900000, "operatingExpenses": 932200000, "costAndExpenses": 1491700000, "interestIncome": 0, "interestExpense": 45200000, "depreciationAndAmortization": 140900000, "ebitda": 638800000, "ebitdaratio": 0.3239679481, "operatingIncome": 480100000, "operatingIncomeRatio": 0.2434831119, "totalOtherIncomeExpensesNet": -17800000, "incomeBeforeTax": 434900000, "incomeBeforeTaxRatio": 0.2205598945, "incomeTaxExpense": 178900000, "netIncome": 256000000, "netIncomeRatio": 0.1298306116, "eps": 0.79, "epsdiluted": 0.78, "weightedAverageShsOut": 324600000, "weightedAverageShsOutDil": 328600000, "link": "https://www.sec.gov/Archives/edgar/data/1059556/000095012300001384/0000950123-00-001384-index.html", "finalLink": "https://www.sec.gov/Archives/edgar/data/1059556/000095012300001384/", "calculatedOtherExpenses": 140900000, "calculatedOperatingExpenses": 932200000, "calculatedNetInterest": -45200000, "calculatedOtherIncome": 0, "calculatedIncomeNonControlling": 0, "calculatedEbitda": 621000000}, {"date": "1998-12-31", "symbol": "MCO", "reportedCurrency": "USD", "cik": "0001059556", "fillingDate": "1999-02-16", "acceptedDate": "1999-02-16 00:00:00", "calendarYear": "1998", "period": "FY", "revenue": 1934500000, "costOfRevenue": 568200000, "grossProfit": 1366300000, "grossProfitRatio": 0.7062806927, "researchAndDevelopmentExpenses": 0, "generalAndAdministrativeExpenses": 776000000, "sellingAndMarketingExpenses": 0, "sellingGeneralAndAdministrativeExpenses": 776000000, "otherExpenses": 141600000, "operatingExpenses": 917600000, "costAndExpenses": 1485800000, "interestIncome": 0, "interestExpense": 15200000, "depreciationAndAmortization": 141600000, "ebitda": 627100000, "ebitdaratio": 0.3241664513, "operatingIncome": 448700000, "operatingIncomeRatio": 0.2319462393, "totalOtherIncomeExpensesNet": -36800000, "incomeBeforeTax": 399800000, "incomeBeforeTaxRatio": 0.2066683898, "incomeTaxExpense": 153400000, "netIncome": 280100000, "netIncomeRatio": 0.1447919359, "eps": 0.83, "epsdiluted": 0.82, "weightedAverageShsOut": 338984000, "weightedAverageShsOutDil": 343406000, "link": "https://www.sec.gov/Archives/edgar/data/1059556/000095012399001236/0000950123-99-001236-index.html", "finalLink": "https://www.sec.gov/Archives/edgar/data/1059556/", "calculatedOtherExpenses": 141600000, "calculatedOperatingExpenses": 917600000, "calculatedNetInterest": -15200000, "calculatedOtherIncome": -33700000, "calculatedIncomeNonControlling": -33700000, "calculatedEbitda": 590300000}]}