{"originalCurrency": "USD", "convertedCurrency": "USD", "report": [{"date": "2023-12-31", "symbol": "MCY", "reportedCurrency": "USD", "cik": "0000064996", "fillingDate": "2024-02-13", "acceptedDate": "2024-02-13 16:10:57", "calendarYear": "2023", "period": "FY", "revenue": 4629631000, "costOfRevenue": 279656000, "grossProfit": 4349975000, "grossProfitRatio": 0.9395943219, "researchAndDevelopmentExpenses": 0, "generalAndAdministrativeExpenses": 12774000, "sellingAndMarketingExpenses": 8900000, "sellingGeneralAndAdministrativeExpenses": 21674000, "otherExpenses": -4250547000, "operatingExpenses": -4250547000, "costAndExpenses": 4530203000, "interestIncome": 0, "interestExpense": 24169000, "depreciationAndAmortization": 72240000, "ebitda": 99428000, "ebitdaratio": 0.0214764416, "operatingIncome": 99428000, "operatingIncomeRatio": 0.0214764416, "totalOtherIncomeExpensesNet": 19609000, "incomeBeforeTax": 99428000, "incomeBeforeTaxRatio": 0.0214764416, "incomeTaxExpense": 3092000, "netIncome": 96336000, "netIncomeRatio": 0.0208085698, "eps": 1.74, "epsdiluted": 1.74, "weightedAverageShsOut": 55371000, "weightedAverageShsOutDil": 55371000, "link": "https://www.sec.gov/Archives/edgar/data/64996/000006499624000002/0000064996-24-000002-index.htm", "finalLink": "https://www.sec.gov/Archives/edgar/data/64996/000006499624000002/mcy-20231231.htm", "calculatedOtherExpenses": 4228873000, "calculatedOperatingExpenses": 4250547000, "calculatedNetInterest": -24169000, "calculatedOtherIncome": 24169000, "calculatedIncomeNonControlling": 0, "calculatedEbitda": 171668000}, {"date": "2022-12-31", "symbol": "MCY", "reportedCurrency": "USD", "cik": "0000064996", "fillingDate": "2023-02-14", "acceptedDate": "2023-02-14 16:13:26", "calendarYear": "2022", "period": "FY", "revenue": 3643066000, "costOfRevenue": 279718000, "grossProfit": 3363348000, "grossProfitRatio": 0.9232190688, "researchAndDevelopmentExpenses": 0, "generalAndAdministrativeExpenses": 16931000, "sellingAndMarketingExpenses": 11800000, "sellingGeneralAndAdministrativeExpenses": 28731000, "otherExpenses": 279718000, "operatingExpenses": 279718000, "costAndExpenses": 4313781000, "interestIncome": 17232000, "interestExpense": 17232000, "depreciationAndAmortization": 82390000, "ebitda": -272239000, "ebitdaratio": -0.0747279901, "operatingIncome": -354629000, "operatingIncomeRatio": -0.0973435562, "totalOtherIncomeExpensesNet": -316086000, "incomeBeforeTax": -670715000, "incomeBeforeTaxRatio": -0.1841072877, "incomeTaxExpense": -158043000, "netIncome": -512672000, "netIncomeRatio": -0.1407254219, "eps": -9.26, "epsdiluted": -9.26, "weightedAverageShsOut": 55371000, "weightedAverageShsOutDil": 55371000, "link": "https://www.sec.gov/Archives/edgar/data/64996/000006499623000004/0000064996-23-000004-index.htm", "finalLink": "https://www.sec.gov/Archives/edgar/data/64996/000006499623000004/mcy-20221231.htm", "calculatedOtherExpenses": 3689246000, "calculatedOperatingExpenses": 3717977000, "calculatedNetInterest": 0, "calculatedOtherIncome": -316086000, "calculatedIncomeNonControlling": 0, "calculatedEbitda": -272239000}, {"date": "2021-12-31", "symbol": "MCY", "reportedCurrency": "USD", "cik": "0000064996", "fillingDate": "2022-02-15", "acceptedDate": "2022-02-15 16:08:13", "calendarYear": "2021", "period": "FY", "revenue": 3993357000, "costOfRevenue": 283397000, "grossProfit": 3709960000, "grossProfitRatio": 0.9290328914, "researchAndDevelopmentExpenses": 0, "generalAndAdministrativeExpenses": 17346000, "sellingAndMarketingExpenses": 50100000, "sellingGeneralAndAdministrativeExpenses": 67446000, "otherExpenses": -3704074000, "operatingExpenses": -3704074000, "costAndExpenses": 3694050000, "interestIncome": 17113000, "interestExpense": 17113000, "depreciationAndAmortization": 79056000, "ebitda": 368339000, "ebitdaratio": 0.0922379341, "operatingIncome": 289283000, "operatingIncomeRatio": 0.0724410565, "totalOtherIncomeExpensesNet": 10024000, "incomeBeforeTax": 299307000, "incomeBeforeTaxRatio": 0.0749512252, "incomeTaxExpense": 51370000, "netIncome": 247937000, "netIncomeRatio": 0.0620873616, "eps": 4.48, "epsdiluted": 4.48, "weightedAverageShsOut": 55368000, "weightedAverageShsOutDil": 55374000, "link": "https://www.sec.gov/Archives/edgar/data/64996/000006499622000004/0000064996-22-000004-index.htm", "finalLink": "https://www.sec.gov/Archives/edgar/data/64996/000006499622000004/mcy-20211231.htm", "calculatedOtherExpenses": 3353231000, "calculatedOperatingExpenses": 3420677000, "calculatedNetInterest": 0, "calculatedOtherIncome": 10024000, "calculatedIncomeNonControlling": 0, "calculatedEbitda": 368339000}, {"date": "2020-12-31", "symbol": "MCY", "reportedCurrency": "USD", "cik": "0000064996", "fillingDate": "2021-02-16", "acceptedDate": "2021-02-16 16:16:11", "calendarYear": "2020", "period": "FY", "revenue": 3784511000, "costOfRevenue": 285831000, "grossProfit": 3498680000, "grossProfitRatio": 0.9244734657, "researchAndDevelopmentExpenses": 0, "generalAndAdministrativeExpenses": 17511000, "sellingAndMarketingExpenses": 37700000, "sellingGeneralAndAdministrativeExpenses": 55211000, "otherExpenses": -3334297000, "operatingExpenses": -3334297000, "costAndExpenses": 3326010000, "interestIncome": 17048000, "interestExpense": 17048000, "depreciationAndAmortization": 68463000, "ebitda": 518677000, "ebitdaratio": 0.1370525809, "operatingIncome": 450214000, "operatingIncomeRatio": 0.1189622649, "totalOtherIncomeExpensesNet": 8287000, "incomeBeforeTax": 458501000, "incomeBeforeTaxRatio": 0.1211519797, "incomeTaxExpense": 83894000, "netIncome": 374607000, "netIncomeRatio": 0.0989842545, "eps": 6.77, "epsdiluted": 6.77, "weightedAverageShsOut": 55358000, "weightedAverageShsOutDil": 55358000, "link": "https://www.sec.gov/Archives/edgar/data/64996/000006499621000004/0000064996-21-000004-index.htm", "finalLink": "https://www.sec.gov/Archives/edgar/data/64996/000006499621000004/mcy-20201231.htm", "calculatedOtherExpenses": 2993255000, "calculatedOperatingExpenses": 3048466000, "calculatedNetInterest": 0, "calculatedOtherIncome": 8287000, "calculatedIncomeNonControlling": 0, "calculatedEbitda": 518677000}, {"date": "2019-12-31", "symbol": "MCY", "reportedCurrency": "USD", "cik": "0000064996", "fillingDate": "2020-02-12", "acceptedDate": "2020-02-12 15:13:54", "calendarYear": "2019", "period": "FY", "revenue": 3972518000, "costOfRevenue": 269305000, "grossProfit": 3703213000, "grossProfitRatio": 0.932207985, "researchAndDevelopmentExpenses": 0, "generalAndAdministrativeExpenses": 17342000, "sellingAndMarketingExpenses": 42200000, "sellingGeneralAndAdministrativeExpenses": 59542000, "otherExpenses": -3603493000, "operatingExpenses": -3603493000, "costAndExpenses": 3594449000, "interestIncome": 17035000, "interestExpense": 17035000, "depreciationAndAmortization": 64730000, "ebitda": 433755000, "ebitdaratio": 0.1091889326, "operatingIncome": 369025000, "operatingIncomeRatio": 0.0928944815, "totalOtherIncomeExpensesNet": 9044000, "incomeBeforeTax": 378069000, "incomeBeforeTaxRatio": 0.0951711232, "incomeTaxExpense": 57982000, "netIncome": 320087000, "netIncomeRatio": 0.0805753429, "eps": 5.78, "epsdiluted": 5.78, "weightedAverageShsOut": 55351000, "weightedAverageShsOutDil": 55360000, "link": "https://www.sec.gov/Archives/edgar/data/64996/000006499620000012/0000064996-20-000012-index.htm", "finalLink": "https://www.sec.gov/Archives/edgar/data/64996/000006499620000012/mcy-20191231x10k.htm", "calculatedOtherExpenses": 3274646000, "calculatedOperatingExpenses": 3334188000, "calculatedNetInterest": 0, "calculatedOtherIncome": 9044000, "calculatedIncomeNonControlling": 0, "calculatedEbitda": 433755000}, {"date": "2018-12-31", "symbol": "MCY", "reportedCurrency": "USD", "cik": "0000064996", "fillingDate": "2019-02-13", "acceptedDate": "2019-02-13 15:08:35", "calendarYear": "2018", "period": "FY", "revenue": 3380004000, "costOfRevenue": 244630000, "grossProfit": 3135374000, "grossProfitRatio": 0.927624346, "researchAndDevelopmentExpenses": 0, "generalAndAdministrativeExpenses": 0, "sellingAndMarketingExpenses": 40900000, "sellingGeneralAndAdministrativeExpenses": 40900000, "otherExpenses": -3393583000, "operatingExpenses": -3393583000, "costAndExpenses": 3410619000, "interestIncome": 0, "interestExpense": 17036000, "depreciationAndAmortization": 58791000, "ebitda": 45212000, "ebitdaratio": 0.0133763155, "operatingIncome": -13579000, "operatingIncomeRatio": -0.0040174509, "totalOtherIncomeExpensesNet": 9275000, "incomeBeforeTax": -30615000, "incomeBeforeTaxRatio": -0.0090576816, "incomeTaxExpense": -24887000, "netIncome": -5728000, "netIncomeRatio": -0.0016946726, "eps": -0.1, "epsdiluted": -0.1, "weightedAverageShsOut": 55335000, "weightedAverageShsOutDil": 55335000, "link": "https://www.sec.gov/Archives/edgar/data/64996/000006499619000004/0000064996-19-000004-index.htm", "finalLink": "https://www.sec.gov/Archives/edgar/data/64996/000006499619000004/mcy-20181231x10k.htm", "calculatedOtherExpenses": 3108053000, "calculatedOperatingExpenses": 3148953000, "calculatedNetInterest": -17036000, "calculatedOtherIncome": 0, "calculatedIncomeNonControlling": 0, "calculatedEbitda": 45212000}, {"date": "2017-12-31", "symbol": "MCY", "reportedCurrency": "USD", "cik": "0000064996", "fillingDate": "2018-02-08", "acceptedDate": "2018-02-08 16:37:49", "calendarYear": "2017", "period": "FY", "revenue": 3415962000, "costOfRevenue": 233475000, "grossProfit": 3182487000, "grossProfitRatio": 0.9316517573, "researchAndDevelopmentExpenses": 0, "generalAndAdministrativeExpenses": 0, "sellingAndMarketingExpenses": 37400000, "sellingGeneralAndAdministrativeExpenses": 37400000, "otherExpenses": -3000234000, "operatingExpenses": -3000234000, "costAndExpenses": 3248877000, "interestIncome": 0, "interestExpense": 15168000, "depreciationAndAmortization": 55343000, "ebitda": 237596000, "ebitdaratio": 0.0695546379, "operatingIncome": 182253000, "operatingIncomeRatio": 0.0533533453, "totalOtherIncomeExpensesNet": 11945000, "incomeBeforeTax": 167085000, "incomeBeforeTaxRatio": 0.0489130148, "incomeTaxExpense": 22208000, "netIncome": 144877000, "netIncomeRatio": 0.0424117716, "eps": 2.62, "epsdiluted": 2.62, "weightedAverageShsOut": 55316000, "weightedAverageShsOutDil": 55327000, "link": "https://www.sec.gov/Archives/edgar/data/64996/000006499618000010/0000064996-18-000010-index.htm", "finalLink": "https://www.sec.gov/Archives/edgar/data/64996/000006499618000010/mcy-20171231x10k.htm", "calculatedOtherExpenses": 2962834000, "calculatedOperatingExpenses": 3000234000, "calculatedNetInterest": -15168000, "calculatedOtherIncome": 0, "calculatedIncomeNonControlling": 0, "calculatedEbitda": 237596000}, {"date": "2016-12-31", "symbol": "MCY", "reportedCurrency": "USD", "cik": "0000064996", "fillingDate": "2017-02-09", "acceptedDate": "2017-02-09 15:53:11", "calendarYear": "2016", "period": "FY", "revenue": 3227683000, "costOfRevenue": 235314000, "grossProfit": 2992369000, "grossProfitRatio": 0.927095071, "researchAndDevelopmentExpenses": 0, "generalAndAdministrativeExpenses": 0, "sellingAndMarketingExpenses": 39600000, "sellingGeneralAndAdministrativeExpenses": 39600000, "otherExpenses": -2917683000, "operatingExpenses": -2917683000, "costAndExpenses": 3156959000, "interestIncome": 0, "interestExpense": 3962000, "depreciationAndAmortization": 26385000, "ebitda": 101071000, "ebitdaratio": 0.0313137938, "operatingIncome": 74686000, "operatingIncomeRatio": 0.0231391992, "totalOtherIncomeExpensesNet": 8294000, "incomeBeforeTax": 70724000, "incomeBeforeTaxRatio": 0.0219116933, "incomeTaxExpense": -2320000, "netIncome": 73044000, "netIncomeRatio": 0.0226304752, "eps": 1.32, "epsdiluted": 1.32, "weightedAverageShsOut": 55249000, "weightedAverageShsOutDil": 55302000, "link": "https://www.sec.gov/Archives/edgar/data/64996/000006499617000004/0000064996-17-000004-index.htm", "finalLink": "https://www.sec.gov/Archives/edgar/data/64996/000006499617000004/mcy-20161231x10k.htm", "calculatedOtherExpenses": 2878083000, "calculatedOperatingExpenses": 2917683000, "calculatedNetInterest": -3962000, "calculatedOtherIncome": 0, "calculatedIncomeNonControlling": 0, "calculatedEbitda": 101071000}, {"date": "2015-12-31", "symbol": "MCY", "reportedCurrency": "USD", "cik": "0000064996", "fillingDate": "2016-02-09", "acceptedDate": "2016-02-09 16:01:53", "calendarYear": "2015", "period": "FY", "revenue": 3009300000, "costOfRevenue": 250839000, "grossProfit": 2758461000, "grossProfitRatio": 0.9166453993, "researchAndDevelopmentExpenses": 0, "generalAndAdministrativeExpenses": 0, "sellingAndMarketingExpenses": 44000000, "sellingGeneralAndAdministrativeExpenses": 44000000, "otherExpenses": -2684726000, "operatingExpenses": -2684726000, "costAndExpenses": 2938733000, "interestIncome": 0, "interestExpense": 3168000, "depreciationAndAmortization": 26478000, "ebitda": 100213000, "ebitdaratio": 0.0333010999, "operatingIncome": 73735000, "operatingIncomeRatio": 0.024502376, "totalOtherIncomeExpensesNet": 8911000, "incomeBeforeTax": 70567000, "incomeBeforeTaxRatio": 0.0234496395, "incomeTaxExpense": -3912000, "netIncome": 74479000, "netIncomeRatio": 0.0247496095, "eps": 1.35, "epsdiluted": 1.35, "weightedAverageShsOut": 55157000, "weightedAverageShsOutDil": 55209000, "link": "https://www.sec.gov/Archives/edgar/data/64996/000006499616000036/0000064996-16-000036-index.htm", "finalLink": "https://www.sec.gov/Archives/edgar/data/64996/000006499616000036/mcy-20151231x10k.htm", "calculatedOtherExpenses": 2640726000, "calculatedOperatingExpenses": 2684726000, "calculatedNetInterest": -3168000, "calculatedOtherIncome": 0, "calculatedIncomeNonControlling": 0, "calculatedEbitda": 100213000}, {"date": "2014-12-31", "symbol": "MCY", "reportedCurrency": "USD", "cik": "0000064996", "fillingDate": "2015-02-09", "acceptedDate": "2015-02-09 16:23:45", "calendarYear": "2014", "period": "FY", "revenue": 3011773000, "costOfRevenue": 249381000, "grossProfit": 2762392000, "grossProfitRatio": 0.9171979429, "researchAndDevelopmentExpenses": 0, "generalAndAdministrativeExpenses": 0, "sellingAndMarketingExpenses": 23000000, "sellingGeneralAndAdministrativeExpenses": 23000000, "otherExpenses": -2512330000, "operatingExpenses": -2512330000, "costAndExpenses": 2764348000, "interestIncome": 0, "interestExpense": 2637000, "depreciationAndAmortization": 28054000, "ebitda": 278116000, "ebitdaratio": 0.0923429488, "operatingIncome": 250062000, "operatingIncomeRatio": 0.0830281698, "totalOtherIncomeExpensesNet": 8671000, "incomeBeforeTax": 247425000, "incomeBeforeTaxRatio": 0.0821526058, "incomeTaxExpense": 69476000, "netIncome": 177949000, "netIncomeRatio": 0.0590844662, "eps": 3.23, "epsdiluted": 3.23, "weightedAverageShsOut": 55008000, "weightedAverageShsOutDil": 55020000, "link": "https://www.sec.gov/Archives/edgar/data/64996/000006499615000008/0000064996-15-000008-index.htm", "finalLink": "https://www.sec.gov/Archives/edgar/data/64996/000006499615000008/mcy-20141231x10k.htm", "calculatedOtherExpenses": 2489330000, "calculatedOperatingExpenses": 2512330000, "calculatedNetInterest": -2637000, "calculatedOtherIncome": 0, "calculatedIncomeNonControlling": 0, "calculatedEbitda": 278116000}, {"date": "2013-12-31", "symbol": "MCY", "reportedCurrency": "USD", "cik": "0000064996", "fillingDate": "2014-02-10", "acceptedDate": "2014-02-10 16:16:22", "calendarYear": "2013", "period": "FY", "revenue": 2821041000, "costOfRevenue": 219478000, "grossProfit": 2601563000, "grossProfitRatio": 0.9221996419, "researchAndDevelopmentExpenses": 0, "generalAndAdministrativeExpenses": 0, "sellingAndMarketingExpenses": 20000000, "sellingGeneralAndAdministrativeExpenses": 20000000, "otherExpenses": -2468207000, "operatingExpenses": -2468207000, "costAndExpenses": 2688945000, "interestIncome": 0, "interestExpense": 1260000, "depreciationAndAmortization": 30587000, "ebitda": 163943000, "ebitdaratio": 0.0581143627, "operatingIncome": 133356000, "operatingIncomeRatio": 0.0472719113, "totalOtherIncomeExpensesNet": 9738000, "incomeBeforeTax": 132096000, "incomeBeforeTaxRatio": 0.0468252677, "incomeTaxExpense": 19953000, "netIncome": 112143000, "netIncomeRatio": 0.0397523467, "eps": 2.04, "epsdiluted": 2.04, "weightedAverageShsOut": 54947000, "weightedAverageShsOutDil": 54964000, "link": "https://www.sec.gov/Archives/edgar/data/64996/000006499614000003/0000064996-14-000003-index.htm", "finalLink": "https://www.sec.gov/Archives/edgar/data/64996/000006499614000003/mcy-20131231x10k.htm", "calculatedOtherExpenses": 2448207000, "calculatedOperatingExpenses": 2468207000, "calculatedNetInterest": -1260000, "calculatedOtherIncome": 0, "calculatedIncomeNonControlling": 0, "calculatedEbitda": 163943000}, {"date": "2012-12-31", "symbol": "MCY", "reportedCurrency": "USD", "cik": "0000064996", "fillingDate": "2013-02-11", "acceptedDate": "2013-02-11 16:14:12", "calendarYear": "2012", "period": "FY", "revenue": 2783370000, "costOfRevenue": 207281000, "grossProfit": 2576089000, "grossProfitRatio": 0.9255287655, "researchAndDevelopmentExpenses": 0, "generalAndAdministrativeExpenses": 0, "sellingAndMarketingExpenses": 19000000, "sellingGeneralAndAdministrativeExpenses": 19000000, "otherExpenses": -2439236000, "operatingExpenses": -2439236000, "costAndExpenses": 2648060000, "interestIncome": 0, "interestExpense": 1543000, "depreciationAndAmortization": 36974000, "ebitda": 173827000, "ebitdaratio": 0.0624519917, "operatingIncome": 136853000, "operatingIncomeRatio": 0.0491680948, "totalOtherIncomeExpensesNet": 10174000, "incomeBeforeTax": 135310000, "incomeBeforeTaxRatio": 0.0486137308, "incomeTaxExpense": 18399000, "netIncome": 116911000, "netIncomeRatio": 0.0420033988, "eps": 2.13, "epsdiluted": 2.13, "weightedAverageShsOut": 54899000, "weightedAverageShsOutDil": 54922000, "link": "https://www.sec.gov/Archives/edgar/data/64996/000006499613000004/0000064996-13-000004-index.htm", "finalLink": "https://www.sec.gov/Archives/edgar/data/64996/000006499613000004/mcy-20121231x10k.htm", "calculatedOtherExpenses": 2420236000, "calculatedOperatingExpenses": 2439236000, "calculatedNetInterest": -1543000, "calculatedOtherIncome": 0, "calculatedIncomeNonControlling": 0, "calculatedEbitda": 173827000}, {"date": "2011-12-31", "symbol": "MCY", "reportedCurrency": "USD", "cik": "0000064996", "fillingDate": "2012-02-14", "acceptedDate": "2012-02-13 21:10:25", "calendarYear": "2011", "period": "FY", "revenue": 2777285000, "costOfRevenue": 215711000, "grossProfit": 2561574000, "grossProfitRatio": 0.9223302614, "researchAndDevelopmentExpenses": 0, "generalAndAdministrativeExpenses": 0, "sellingAndMarketingExpenses": 0, "sellingGeneralAndAdministrativeExpenses": 0, "otherExpenses": -2310926000, "operatingExpenses": -2310926000, "costAndExpenses": 2532186000, "interestIncome": 0, "interestExpense": 5549000, "depreciationAndAmortization": 40657000, "ebitda": 291305000, "ebitdaratio": 0.1048884072, "operatingIncome": 250648000, "operatingIncomeRatio": 0.0902492902, "totalOtherIncomeExpensesNet": 11884000, "incomeBeforeTax": 245099000, "incomeBeforeTaxRatio": 0.0882512958, "incomeTaxExpense": 53935000, "netIncome": 191164000, "netIncomeRatio": 0.0688312507, "eps": 3.49, "epsdiluted": 3.49, "weightedAverageShsOut": 54825000, "weightedAverageShsOutDil": 54845000, "link": "https://www.sec.gov/Archives/edgar/data/64996/000119312512057301/0001193125-12-057301-index.htm", "finalLink": "https://www.sec.gov/Archives/edgar/data/64996/000119312512057301/d232745d10k.htm", "calculatedOtherExpenses": 2310926000, "calculatedOperatingExpenses": 2310926000, "calculatedNetInterest": -5549000, "calculatedOtherIncome": 0, "calculatedIncomeNonControlling": 0, "calculatedEbitda": 291305000}, {"date": "2010-12-31", "symbol": "MCY", "reportedCurrency": "USD", "cik": "0000064996", "fillingDate": "2011-02-14", "acceptedDate": "2011-02-14 19:22:16", "calendarYear": "2010", "period": "FY", "revenue": 2775885000, "costOfRevenue": 255358000, "grossProfit": 2520527000, "grossProfitRatio": 0.9080084369, "researchAndDevelopmentExpenses": 0, "generalAndAdministrativeExpenses": 0, "sellingAndMarketingExpenses": 0, "sellingGeneralAndAdministrativeExpenses": 0, "otherExpenses": -2331331000, "operatingExpenses": -2331331000, "costAndExpenses": 2593495000, "interestIncome": 0, "interestExpense": 6806000, "depreciationAndAmortization": 40735000, "ebitda": 229931000, "ebitdaratio": 0.0828316015, "operatingIncome": 189196000, "operatingIncomeRatio": 0.0681570022, "totalOtherIncomeExpensesNet": 8297000, "incomeBeforeTax": 182390000, "incomeBeforeTaxRatio": 0.0657051715, "incomeTaxExpense": 30192000, "netIncome": 152198000, "netIncomeRatio": 0.0548286402, "eps": 2.78, "epsdiluted": 2.78, "weightedAverageShsOut": 54792000, "weightedAverageShsOutDil": 54826000, "link": "https://www.sec.gov/Archives/edgar/data/64996/000119312511035565/0001193125-11-035565-index.htm", "finalLink": "https://www.sec.gov/Archives/edgar/data/64996/000119312511035565/d10k.htm", "calculatedOtherExpenses": 2331331000, "calculatedOperatingExpenses": 2331331000, "calculatedNetInterest": -6806000, "calculatedOtherIncome": 0, "calculatedIncomeNonControlling": 0, "calculatedEbitda": 229931000}, {"date": "2009-12-31", "symbol": "MCY", "reportedCurrency": "USD", "cik": "0000064996", "fillingDate": "2010-02-18", "acceptedDate": "2010-02-18 16:59:14", "calendarYear": "2009", "period": "FY", "revenue": 3121493000, "costOfRevenue": 217683000, "grossProfit": 2903810000, "grossProfitRatio": 0.9302631785, "researchAndDevelopmentExpenses": 0, "generalAndAdministrativeExpenses": 0, "sellingAndMarketingExpenses": 0, "sellingGeneralAndAdministrativeExpenses": 0, "otherExpenses": -2325540000, "operatingExpenses": -2325540000, "costAndExpenses": 2549952000, "interestIncome": 0, "interestExpense": 6729000, "depreciationAndAmortization": 35692000, "ebitda": 613962000, "ebitdaratio": 0.1966885718, "operatingIncome": 578270000, "operatingIncomeRatio": 0.1852542998, "totalOtherIncomeExpensesNet": 4967000, "incomeBeforeTax": 571541000, "incomeBeforeTaxRatio": 0.1830986006, "incomeTaxExpense": 168469000, "netIncome": 403072000, "netIncomeRatio": 0.1291279526, "eps": 7.36, "epsdiluted": 7.32, "weightedAverageShsOut": 54770000, "weightedAverageShsOutDil": 55092000, "link": "https://www.sec.gov/Archives/edgar/data/64996/000119312510034302/0001193125-10-034302-index.htm", "finalLink": "https://www.sec.gov/Archives/edgar/data/64996/000119312510034302/d10k.htm", "calculatedOtherExpenses": 2325540000, "calculatedOperatingExpenses": 2325540000, "calculatedNetInterest": -6729000, "calculatedOtherIncome": 0, "calculatedIncomeNonControlling": 0, "calculatedEbitda": 613962000}, {"date": "2008-12-31", "symbol": "MCY", "reportedCurrency": "USD", "cik": "0000064996", "fillingDate": "2009-03-02", "acceptedDate": "2009-03-02 07:15:10", "calendarYear": "2008", "period": "FY", "revenue": 5710345000, "costOfRevenue": 174828000, "grossProfit": 5535517000, "grossProfitRatio": 0.9693839864, "researchAndDevelopmentExpenses": 0, "generalAndAdministrativeExpenses": 0, "sellingAndMarketingExpenses": 0, "sellingGeneralAndAdministrativeExpenses": 0, "otherExpenses": -5981412000, "operatingExpenses": -5981412000, "costAndExpenses": 2865057000, "interestIncome": 0, "interestExpense": 4966000, "depreciationAndAmortization": 27037000, "ebitda": -418858000, "ebitdaratio": -0.0733507345, "operatingIncome": -445895000, "operatingIncomeRatio": -0.0780854747, "totalOtherIncomeExpensesNet": 4597000, "incomeBeforeTax": -450861000, "incomeBeforeTaxRatio": -0.0789551244, "incomeTaxExpense": -208742000, "netIncome": -242119000, "netIncomeRatio": -0.0424000651, "eps": -4.42, "epsdiluted": -4.41, "weightedAverageShsOut": 54744000, "weightedAverageShsOutDil": 54917000, "link": "https://www.sec.gov/Archives/edgar/data/64996/000006499609000002/0000064996-09-000002-index.htm", "finalLink": "https://www.sec.gov/Archives/edgar/data/64996/000006499609000002/form10-k.htm", "calculatedOtherExpenses": 5981412000, "calculatedOperatingExpenses": 5981412000, "calculatedNetInterest": -4966000, "calculatedOtherIncome": 0, "calculatedIncomeNonControlling": 0, "calculatedEbitda": -418858000}, {"date": "2007-12-31", "symbol": "MCY", "reportedCurrency": "USD", "cik": "0000064996", "fillingDate": "2008-02-27", "acceptedDate": "2008-02-27 15:16:58", "calendarYear": "2007", "period": "FY", "revenue": 3178750000, "costOfRevenue": 158810000, "grossProfit": 3019940000, "grossProfitRatio": 0.9500401101, "researchAndDevelopmentExpenses": 0, "generalAndAdministrativeExpenses": 0, "sellingAndMarketingExpenses": 0, "sellingGeneralAndAdministrativeExpenses": 0, "otherExpenses": -2696315000, "operatingExpenses": -2696315000, "costAndExpenses": 2863714000, "interestIncome": 0, "interestExpense": 8589000, "depreciationAndAmortization": 26324000, "ebitda": 349949000, "ebitdaratio": 0.1100901298, "operatingIncome": 323625000, "operatingIncomeRatio": 0.1018088871, "totalOtherIncomeExpensesNet": 5154000, "incomeBeforeTax": 315036000, "incomeBeforeTaxRatio": 0.0991068816, "incomeTaxExpense": 77204000, "netIncome": 237832000, "netIncomeRatio": 0.0748193472, "eps": 4.35, "epsdiluted": 4.34, "weightedAverageShsOut": 54704000, "weightedAverageShsOutDil": 54829000, "link": "https://www.sec.gov/Archives/edgar/data/64996/000119312508039993/0001193125-08-039993-index.htm", "finalLink": "https://www.sec.gov/Archives/edgar/data/64996/000119312508039993/d10k.htm", "calculatedOtherExpenses": 2696315000, "calculatedOperatingExpenses": 2696315000, "calculatedNetInterest": -8589000, "calculatedOtherIncome": 0, "calculatedIncomeNonControlling": 0, "calculatedEbitda": 349949000}, {"date": "2006-12-31", "symbol": "MCY", "reportedCurrency": "USD", "cik": "0000064996", "fillingDate": "2007-02-27", "acceptedDate": "2007-02-26 18:03:18", "calendarYear": "2006", "period": "FY", "revenue": 3168743000, "costOfRevenue": 176563000, "grossProfit": 2992180000, "grossProfitRatio": 0.944279798, "researchAndDevelopmentExpenses": 0, "generalAndAdministrativeExpenses": 0, "sellingAndMarketingExpenses": 0, "sellingGeneralAndAdministrativeExpenses": 0, "otherExpenses": -2670591000, "operatingExpenses": -2670591000, "costAndExpenses": 2856334000, "interestIncome": 0, "interestExpense": 9180000, "depreciationAndAmortization": 24262000, "ebitda": 345851000, "ebitdaratio": 0.1091445409, "operatingIncome": 321589000, "operatingIncomeRatio": 0.1014878771, "totalOtherIncomeExpensesNet": 5185000, "incomeBeforeTax": 312409000, "incomeBeforeTaxRatio": 0.0985908292, "incomeTaxExpense": 97592000, "netIncome": 214817000, "netIncomeRatio": 0.0677924969, "eps": 3.93, "epsdiluted": 3.92, "weightedAverageShsOut": 54660814, "weightedAverageShsOutDil": 54800255, "link": "https://www.sec.gov/Archives/edgar/data/64996/000119312507039974/0001193125-07-039974-index.htm", "finalLink": "https://www.sec.gov/Archives/edgar/data/64996/000119312507039974/d10k.htm", "calculatedOtherExpenses": 2670591000, "calculatedOperatingExpenses": 2670591000, "calculatedNetInterest": -9180000, "calculatedOtherIncome": 0, "calculatedIncomeNonControlling": 0, "calculatedEbitda": 345851000}, {"date": "2005-12-31", "symbol": "MCY", "reportedCurrency": "USD", "cik": "0000064996", "fillingDate": "2006-03-09", "acceptedDate": "2006-03-09 16:42:53", "calendarYear": "2005", "period": "FY", "revenue": 2991913000, "costOfRevenue": 150201000, "grossProfit": 2841712000, "grossProfitRatio": 0.9497976713, "researchAndDevelopmentExpenses": 0, "generalAndAdministrativeExpenses": 0, "sellingAndMarketingExpenses": 0, "sellingGeneralAndAdministrativeExpenses": 0, "otherExpenses": -2481851000, "operatingExpenses": -2481851000, "costAndExpenses": 2639274000, "interestIncome": 0, "interestExpense": 7222000, "depreciationAndAmortization": 18781000, "ebitda": 378642000, "ebitdaratio": 0.1265551505, "operatingIncome": 359861000, "operatingIncomeRatio": 0.1202778958, "totalOtherIncomeExpensesNet": 5438000, "incomeBeforeTax": 352639000, "incomeBeforeTaxRatio": 0.1178640555, "incomeTaxExpense": 99380000, "netIncome": 253259000, "netIncomeRatio": 0.0846478491, "eps": 4.64, "epsdiluted": 4.63, "weightedAverageShsOut": 54581681, "weightedAverageShsOutDil": 54699568, "link": "https://www.sec.gov/Archives/edgar/data/64996/000119312506049713/0001193125-06-049713-index.htm", "finalLink": "https://www.sec.gov/Archives/edgar/data/64996/000119312506049713/d10k.htm", "calculatedOtherExpenses": 2481851000, "calculatedOperatingExpenses": 2481851000, "calculatedNetInterest": -7222000, "calculatedOtherIncome": 0, "calculatedIncomeNonControlling": 0, "calculatedEbitda": 378642000}, {"date": "2004-12-31", "symbol": "MCY", "reportedCurrency": "USD", "cik": "0000064996", "fillingDate": "2005-03-14", "acceptedDate": "2005-03-14 15:22:45", "calendarYear": "2004", "period": "FY", "revenue": 2668157000, "costOfRevenue": 111285000, "grossProfit": 2556872000, "grossProfitRatio": 0.9582914349, "researchAndDevelopmentExpenses": 0, "generalAndAdministrativeExpenses": 0, "sellingAndMarketingExpenses": 0, "sellingGeneralAndAdministrativeExpenses": 0, "otherExpenses": -2144807000, "operatingExpenses": -2144807000, "costAndExpenses": 2260314000, "interestIncome": 0, "interestExpense": 4222000, "depreciationAndAmortization": 16192000, "ebitda": 428257000, "ebitdaratio": 0.1605066718, "operatingIncome": 412065000, "operatingIncomeRatio": 0.1544380634, "totalOtherIncomeExpensesNet": 4775000, "incomeBeforeTax": 407843000, "incomeBeforeTaxRatio": 0.1528556978, "incomeTaxExpense": 121635000, "netIncome": 286208000, "netIncomeRatio": 0.1072680506, "eps": 5.25, "epsdiluted": 5.24, "weightedAverageShsOut": 54515810, "weightedAverageShsOutDil": 54619847, "link": "https://www.sec.gov/Archives/edgar/data/64996/000119312505049377/0001193125-05-049377-index.htm", "finalLink": "https://www.sec.gov/Archives/edgar/data/64996/000119312505049377/d10k.htm", "calculatedOtherExpenses": 2144807000, "calculatedOperatingExpenses": 2144807000, "calculatedNetInterest": -4222000, "calculatedOtherIncome": 0, "calculatedIncomeNonControlling": 0, "calculatedEbitda": 428257000}, {"date": "2003-12-31", "symbol": "MCY", "reportedCurrency": "USD", "cik": "0000064996", "fillingDate": "2004-02-24", "acceptedDate": "2004-02-24 16:41:28", "calendarYear": "2003", "period": "FY", "revenue": 2265517000, "costOfRevenue": 91295000, "grossProfit": 2174222000, "grossProfitRatio": 0.9597023549, "researchAndDevelopmentExpenses": 0, "generalAndAdministrativeExpenses": 0, "sellingAndMarketingExpenses": 0, "sellingGeneralAndAdministrativeExpenses": 0, "otherExpenses": -1925365000, "operatingExpenses": -1925365000, "costAndExpenses": 2019716000, "interestIncome": 0, "interestExpense": 3056000, "depreciationAndAmortization": 16126000, "ebitda": 264983000, "ebitdaratio": 0.1169635893, "operatingIncome": 248857000, "operatingIncomeRatio": 0.1098455673, "totalOtherIncomeExpensesNet": 4743000, "incomeBeforeTax": 245801000, "incomeBeforeTaxRatio": 0.1084966478, "incomeTaxExpense": 61480000, "netIncome": 184321000, "netIncomeRatio": 0.0813593542, "eps": 3.39, "epsdiluted": 3.38, "weightedAverageShsOut": 54371976, "weightedAverageShsOutDil": 54532840, "link": "https://www.sec.gov/Archives/edgar/data/64996/000119312504028702/0001193125-04-028702-index.htm", "finalLink": "https://www.sec.gov/Archives/edgar/data/64996/000119312504028702/d10k.htm", "calculatedOtherExpenses": 1925365000, "calculatedOperatingExpenses": 1925365000, "calculatedNetInterest": -3056000, "calculatedOtherIncome": 0, "calculatedIncomeNonControlling": 0, "calculatedEbitda": 264983000}, {"date": "2002-12-31", "symbol": "MCY", "reportedCurrency": "USD", "cik": "0000064996", "fillingDate": "2003-03-07", "acceptedDate": "2003-03-07 15:52:56", "calendarYear": "2002", "period": "FY", "revenue": 1786271000, "costOfRevenue": 74875000, "grossProfit": 1711396000, "grossProfitRatio": 0.958083068, "researchAndDevelopmentExpenses": 0, "generalAndAdministrativeExpenses": 0, "sellingAndMarketingExpenses": 0, "sellingGeneralAndAdministrativeExpenses": 0, "otherExpenses": -1646628000, "operatingExpenses": -1646628000, "costAndExpenses": 1725603000, "interestIncome": 0, "interestExpense": 4100000, "depreciationAndAmortization": 10233000, "ebitda": 75001000, "ebitdaratio": 0.04198747, "operatingIncome": 64768000, "operatingIncomeRatio": 0.036258776, "totalOtherIncomeExpensesNet": 2073000, "incomeBeforeTax": 60668000, "incomeBeforeTaxRatio": 0.0339634915, "incomeTaxExpense": -5437000, "netIncome": 66105000, "netIncomeRatio": 0.0370072626, "eps": 1.22, "epsdiluted": 1.21, "weightedAverageShsOut": 54184426, "weightedAverageShsOutDil": 54632231, "link": "https://www.sec.gov/Archives/edgar/data/64996/000089843003001831/0000898430-03-001831-index.htm", "finalLink": "https://www.sec.gov/Archives/edgar/data/64996/000089843003001831/d10k.htm", "calculatedOtherExpenses": 1646628000, "calculatedOperatingExpenses": 1646628000, "calculatedNetInterest": -4100000, "calculatedOtherIncome": 0, "calculatedIncomeNonControlling": 0, "calculatedEbitda": 75001000}, {"date": "2001-12-31", "symbol": "MCY", "reportedCurrency": "USD", "cik": "0000064996", "fillingDate": "2002-03-27", "acceptedDate": "2002-03-27 00:00:00", "calendarYear": "2001", "period": "FY", "revenue": 1506980000, "costOfRevenue": 0, "grossProfit": 1506980000, "grossProfitRatio": 1, "researchAndDevelopmentExpenses": 0, "generalAndAdministrativeExpenses": 0, "sellingAndMarketingExpenses": 0, "sellingGeneralAndAdministrativeExpenses": 0, "otherExpenses": -1374444000, "operatingExpenses": -1374444000, "costAndExpenses": 1382171000, "interestIncome": 0, "interestExpense": 7727000, "depreciationAndAmortization": 8477000, "ebitda": 141013000, "ebitdaratio": 0.0935732392, "operatingIncome": 132536000, "operatingIncomeRatio": 0.0879480816, "totalOtherIncomeExpensesNet": 5396000, "incomeBeforeTax": 124809000, "incomeBeforeTaxRatio": 0.0828206081, "incomeTaxExpense": 19470000, "netIncome": 105339000, "netIncomeRatio": 0.0699007286, "eps": 1.94, "epsdiluted": 1.94, "weightedAverageShsOut": 54298454, "weightedAverageShsOutDil": 54298454, "link": "https://www.sec.gov/Archives/edgar/data/64996/000089843002001049/0000898430-02-001049-index.htm", "finalLink": "https://www.sec.gov/Archives/edgar/data/64996/000089843002001049/d10k.txt", "calculatedOtherExpenses": 1374444000, "calculatedOperatingExpenses": 1374444000, "calculatedNetInterest": -7727000, "calculatedOtherIncome": 0, "calculatedIncomeNonControlling": 0, "calculatedEbitda": 141013000}, {"date": "2000-12-31", "symbol": "MCY", "reportedCurrency": "USD", "cik": "0000064996", "fillingDate": "2001-03-28", "acceptedDate": "2001-03-28 00:00:00", "calendarYear": "2000", "period": "FY", "revenue": 1366018000, "costOfRevenue": 0, "grossProfit": 1366018000, "grossProfitRatio": 1, "researchAndDevelopmentExpenses": 0, "generalAndAdministrativeExpenses": 0, "sellingAndMarketingExpenses": 0, "sellingGeneralAndAdministrativeExpenses": 0, "otherExpenses": -1230171000, "operatingExpenses": -1230171000, "costAndExpenses": 1237463000, "interestIncome": 0, "interestExpense": 7292000, "depreciationAndAmortization": 6926000, "ebitda": 142773000, "ebitdaratio": 0.1045176564, "operatingIncome": 135847000, "operatingIncomeRatio": 0.0994474451, "totalOtherIncomeExpensesNet": 6349000, "incomeBeforeTax": 128555000, "incomeBeforeTaxRatio": 0.0941093016, "incomeTaxExpense": 19189000, "netIncome": 109366000, "netIncomeRatio": 0.0800619026, "eps": 2.02, "epsdiluted": 2.02, "weightedAverageShsOut": 54141584, "weightedAverageShsOutDil": 54141584, "link": "https://www.sec.gov/Archives/edgar/data/64996/000089843001001052/0000898430-01-001052-index.htm", "finalLink": "https://www.sec.gov/Archives/edgar/data/64996/000089843001001052/0000898430-01-001052-0001.txt", "calculatedOtherExpenses": 1230171000, "calculatedOperatingExpenses": 1230171000, "calculatedNetInterest": -7292000, "calculatedOtherIncome": 0, "calculatedIncomeNonControlling": 0, "calculatedEbitda": 142773000}, {"date": "1999-12-31", "symbol": "MCY", "reportedCurrency": "USD", "cik": "0000064996", "fillingDate": "2000-03-29", "acceptedDate": "2000-03-29 00:00:00", "calendarYear": "1999", "period": "FY", "revenue": 1280676000, "costOfRevenue": 0, "grossProfit": 1280676000, "grossProfitRatio": 1, "researchAndDevelopmentExpenses": 0, "generalAndAdministrativeExpenses": 0, "sellingAndMarketingExpenses": 0, "sellingGeneralAndAdministrativeExpenses": 0, "otherExpenses": -1107137000, "operatingExpenses": -1107137000, "costAndExpenses": 1112137000, "interestIncome": 0, "interestExpense": 5000000, "depreciationAndAmortization": 6896000, "ebitda": 180435000, "ebitdaratio": 0.140890436, "operatingIncome": 173539000, "operatingIncomeRatio": 0.1355057798, "totalOtherIncomeExpensesNet": 4924000, "incomeBeforeTax": 168539000, "incomeBeforeTaxRatio": 0.1316015917, "incomeTaxExpense": 34830000, "netIncome": 133709000, "netIncomeRatio": 0.1044050174, "eps": 2.45, "epsdiluted": 2.44, "weightedAverageShsOut": 54575102, "weightedAverageShsOutDil": 54798770, "link": "https://www.sec.gov/Archives/edgar/data/64996/000089843000000976/0000898430-00-000976-index.htm", "finalLink": "https://www.sec.gov/Archives/edgar/data/64996/000089843000000976/", "calculatedOtherExpenses": 1107137000, "calculatedOperatingExpenses": 1107137000, "calculatedNetInterest": -5000000, "calculatedOtherIncome": 0, "calculatedIncomeNonControlling": 0, "calculatedEbitda": 180435000}, {"date": "1998-12-31", "symbol": "MCY", "reportedCurrency": "USD", "cik": "0000064996", "fillingDate": "1999-03-24", "acceptedDate": "1999-03-24 00:00:00", "calendarYear": "1998", "period": "FY", "revenue": 1222123000, "costOfRevenue": 0, "grossProfit": 1222123000, "grossProfitRatio": 1, "researchAndDevelopmentExpenses": 0, "generalAndAdministrativeExpenses": 0, "sellingAndMarketingExpenses": 0, "sellingGeneralAndAdministrativeExpenses": 0, "otherExpenses": -982043000, "operatingExpenses": -982043000, "costAndExpenses": 986843000, "interestIncome": 0, "interestExpense": 4800000, "depreciationAndAmortization": 5444000, "ebitda": 245524000, "ebitdaratio": 0.2008995821, "operatingIncome": 240080000, "operatingIncomeRatio": 0.1964450387, "totalOtherIncomeExpensesNet": 8296000, "incomeBeforeTax": 235280000, "incomeBeforeTaxRatio": 0.1925174471, "incomeTaxExpense": 57754000, "netIncome": 177526000, "netIncomeRatio": 0.145260338, "eps": 3.23, "epsdiluted": 3.21, "weightedAverageShsOut": 54961610, "weightedAverageShsOutDil": 55304050, "link": "https://www.sec.gov/Archives/edgar/data/64996/000094420999000354/0000944209-99-000354-index.htm", "finalLink": "https://www.sec.gov/Archives/edgar/data/64996/", "calculatedOtherExpenses": 982043000, "calculatedOperatingExpenses": 982043000, "calculatedNetInterest": -4800000, "calculatedOtherIncome": 0, "calculatedIncomeNonControlling": 0, "calculatedEbitda": 245524000}, {"date": "1997-12-31", "symbol": "MCY", "reportedCurrency": "USD", "cik": "0000064996", "fillingDate": "1998-03-27", "acceptedDate": "1998-03-27 00:00:00", "calendarYear": "1997", "period": "FY", "revenue": 1127946000, "costOfRevenue": 0, "grossProfit": 1127946000, "grossProfitRatio": 1, "researchAndDevelopmentExpenses": 0, "generalAndAdministrativeExpenses": 0, "sellingAndMarketingExpenses": 0, "sellingGeneralAndAdministrativeExpenses": 0, "otherExpenses": -913167000, "operatingExpenses": -913167000, "costAndExpenses": 918167000, "interestIncome": 0, "interestExpense": 5000000, "depreciationAndAmortization": 5157000, "ebitda": 219936000, "ebitdaratio": 0.1949880579, "operatingIncome": 214779000, "operatingIncomeRatio": 0.1904160306, "totalOtherIncomeExpensesNet": 4881000, "incomeBeforeTax": 209779000, "incomeBeforeTaxRatio": 0.1859831942, "incomeTaxExpense": 53473000, "netIncome": 156306000, "netIncomeRatio": 0.1385757829, "eps": 2.84, "epsdiluted": 2.82, "weightedAverageShsOut": 55037324, "weightedAverageShsOutDil": 55427660, "link": "https://www.sec.gov/Archives/edgar/data/64996/000089843098001087/0000898430-98-001087-index.html", "finalLink": "https://www.sec.gov/Archives/edgar/data/64996/", "calculatedOtherExpenses": 913167000, "calculatedOperatingExpenses": 913167000, "calculatedNetInterest": -5000000, "calculatedOtherIncome": 0, "calculatedIncomeNonControlling": 0, "calculatedEbitda": 219936000}, {"date": "1996-12-31", "symbol": "MCY", "reportedCurrency": "USD", "cik": "0000064996", "fillingDate": "1997-03-28", "acceptedDate": "1997-03-28 00:00:00", "calendarYear": "1996", "period": "FY", "revenue": 824964000, "costOfRevenue": 0, "grossProfit": 824964000, "grossProfitRatio": 1, "researchAndDevelopmentExpenses": 0, "generalAndAdministrativeExpenses": 0, "sellingAndMarketingExpenses": 0, "sellingGeneralAndAdministrativeExpenses": 0, "otherExpenses": -686374000, "operatingExpenses": -686374000, "costAndExpenses": 688374000, "interestIncome": 0, "interestExpense": 2000000, "depreciationAndAmortization": 4067000, "ebitda": 142657000, "ebitdaratio": 0.1729251216, "operatingIncome": 138590000, "operatingIncomeRatio": 0.1679952095, "totalOtherIncomeExpensesNet": 3233000, "incomeBeforeTax": 136590000, "incomeBeforeTaxRatio": 0.1655708613, "incomeTaxExpense": 30826000, "netIncome": 105764000, "netIncomeRatio": 0.1282043823, "eps": 1.93, "epsdiluted": 1.93, "weightedAverageShsOut": 54800000, "weightedAverageShsOutDil": 54964539, "link": "https://www.sec.gov/Archives/edgar/data/64996/000089843097001221/0000898430-97-001221-index.htm", "finalLink": "https://www.sec.gov/Archives/edgar/data/64996/0000898430-97-001221.txt", "calculatedOtherExpenses": 686374000, "calculatedOperatingExpenses": 686374000, "calculatedNetInterest": -2000000, "calculatedOtherIncome": 0, "calculatedIncomeNonControlling": 0, "calculatedEbitda": 142657000}, {"date": "1995-12-31", "symbol": "MCY", "reportedCurrency": "USD", "cik": "0000064996", "fillingDate": "1996-03-29", "acceptedDate": "1996-03-29 00:00:00", "calendarYear": "1995", "period": "FY", "revenue": 683679000, "costOfRevenue": 0, "grossProfit": 683679000, "grossProfitRatio": 1, "researchAndDevelopmentExpenses": 0, "generalAndAdministrativeExpenses": 0, "sellingAndMarketingExpenses": 0, "sellingGeneralAndAdministrativeExpenses": 0, "otherExpenses": -567356000, "operatingExpenses": -567356000, "costAndExpenses": 569356000, "interestIncome": 0, "interestExpense": 2000000, "depreciationAndAmortization": 3736000, "ebitda": 120059000, "ebitdaratio": 0.175607266, "operatingIncome": 116323000, "operatingIncomeRatio": 0.1701427132, "totalOtherIncomeExpensesNet": 3341000, "incomeBeforeTax": 114323000, "incomeBeforeTaxRatio": 0.1672173637, "incomeTaxExpense": 24022000, "netIncome": 90301000, "netIncomeRatio": 0.1320809912, "eps": 1.66, "epsdiluted": 1.66, "weightedAverageShsOut": 54562538, "weightedAverageShsOutDil": 54628099, "link": "https://www.sec.gov/Archives/edgar/data/64996/000089843096001096/0000898430-96-001096-index.htm", "finalLink": "https://www.sec.gov/Archives/edgar/data/64996/", "calculatedOtherExpenses": 567356000, "calculatedOperatingExpenses": 567356000, "calculatedNetInterest": -2000000, "calculatedOtherIncome": 0, "calculatedIncomeNonControlling": 0, "calculatedEbitda": 120059000}, {"date": "1994-12-31", "symbol": "MCY", "reportedCurrency": "USD", "cik": "0000064996", "fillingDate": "1994-12-31", "acceptedDate": "1994-12-30 19:00:00", "calendarYear": "1994", "period": "FY", "revenue": 577200000, "costOfRevenue": 0, "grossProfit": 577200000, "grossProfitRatio": 1, "researchAndDevelopmentExpenses": 0, "generalAndAdministrativeExpenses": 0, "sellingAndMarketingExpenses": 0, "sellingGeneralAndAdministrativeExpenses": 0, "otherExpenses": -493800000, "operatingExpenses": -493800000, "costAndExpenses": 113700000, "interestIncome": 0, "interestExpense": 1000000, "depreciationAndAmortization": 5000000, "ebitda": 88400000, "ebitdaratio": 0.1531531532, "operatingIncome": 83400000, "operatingIncomeRatio": 0.1444906445, "totalOtherIncomeExpensesNet": 47800000, "incomeBeforeTax": 131200000, "incomeBeforeTaxRatio": 0.2273042273, "incomeTaxExpense": 16100000, "netIncome": 66300000, "netIncomeRatio": 0.1148648649, "eps": 1.22, "epsdiluted": 1.21, "weightedAverageShsOut": 54344262, "weightedAverageShsOutDil": 54793388, "link": "", "finalLink": "", "calculatedOtherExpenses": 493800000, "calculatedOperatingExpenses": 493800000, "calculatedNetInterest": -1000000, "calculatedOtherIncome": 48800000, "calculatedIncomeNonControlling": 48800000, "calculatedEbitda": 88400000}, {"date": "1993-12-31", "symbol": "MCY", "reportedCurrency": "USD", "cik": "0000064996", "fillingDate": "1993-12-31", "acceptedDate": "1993-12-30 19:00:00", "calendarYear": "1993", "period": "FY", "revenue": 533800000, "costOfRevenue": 0, "grossProfit": 533800000, "grossProfitRatio": 1, "researchAndDevelopmentExpenses": 0, "generalAndAdministrativeExpenses": 8400000, "sellingAndMarketingExpenses": 0, "sellingGeneralAndAdministrativeExpenses": 8400000, "otherExpenses": -415900000, "operatingExpenses": -407500000, "costAndExpenses": 108900000, "interestIncome": 0, "interestExpense": 800000, "depreciationAndAmortization": 5700000, "ebitda": 132000000, "ebitdaratio": 0.2472836268, "operatingIncome": 126300000, "operatingIncomeRatio": 0.2366054702, "totalOtherIncomeExpensesNet": 59700000, "incomeBeforeTax": 186000000, "incomeBeforeTaxRatio": 0.3484451105, "incomeTaxExpense": 29300000, "netIncome": 96200000, "netIncomeRatio": 0.1802173099, "eps": 1.76, "epsdiluted": 1.75, "weightedAverageShsOut": 54659091, "weightedAverageShsOutDil": 54971429, "link": "", "finalLink": "", "calculatedOtherExpenses": 399100000, "calculatedOperatingExpenses": 407500000, "calculatedNetInterest": -800000, "calculatedOtherIncome": 60500000, "calculatedIncomeNonControlling": 60500000, "calculatedEbitda": 132000000}, {"date": "1992-12-31", "symbol": "MCY", "reportedCurrency": "USD", "cik": "0000064996", "fillingDate": "1992-12-31", "acceptedDate": "1992-12-30 19:00:00", "calendarYear": "1992", "period": "FY", "revenue": 515300000, "costOfRevenue": 0, "grossProfit": 515300000, "grossProfitRatio": 1, "researchAndDevelopmentExpenses": 0, "generalAndAdministrativeExpenses": 7400000, "sellingAndMarketingExpenses": 0, "sellingGeneralAndAdministrativeExpenses": 7400000, "otherExpenses": -413500000, "operatingExpenses": -406100000, "costAndExpenses": 103300000, "interestIncome": 0, "interestExpense": 1200000, "depreciationAndAmortization": 2200000, "ebitda": 111400000, "ebitdaratio": 0.2161847467, "operatingIncome": 109200000, "operatingIncomeRatio": 0.2119153891, "totalOtherIncomeExpensesNet": 59800000, "incomeBeforeTax": 169000000, "incomeBeforeTaxRatio": 0.3279642926, "incomeTaxExpense": 24700000, "netIncome": 83300000, "netIncomeRatio": 0.1616534058, "eps": 1.53, "epsdiluted": 1.53, "weightedAverageShsOut": 54444444, "weightedAverageShsOutDil": 54444444, "link": "", "finalLink": "", "calculatedOtherExpenses": 398700000, "calculatedOperatingExpenses": 406100000, "calculatedNetInterest": -1200000, "calculatedOtherIncome": 61000000, "calculatedIncomeNonControlling": 61000000, "calculatedEbitda": 111400000}, {"date": "1991-12-31", "symbol": "MCY", "reportedCurrency": "USD", "cik": "0000064996", "fillingDate": "1991-12-31", "acceptedDate": "1991-12-30 19:00:00", "calendarYear": "1991", "period": "FY", "revenue": 529500000, "costOfRevenue": 0, "grossProfit": 529500000, "grossProfitRatio": 1, "researchAndDevelopmentExpenses": 0, "generalAndAdministrativeExpenses": 7100000, "sellingAndMarketingExpenses": 0, "sellingGeneralAndAdministrativeExpenses": 7100000, "otherExpenses": -452800000, "operatingExpenses": -445700000, "costAndExpenses": 107600000, "interestIncome": 0, "interestExpense": 1600000, "depreciationAndAmortization": 2600000, "ebitda": 86400000, "ebitdaratio": 0.1631728045, "operatingIncome": 83800000, "operatingIncomeRatio": 0.1582625118, "totalOtherIncomeExpensesNet": 56000000, "incomeBeforeTax": 139800000, "incomeBeforeTaxRatio": 0.2640226629, "incomeTaxExpense": 16700000, "netIncome": 65500000, "netIncomeRatio": 0.1237016053, "eps": 1.21, "epsdiluted": 1.21, "weightedAverageShsOut": 54132231, "weightedAverageShsOutDil": 54132231, "link": "", "finalLink": "", "calculatedOtherExpenses": 438600000, "calculatedOperatingExpenses": 445700000, "calculatedNetInterest": -1600000, "calculatedOtherIncome": 57600000, "calculatedIncomeNonControlling": 57600000, "calculatedEbitda": 86400000}, {"date": "1990-12-31", "symbol": "MCY", "reportedCurrency": "USD", "cik": "0000064996", "fillingDate": "1990-12-31", "acceptedDate": "1990-12-30 19:00:00", "calendarYear": "1990", "period": "FY", "revenue": 529300000, "costOfRevenue": 0, "grossProfit": 529300000, "grossProfitRatio": 1, "researchAndDevelopmentExpenses": 0, "generalAndAdministrativeExpenses": 5800000, "sellingAndMarketingExpenses": 0, "sellingGeneralAndAdministrativeExpenses": 5800000, "otherExpenses": -478500000, "operatingExpenses": -472700000, "costAndExpenses": 110200000, "interestIncome": 0, "interestExpense": 2000000, "depreciationAndAmortization": 2700000, "ebitda": 59300000, "ebitdaratio": 0.1120347629, "operatingIncome": 56600000, "operatingIncomeRatio": 0.106933686, "totalOtherIncomeExpensesNet": 52000000, "incomeBeforeTax": 108600000, "incomeBeforeTaxRatio": 0.2051766484, "incomeTaxExpense": 3000000, "netIncome": 51600000, "netIncomeRatio": 0.0974872473, "eps": 0.96, "epsdiluted": 0.96, "weightedAverageShsOut": 53750000, "weightedAverageShsOutDil": 53750000, "link": "", "finalLink": "", "calculatedOtherExpenses": 466900000, "calculatedOperatingExpenses": 472700000, "calculatedNetInterest": -2000000, "calculatedOtherIncome": 54000000, "calculatedIncomeNonControlling": 54000000, "calculatedEbitda": 59300000}, {"date": "1989-12-31", "symbol": "MCY", "reportedCurrency": "USD", "cik": "0000064996", "fillingDate": "1989-12-31", "acceptedDate": "1989-12-30 19:00:00", "calendarYear": "1989", "period": "FY", "revenue": 523700000, "costOfRevenue": 0, "grossProfit": 523700000, "grossProfitRatio": 1, "researchAndDevelopmentExpenses": 0, "generalAndAdministrativeExpenses": 5300000, "sellingAndMarketingExpenses": 0, "sellingGeneralAndAdministrativeExpenses": 5300000, "otherExpenses": -490100000, "operatingExpenses": -484800000, "costAndExpenses": 106600000, "interestIncome": 0, "interestExpense": 2200000, "depreciationAndAmortization": 2500000, "ebitda": 41400000, "ebitdaratio": 0.0790528929, "operatingIncome": 38900000, "operatingIncomeRatio": 0.0742791675, "totalOtherIncomeExpensesNet": 51300000, "incomeBeforeTax": 90200000, "incomeBeforeTaxRatio": 0.172236013, "incomeTaxExpense": 2800000, "netIncome": 33900000, "netIncomeRatio": 0.0647317166, "eps": 0.63, "epsdiluted": 0.63, "weightedAverageShsOut": 53809524, "weightedAverageShsOutDil": 53809524, "link": "", "finalLink": "", "calculatedOtherExpenses": 479500000, "calculatedOperatingExpenses": 484800000, "calculatedNetInterest": -2200000, "calculatedOtherIncome": 53500000, "calculatedIncomeNonControlling": 53500000, "calculatedEbitda": 41400000}, {"date": "1988-12-31", "symbol": "MCY", "reportedCurrency": "USD", "cik": "0000064996", "fillingDate": "1988-12-31", "acceptedDate": "1988-12-30 19:00:00", "calendarYear": "1988", "period": "FY", "revenue": 454600000, "costOfRevenue": 0, "grossProfit": 454600000, "grossProfitRatio": 1, "researchAndDevelopmentExpenses": 0, "generalAndAdministrativeExpenses": 0, "sellingAndMarketingExpenses": 0, "sellingGeneralAndAdministrativeExpenses": 0, "otherExpenses": -422300000, "operatingExpenses": -422300000, "costAndExpenses": 2500000, "interestIncome": 0, "interestExpense": 2500000, "depreciationAndAmortization": 0, "ebitda": 32300000, "ebitdaratio": 0.0710514738, "operatingIncome": 32300000, "operatingIncomeRatio": 0.0710514738, "totalOtherIncomeExpensesNet": 0, "incomeBeforeTax": 0, "incomeBeforeTaxRatio": 0, "incomeTaxExpense": -29800000, "netIncome": 29800000, "netIncomeRatio": 0.0655521337, "eps": 0.56, "epsdiluted": 0.56, "weightedAverageShsOut": 53214286, "weightedAverageShsOutDil": 53214286, "link": "", "finalLink": "", "calculatedOtherExpenses": 422300000, "calculatedOperatingExpenses": 422300000, "calculatedNetInterest": -2500000, "calculatedOtherIncome": -29800000, "calculatedIncomeNonControlling": 0, "calculatedEbitda": 32300000}, {"date": "1987-12-31", "symbol": "MCY", "reportedCurrency": "USD", "cik": "0000064996", "fillingDate": "1987-12-31", "acceptedDate": "1987-12-30 19:00:00", "calendarYear": "1987", "period": "FY", "revenue": 370600000, "costOfRevenue": 0, "grossProfit": 370600000, "grossProfitRatio": 1, "researchAndDevelopmentExpenses": 0, "generalAndAdministrativeExpenses": 0, "sellingAndMarketingExpenses": 0, "sellingGeneralAndAdministrativeExpenses": 0, "otherExpenses": -351000000, "operatingExpenses": -351000000, "costAndExpenses": 1900000, "interestIncome": 0, "interestExpense": 1900000, "depreciationAndAmortization": 0, "ebitda": 19600000, "ebitdaratio": 0.0528872099, "operatingIncome": 19600000, "operatingIncomeRatio": 0.0528872099, "totalOtherIncomeExpensesNet": 0, "incomeBeforeTax": 0, "incomeBeforeTaxRatio": 0, "incomeTaxExpense": -2900000, "netIncome": 20600000, "netIncomeRatio": 0.055585537, "eps": 0.4, "epsdiluted": 0.4, "weightedAverageShsOut": 51500000, "weightedAverageShsOutDil": 51500000, "link": "", "finalLink": "", "calculatedOtherExpenses": 351000000, "calculatedOperatingExpenses": 351000000, "calculatedNetInterest": -1900000, "calculatedOtherIncome": -17700000, "calculatedIncomeNonControlling": -17700000, "calculatedEbitda": 19600000}, {"date": "1986-12-31", "symbol": "MCY", "reportedCurrency": "USD", "cik": "0000064996", "fillingDate": "1986-12-31", "acceptedDate": "1986-12-30 19:00:00", "calendarYear": "1986", "period": "FY", "revenue": 261800000, "costOfRevenue": 0, "grossProfit": 261800000, "grossProfitRatio": 1, "researchAndDevelopmentExpenses": 0, "generalAndAdministrativeExpenses": 0, "sellingAndMarketingExpenses": 0, "sellingGeneralAndAdministrativeExpenses": 0, "otherExpenses": -248400000, "operatingExpenses": -248400000, "costAndExpenses": 200000, "interestIncome": 0, "interestExpense": 200000, "depreciationAndAmortization": 0, "ebitda": 13400000, "ebitdaratio": 0.05118411, "operatingIncome": 13400000, "operatingIncomeRatio": 0.05118411, "totalOtherIncomeExpensesNet": 0, "incomeBeforeTax": 0, "incomeBeforeTaxRatio": 0, "incomeTaxExpense": -1000000, "netIncome": 14200000, "netIncomeRatio": 0.0542398778, "eps": 0.31, "epsdiluted": 0.31, "weightedAverageShsOut": 45806452, "weightedAverageShsOutDil": 45806452, "link": "", "finalLink": "", "calculatedOtherExpenses": 248400000, "calculatedOperatingExpenses": 248400000, "calculatedNetInterest": -200000, "calculatedOtherIncome": -13200000, "calculatedIncomeNonControlling": -13200000, "calculatedEbitda": 13400000}, {"date": "1985-12-31", "symbol": "MCY", "reportedCurrency": "USD", "cik": "0000064996", "fillingDate": "1985-12-31", "acceptedDate": "1985-12-30 19:00:00", "calendarYear": "1985", "period": "FY", "revenue": 145700000, "costOfRevenue": 0, "grossProfit": 145700000, "grossProfitRatio": 1, "researchAndDevelopmentExpenses": 0, "generalAndAdministrativeExpenses": 0, "sellingAndMarketingExpenses": 0, "sellingGeneralAndAdministrativeExpenses": 0, "otherExpenses": -129500000, "operatingExpenses": -129500000, "costAndExpenses": 400000, "interestIncome": 0, "interestExpense": 400000, "depreciationAndAmortization": 0, "ebitda": 16200000, "ebitdaratio": 0.1111873713, "operatingIncome": 16200000, "operatingIncomeRatio": 0.1111873713, "totalOtherIncomeExpensesNet": 0, "incomeBeforeTax": 0, "incomeBeforeTaxRatio": 0, "incomeTaxExpense": 2800000, "netIncome": 13000000, "netIncomeRatio": 0.0892244338, "eps": 0.28, "epsdiluted": 0.28, "weightedAverageShsOut": 46428571, "weightedAverageShsOutDil": 46428571, "link": "", "finalLink": "", "calculatedOtherExpenses": 129500000, "calculatedOperatingExpenses": 129500000, "calculatedNetInterest": -400000, "calculatedOtherIncome": -15800000, "calculatedIncomeNonControlling": -15800000, "calculatedEbitda": 16200000}]}