{"originalCurrency": "USD", "convertedCurrency": "USD", "report": [{"date": "2024-01-31", "symbol": "MDB", "reportedCurrency": "USD", "cik": "0001441816", "fillingDate": "2024-03-15", "acceptedDate": "2024-03-15 16:11:42", "calendarYear": "2024", "period": "FY", "revenue": 1683011000, "costOfRevenue": 424485000, "grossProfit": 1258526000, "grossProfitRatio": 0.7477823971, "researchAndDevelopmentExpenses": 515940000, "generalAndAdministrativeExpenses": 193558000, "sellingAndMarketingExpenses": 782760000, "sellingGeneralAndAdministrativeExpenses": 976318000, "otherExpenses": -635000, "operatingExpenses": 1492258000, "costAndExpenses": 1916743000, "interestIncome": 80238000, "interestExpense": -9387000, "depreciationAndAmortization": 32125000, "ebitda": -233732000, "ebitdaratio": -0.138877286, "operatingIncome": -233732000, "operatingIncomeRatio": -0.138877286, "totalOtherIncomeExpensesNet": 70216000, "incomeBeforeTax": -163516000, "incomeBeforeTaxRatio": -0.0971568219, "incomeTaxExpense": 13084000, "netIncome": -176600000, "netIncomeRatio": -0.1049309838, "eps": -2.48, "epsdiluted": -2.48, "weightedAverageShsOut": 71248982, "weightedAverageShsOutDil": 71248982, "link": "https://www.sec.gov/Archives/edgar/data/1441816/000144181624000049/0001441816-24-000049-index.htm", "finalLink": "https://www.sec.gov/Archives/edgar/data/1441816/000144181624000049/mdb-20240131.htm", "calculatedOtherExpenses": 0, "calculatedOperatingExpenses": 1492258000, "calculatedNetInterest": 89625000, "calculatedOtherIncome": -19409000, "calculatedIncomeNonControlling": 0, "calculatedEbitda": -201607000}, {"date": "2023-01-31", "symbol": "MDB", "reportedCurrency": "USD", "cik": "0001441816", "fillingDate": "2023-03-17", "acceptedDate": "2023-03-17 16:12:05", "calendarYear": "2023", "period": "FY", "revenue": 1284040000, "costOfRevenue": 349304000, "grossProfit": 934736000, "grossProfitRatio": 0.7279648609, "researchAndDevelopmentExpenses": 421692000, "generalAndAdministrativeExpenses": 160498000, "sellingAndMarketingExpenses": 699201000, "sellingGeneralAndAdministrativeExpenses": 859699000, "otherExpenses": 13401000, "operatingExpenses": 1281391000, "costAndExpenses": 1630695000, "interestIncome": 24948000, "interestExpense": 9797000, "depreciationAndAmortization": 29182000, "ebitda": -317473000, "ebitdaratio": -0.2472454129, "operatingIncome": -346655000, "operatingIncomeRatio": -0.2699721192, "totalOtherIncomeExpensesNet": 13401000, "incomeBeforeTax": -333254000, "incomeBeforeTaxRatio": -0.2595355285, "incomeTaxExpense": 12144000, "netIncome": -345398000, "netIncomeRatio": -0.2689931778, "eps": -5.03, "epsdiluted": -5.03, "weightedAverageShsOut": 68628267, "weightedAverageShsOutDil": 68628267, "link": "https://www.sec.gov/Archives/edgar/data/1441816/000144181623000027/0001441816-23-000027-index.htm", "finalLink": "https://www.sec.gov/Archives/edgar/data/1441816/000144181623000027/mdb-20230131.htm", "calculatedOtherExpenses": 0, "calculatedOperatingExpenses": 1281391000, "calculatedNetInterest": 15151000, "calculatedOtherIncome": -1750000, "calculatedIncomeNonControlling": 0, "calculatedEbitda": -317473000}, {"date": "2022-01-31", "symbol": "MDB", "reportedCurrency": "USD", "cik": "0001441816", "fillingDate": "2022-03-18", "acceptedDate": "2022-03-18 16:10:01", "calendarYear": "2022", "period": "FY", "revenue": 873782000, "costOfRevenue": 259492000, "grossProfit": 614290000, "grossProfitRatio": 0.7030243241, "researchAndDevelopmentExpenses": 308820000, "generalAndAdministrativeExpenses": 122944000, "sellingAndMarketingExpenses": 471890000, "sellingGeneralAndAdministrativeExpenses": 594834000, "otherExpenses": -13525000, "operatingExpenses": 903654000, "costAndExpenses": 1163146000, "interestIncome": 926000, "interestExpense": 11316000, "depreciationAndAmortization": 24455000, "ebitda": -264909000, "ebitdaratio": -0.3031751627, "operatingIncome": -289364000, "operatingIncomeRatio": -0.3311626928, "totalOtherIncomeExpensesNet": -13525000, "incomeBeforeTax": -302889000, "incomeBeforeTaxRatio": -0.3466413819, "incomeTaxExpense": 3977000, "netIncome": -306866000, "netIncomeRatio": -0.3511928605, "eps": -4.75, "epsdiluted": -4.75, "weightedAverageShsOut": 64563032, "weightedAverageShsOutDil": 64563032, "link": "https://www.sec.gov/Archives/edgar/data/1441816/000144181622000059/0001441816-22-000059-index.htm", "finalLink": "https://www.sec.gov/Archives/edgar/data/1441816/000144181622000059/mdb-20220131.htm", "calculatedOtherExpenses": 0, "calculatedOperatingExpenses": 903654000, "calculatedNetInterest": -10390000, "calculatedOtherIncome": -3135000, "calculatedIncomeNonControlling": 0, "calculatedEbitda": -264909000}, {"date": "2021-01-31", "symbol": "MDB", "reportedCurrency": "USD", "cik": "0001441816", "fillingDate": "2021-03-22", "acceptedDate": "2021-03-22 16:40:31", "calendarYear": "2021", "period": "FY", "revenue": 590380000, "costOfRevenue": 177076000, "grossProfit": 413304000, "grossProfitRatio": 0.7000643653, "researchAndDevelopmentExpenses": 205161000, "generalAndAdministrativeExpenses": 92347000, "sellingAndMarketingExpenses": 325100000, "sellingGeneralAndAdministrativeExpenses": 417447000, "otherExpenses": -53389000, "operatingExpenses": 622608000, "costAndExpenses": 799684000, "interestIncome": 4569000, "interestExpense": 56107000, "depreciationAndAmortization": 24532000, "ebitda": -184772000, "ebitdaratio": -0.3129713066, "operatingIncome": -209304000, "operatingIncomeRatio": -0.3545242047, "totalOtherIncomeExpensesNet": -53389000, "incomeBeforeTax": -262693000, "incomeBeforeTaxRatio": -0.4449557912, "incomeTaxExpense": 4251000, "netIncome": -266944000, "netIncomeRatio": -0.4521562384, "eps": -4.53, "epsdiluted": -4.53, "weightedAverageShsOut": 58984604, "weightedAverageShsOutDil": 58984604, "link": "https://www.sec.gov/Archives/edgar/data/1441816/000144181621000051/0001441816-21-000051-index.htm", "finalLink": "https://www.sec.gov/Archives/edgar/data/1441816/000144181621000051/mdb-20210131.htm", "calculatedOtherExpenses": 0, "calculatedOperatingExpenses": 622608000, "calculatedNetInterest": -51538000, "calculatedOtherIncome": -1851000, "calculatedIncomeNonControlling": 0, "calculatedEbitda": -184772000}, {"date": "2020-01-31", "symbol": "MDB", "reportedCurrency": "USD", "cik": "0001441816", "fillingDate": "2020-03-27", "acceptedDate": "2020-03-27 17:04:53", "calendarYear": "2020", "period": "FY", "revenue": 421720000, "costOfRevenue": 125356000, "grossProfit": 296364000, "grossProfitRatio": 0.7027506402, "researchAndDevelopmentExpenses": 149033000, "generalAndAdministrativeExpenses": 71304000, "sellingAndMarketingExpenses": 223893000, "sellingGeneralAndAdministrativeExpenses": 295197000, "otherExpenses": -28312000, "operatingExpenses": 444230000, "costAndExpenses": 569586000, "interestIncome": 8556000, "interestExpense": 20983000, "depreciationAndAmortization": 19774000, "ebitda": -128092000, "ebitdaratio": -0.3037370767, "operatingIncome": -147866000, "operatingIncomeRatio": -0.3506260078, "totalOtherIncomeExpensesNet": -28312000, "incomeBeforeTax": -176178000, "incomeBeforeTaxRatio": -0.4177605994, "incomeTaxExpense": -656000, "netIncome": -175522000, "netIncomeRatio": -0.416205065, "eps": -3.14, "epsdiluted": -3.14, "weightedAverageShsOut": 55939032, "weightedAverageShsOutDil": 55939032, "link": "https://www.sec.gov/Archives/edgar/data/1441816/000144181620000067/0001441816-20-000067-index.htm", "finalLink": "https://www.sec.gov/Archives/edgar/data/1441816/000144181620000067/mdb-013120x10k.htm", "calculatedOtherExpenses": 0, "calculatedOperatingExpenses": 444230000, "calculatedNetInterest": -12427000, "calculatedOtherIncome": -15885000, "calculatedIncomeNonControlling": 0, "calculatedEbitda": -128092000}, {"date": "2019-01-31", "symbol": "MDB", "reportedCurrency": "USD", "cik": "0001441816", "fillingDate": "2019-04-01", "acceptedDate": "2019-04-01 09:30:02", "calendarYear": "2019", "period": "FY", "revenue": 267016000, "costOfRevenue": 73568000, "grossProfit": 193448000, "grossProfitRatio": 0.72448093, "researchAndDevelopmentExpenses": 89854000, "generalAndAdministrativeExpenses": 53063000, "sellingAndMarketingExpenses": 148296000, "sellingGeneralAndAdministrativeExpenses": 201359000, "otherExpenses": -4564000, "operatingExpenses": 291213000, "costAndExpenses": 364781000, "interestIncome": 7163000, "interestExpense": 10290000, "depreciationAndAmortization": 5792000, "ebitda": -91973000, "ebitdaratio": -0.3444475237, "operatingIncome": -97765000, "operatingIncomeRatio": -0.3661391078, "totalOtherIncomeExpensesNet": -4564000, "incomeBeforeTax": -102329000, "incomeBeforeTaxRatio": -0.3832317165, "incomeTaxExpense": -3318000, "netIncome": -99011000, "netIncomeRatio": -0.3708054948, "eps": -1.9, "epsdiluted": -1.9, "weightedAverageShsOut": 52034596, "weightedAverageShsOutDil": 52034596, "link": "https://www.sec.gov/Archives/edgar/data/1441816/000144181619000067/0001441816-19-000067-index.htm", "finalLink": "https://www.sec.gov/Archives/edgar/data/1441816/000144181619000067/mdb-013119x10k.htm", "calculatedOtherExpenses": 0, "calculatedOperatingExpenses": 291213000, "calculatedNetInterest": -3127000, "calculatedOtherIncome": -1437000, "calculatedIncomeNonControlling": 0, "calculatedEbitda": -91973000}, {"date": "2018-01-31", "symbol": "MDB", "reportedCurrency": "USD", "cik": "0001441816", "fillingDate": "2018-03-30", "acceptedDate": "2018-03-30 16:12:23", "calendarYear": "2018", "period": "FY", "revenue": 154519000, "costOfRevenue": 42859000, "grossProfit": 111660000, "grossProfitRatio": 0.7226295795, "researchAndDevelopmentExpenses": 62202000, "generalAndAdministrativeExpenses": 36775000, "sellingAndMarketingExpenses": 109950000, "sellingGeneralAndAdministrativeExpenses": 146725000, "otherExpenses": 2195000, "operatingExpenses": 208927000, "costAndExpenses": 251786000, "interestIncome": 1308000, "interestExpense": 8000, "depreciationAndAmortization": 3703000, "ebitda": -93564000, "ebitdaratio": -0.605517768, "operatingIncome": -97267000, "operatingIncomeRatio": -0.6294824585, "totalOtherIncomeExpensesNet": 2195000, "incomeBeforeTax": -95072000, "incomeBeforeTaxRatio": -0.6152770857, "incomeTaxExpense": 1287000, "netIncome": -96359000, "netIncomeRatio": -0.6236061585, "eps": -4.06, "epsdiluted": -4.06, "weightedAverageShsOut": 23718391, "weightedAverageShsOutDil": 23718391, "link": "https://www.sec.gov/Archives/edgar/data/1441816/000144181618000028/0001441816-18-000028-index.htm", "finalLink": "https://www.sec.gov/Archives/edgar/data/1441816/000144181618000028/mdb-013118x10k.htm", "calculatedOtherExpenses": 0, "calculatedOperatingExpenses": 208927000, "calculatedNetInterest": 1300000, "calculatedOtherIncome": 895000, "calculatedIncomeNonControlling": 0, "calculatedEbitda": -93564000}, {"date": "2017-01-31", "symbol": "MDB", "reportedCurrency": "USD", "cik": "0001441816", "fillingDate": "2017-01-31", "acceptedDate": "2017-01-30 19:00:00", "calendarYear": "2017", "period": "FY", "revenue": 101358000, "costOfRevenue": 29867000, "grossProfit": 71491000, "grossProfitRatio": 0.7053315969, "researchAndDevelopmentExpenses": 51772000, "generalAndAdministrativeExpenses": 27082000, "sellingAndMarketingExpenses": 78584000, "sellingGeneralAndAdministrativeExpenses": 105666000, "otherExpenses": -308000, "operatingExpenses": 157438000, "costAndExpenses": 187305000, "interestIncome": 302000, "interestExpense": 9000, "depreciationAndAmortization": 3751000, "ebitda": -82202000, "ebitdaratio": -0.8110065313, "operatingIncome": -85947000, "operatingIncomeRatio": -0.8479547742, "totalOtherIncomeExpensesNet": -308000, "incomeBeforeTax": -85962000, "incomeBeforeTaxRatio": -0.8481027645, "incomeTaxExpense": 719000, "netIncome": -86681000, "netIncomeRatio": -0.8551964324, "eps": -2.15, "epsdiluted": -2.15, "weightedAverageShsOut": 40296208, "weightedAverageShsOutDil": 40296208, "link": "", "finalLink": "", "calculatedOtherExpenses": 0, "calculatedOperatingExpenses": 157438000, "calculatedNetInterest": 293000, "calculatedOtherIncome": -308000, "calculatedIncomeNonControlling": 0, "calculatedEbitda": -82196000}, {"date": "2016-01-31", "symbol": "MDB", "reportedCurrency": "USD", "cik": "0001441816", "fillingDate": "2016-01-31", "acceptedDate": "2016-01-30 19:00:00", "calendarYear": "2016", "period": "FY", "revenue": 65271000, "costOfRevenue": 20861000, "grossProfit": 44410000, "grossProfitRatio": 0.6803940494, "researchAndDevelopmentExpenses": 43465000, "generalAndAdministrativeExpenses": 17070000, "sellingAndMarketingExpenses": 56613000, "sellingGeneralAndAdministrativeExpenses": 73683000, "otherExpenses": -428000, "operatingExpenses": 117148000, "costAndExpenses": 138009000, "interestIncome": 146000, "interestExpense": 24000, "depreciationAndAmortization": 4062000, "ebitda": -68958000, "ebitdaratio": -1.0564875672, "operatingIncome": -72738000, "operatingIncomeRatio": -1.1143999632, "totalOtherIncomeExpensesNet": -428000, "incomeBeforeTax": -73044000, "incomeBeforeTaxRatio": -1.1190881096, "incomeTaxExpense": 442000, "netIncome": -73486000, "netIncomeRatio": -1.1258598765, "eps": -1.82, "epsdiluted": -1.82, "weightedAverageShsOut": 40296208, "weightedAverageShsOutDil": 40296208, "link": "", "finalLink": "", "calculatedOtherExpenses": 0, "calculatedOperatingExpenses": 117148000, "calculatedNetInterest": 122000, "calculatedOtherIncome": -428000, "calculatedIncomeNonControlling": 0, "calculatedEbitda": -68676000}]}