{"originalCurrency": "USD", "convertedCurrency": "USD", "report": [{"date": "2023-12-31", "symbol": "MDLZ", "reportedCurrency": "USD", "cik": "0001103982", "fillingDate": "2024-02-02", "acceptedDate": "2024-02-02 15:50:24", "calendarYear": "2023", "period": "FY", "revenue": 36016000000, "costOfRevenue": 22252000000, "grossProfit": 13764000000, "grossProfitRatio": 0.3821634829, "researchAndDevelopmentExpenses": 380000000, "generalAndAdministrativeExpenses": 5945000000, "sellingAndMarketingExpenses": 2057000000, "sellingGeneralAndAdministrativeExpenses": 8002000000, "otherExpenses": 82000000, "operatingExpenses": 8153000000, "costAndExpenses": 30405000000, "interestIncome": 241000000, "interestExpense": 550000000, "depreciationAndAmortization": 1215000000, "ebitda": 7149000000, "ebitdaratio": 0.1984951133, "operatingIncome": 5502000000, "operatingIncomeRatio": 0.1527654376, "totalOtherIncomeExpensesNet": 578000000, "incomeBeforeTax": 5880000000, "incomeBeforeTaxRatio": 0.163260773, "incomeTaxExpense": 1537000000, "netIncome": 4959000000, "netIncomeRatio": 0.137688805, "eps": 3.64, "epsdiluted": 3.62, "weightedAverageShsOut": 1363000000, "weightedAverageShsOutDil": 1370000000, "link": "https://www.sec.gov/Archives/edgar/data/1103982/000110398224000019/0001103982-24-000019-index.htm", "finalLink": "https://www.sec.gov/Archives/edgar/data/1103982/000110398224000019/mdlz-20231231.htm", "calculatedOtherExpenses": -120000000, "calculatedOperatingExpenses": 8262000000, "calculatedNetInterest": -309000000, "calculatedOtherIncome": 687000000, "calculatedIncomeNonControlling": -616000000, "calculatedEbitda": 6717000000}, {"date": "2022-12-31", "symbol": "MDLZ", "reportedCurrency": "USD", "cik": "0001103982", "fillingDate": "2023-02-03", "acceptedDate": "2023-02-03 12:06:38", "calendarYear": "2022", "period": "FY", "revenue": 31496000000, "costOfRevenue": 20184000000, "grossProfit": 11312000000, "grossProfitRatio": 0.3591567183, "researchAndDevelopmentExpenses": 346000000, "generalAndAdministrativeExpenses": 5714000000, "sellingAndMarketingExpenses": 1670000000, "sellingGeneralAndAdministrativeExpenses": 7384000000, "otherExpenses": 132000000, "operatingExpenses": 7516000000, "costAndExpenses": 27700000000, "interestIncome": 134000000, "interestExpense": 423000000, "depreciationAndAmortization": 1486000000, "ebitda": 5020000000, "ebitdaratio": 0.1593853188, "operatingIncome": 3534000000, "operatingIncomeRatio": 0.1122047244, "totalOtherIncomeExpensesNet": -306000000, "incomeBeforeTax": 3228000000, "incomeBeforeTaxRatio": 0.102489205, "incomeTaxExpense": 865000000, "netIncome": 2717000000, "netIncomeRatio": 0.0862649225, "eps": 1.97, "epsdiluted": 1.96, "weightedAverageShsOut": 1378000000, "weightedAverageShsOutDil": 1385000000, "link": "https://www.sec.gov/Archives/edgar/data/1103982/000110398223000006/0001103982-23-000006-index.htm", "finalLink": "https://www.sec.gov/Archives/edgar/data/1103982/000110398223000006/mdlz-20221231.htm", "calculatedOtherExpenses": 48000000, "calculatedOperatingExpenses": 7778000000, "calculatedNetInterest": -289000000, "calculatedOtherIncome": -17000000, "calculatedIncomeNonControlling": -354000000, "calculatedEbitda": 5020000000}, {"date": "2021-12-31", "symbol": "MDLZ", "reportedCurrency": "USD", "cik": "0001103982", "fillingDate": "2022-02-04", "acceptedDate": "2022-02-04 13:40:11", "calendarYear": "2021", "period": "FY", "revenue": 28720000000, "costOfRevenue": 17466000000, "grossProfit": 11254000000, "grossProfitRatio": 0.3918523677, "researchAndDevelopmentExpenses": 347000000, "generalAndAdministrativeExpenses": 4699000000, "sellingAndMarketingExpenses": 1564000000, "sellingGeneralAndAdministrativeExpenses": 6263000000, "otherExpenses": 134000000, "operatingExpenses": 6397000000, "costAndExpenses": 23863000000, "interestIncome": 55000000, "interestExpense": 365000000, "depreciationAndAmortization": 1113000000, "ebitda": 6174000000, "ebitdaratio": 0.2149721448, "operatingIncome": 5061000000, "operatingIncomeRatio": 0.176218663, "totalOtherIncomeExpensesNet": -692000000, "incomeBeforeTax": 4369000000, "incomeBeforeTaxRatio": 0.1521239554, "incomeTaxExpense": 1190000000, "netIncome": 3179000000, "netIncomeRatio": 0.110689415, "eps": 2.27, "epsdiluted": 2.25, "weightedAverageShsOut": 1403000000, "weightedAverageShsOutDil": 1413000000, "link": "https://www.sec.gov/Archives/edgar/data/1103982/000110398222000003/0001103982-22-000003-index.htm", "finalLink": "https://www.sec.gov/Archives/edgar/data/1103982/000110398222000003/mdlz-20211231.htm", "calculatedOtherExpenses": -417000000, "calculatedOperatingExpenses": 6193000000, "calculatedNetInterest": -310000000, "calculatedOtherIncome": -382000000, "calculatedIncomeNonControlling": 0, "calculatedEbitda": 6174000000}, {"date": "2020-12-31", "symbol": "MDLZ", "reportedCurrency": "USD", "cik": "0001103982", "fillingDate": "2021-02-05", "acceptedDate": "2021-02-05 10:23:42", "calendarYear": "2020", "period": "FY", "revenue": 26581000000, "costOfRevenue": 16135000000, "grossProfit": 10446000000, "grossProfitRatio": 0.3929874723, "researchAndDevelopmentExpenses": 332000000, "generalAndAdministrativeExpenses": 4722000000, "sellingAndMarketingExpenses": 1376000000, "sellingGeneralAndAdministrativeExpenses": 6098000000, "otherExpenses": 194000000, "operatingExpenses": 6292000000, "costAndExpenses": 22427000000, "interestIncome": 515000000, "interestExpense": 608000000, "depreciationAndAmortization": 1555000000, "ebitda": 5408000000, "ebitdaratio": 0.2034535947, "operatingIncome": 3853000000, "operatingIncomeRatio": 0.144953162, "totalOtherIncomeExpensesNet": -470000000, "incomeBeforeTax": 3383000000, "incomeBeforeTaxRatio": 0.1272713592, "incomeTaxExpense": 1224000000, "netIncome": 2159000000, "netIncomeRatio": 0.0812234303, "eps": 1.51, "epsdiluted": 1.5, "weightedAverageShsOut": 1431000000, "weightedAverageShsOutDil": 1441000000, "link": "https://www.sec.gov/Archives/edgar/data/1103982/000110398221000004/0001103982-21-000004-index.htm", "finalLink": "https://www.sec.gov/Archives/edgar/data/1103982/000110398221000004/mdlz-20201231.htm", "calculatedOtherExpenses": 163000000, "calculatedOperatingExpenses": 6593000000, "calculatedNetInterest": -93000000, "calculatedOtherIncome": -377000000, "calculatedIncomeNonControlling": 0, "calculatedEbitda": 5408000000}, {"date": "2019-12-31", "symbol": "MDLZ", "reportedCurrency": "USD", "cik": "0001103982", "fillingDate": "2020-02-07", "acceptedDate": "2020-02-07 11:22:43", "calendarYear": "2019", "period": "FY", "revenue": 25868000000, "costOfRevenue": 15531000000, "grossProfit": 10337000000, "grossProfitRatio": 0.3996056904, "researchAndDevelopmentExpenses": 351000000, "generalAndAdministrativeExpenses": 4928000000, "sellingAndMarketingExpenses": 1208000000, "sellingGeneralAndAdministrativeExpenses": 6136000000, "otherExpenses": 174000000, "operatingExpenses": 6310000000, "costAndExpenses": 21841000000, "interestIncome": 583000000, "interestExpense": 456000000, "depreciationAndAmortization": 1291000000, "ebitda": 5134000000, "ebitdaratio": 0.1984691511, "operatingIncome": 3843000000, "operatingIncomeRatio": 0.1485619298, "totalOtherIncomeExpensesNet": -396000000, "incomeBeforeTax": 3447000000, "incomeBeforeTaxRatio": 0.1332534405, "incomeTaxExpense": 2000000, "netIncome": 3870000000, "netIncomeRatio": 0.1496056904, "eps": 2.72, "epsdiluted": 2.69, "weightedAverageShsOut": 1445000000, "weightedAverageShsOutDil": 1458000000, "link": "https://www.sec.gov/Archives/edgar/data/1103982/000110398220000003/0001103982-20-000003-index.htm", "finalLink": "https://www.sec.gov/Archives/edgar/data/1103982/000110398220000003/mdlz10k123119document1.htm", "calculatedOtherExpenses": 7000000, "calculatedOperatingExpenses": 6494000000, "calculatedNetInterest": 127000000, "calculatedOtherIncome": -523000000, "calculatedIncomeNonControlling": -425000000, "calculatedEbitda": 5134000000}, {"date": "2018-12-31", "symbol": "MDLZ", "reportedCurrency": "USD", "cik": "0001103982", "fillingDate": "2019-02-08", "acceptedDate": "2019-02-08 10:34:04", "calendarYear": "2018", "period": "FY", "revenue": 25938000000, "costOfRevenue": 15586000000, "grossProfit": 10352000000, "grossProfitRatio": 0.3991055594, "researchAndDevelopmentExpenses": 362000000, "generalAndAdministrativeExpenses": 5302000000, "sellingAndMarketingExpenses": 1173000000, "sellingGeneralAndAdministrativeExpenses": 6475000000, "otherExpenses": 176000000, "operatingExpenses": 6651000000, "costAndExpenses": 22237000000, "interestIncome": 0, "interestExpense": 520000000, "depreciationAndAmortization": 1250000000, "ebitda": 4562000000, "ebitdaratio": 0.1758809469, "operatingIncome": 3312000000, "operatingIncomeRatio": 0.1276891048, "totalOtherIncomeExpensesNet": -470000000, "incomeBeforeTax": 2842000000, "incomeBeforeTaxRatio": 0.1095689722, "incomeTaxExpense": 773000000, "netIncome": 2069000000, "netIncomeRatio": 0.079767137, "eps": 1.41, "epsdiluted": 1.39, "weightedAverageShsOut": 1472000000, "weightedAverageShsOutDil": 1486000000, "link": "https://www.sec.gov/Archives/edgar/data/1103982/000110398219000005/0001103982-19-000005-index.htm", "finalLink": "https://www.sec.gov/Archives/edgar/data/1103982/000110398219000005/mdlz10k123118document.htm", "calculatedOtherExpenses": 203000000, "calculatedOperatingExpenses": 7040000000, "calculatedNetInterest": -520000000, "calculatedOtherIncome": 50000000, "calculatedIncomeNonControlling": 0, "calculatedEbitda": 4562000000}, {"date": "2017-12-31", "symbol": "MDLZ", "reportedCurrency": "USD", "cik": "0001103982", "fillingDate": "2018-02-09", "acceptedDate": "2018-02-09 10:33:19", "calendarYear": "2017", "period": "FY", "revenue": 25896000000, "costOfRevenue": 15831000000, "grossProfit": 10065000000, "grossProfitRatio": 0.3886700649, "researchAndDevelopmentExpenses": 366000000, "generalAndAdministrativeExpenses": 4663000000, "sellingAndMarketingExpenses": 1248000000, "sellingGeneralAndAdministrativeExpenses": 5911000000, "otherExpenses": 25000000, "operatingExpenses": 6089000000, "costAndExpenses": 21920000000, "interestIncome": 0, "interestExpense": 382000000, "depreciationAndAmortization": 816000000, "ebitda": 4792000000, "ebitdaratio": 0.1850478838, "operatingIncome": 3506000000, "operatingIncomeRatio": 0.1353877047, "totalOtherIncomeExpensesNet": -470000000, "incomeBeforeTax": 3124000000, "incomeBeforeTaxRatio": 0.1206363917, "incomeTaxExpense": 688000000, "netIncome": 2922000000, "netIncomeRatio": 0.1128359592, "eps": 1.93, "epsdiluted": 1.91, "weightedAverageShsOut": 1513000000, "weightedAverageShsOutDil": 1531000000, "link": "https://www.sec.gov/Archives/edgar/data/1103982/000119312518037332/0001193125-18-037332-index.htm", "finalLink": "https://www.sec.gov/Archives/edgar/data/1103982/000119312518037332/d466496d10k.htm", "calculatedOtherExpenses": 282000000, "calculatedOperatingExpenses": 6559000000, "calculatedNetInterest": -382000000, "calculatedOtherIncome": 0, "calculatedIncomeNonControlling": -486000000, "calculatedEbitda": 4322000000}, {"date": "2016-12-31", "symbol": "MDLZ", "reportedCurrency": "USD", "cik": "0001103982", "fillingDate": "2017-02-24", "acceptedDate": "2017-02-24 13:04:38", "calendarYear": "2016", "period": "FY", "revenue": 25923000000, "costOfRevenue": 15795000000, "grossProfit": 10128000000, "grossProfitRatio": 0.3906955214, "researchAndDevelopmentExpenses": 376000000, "generalAndAdministrativeExpenses": 5144000000, "sellingAndMarketingExpenses": 1396000000, "sellingGeneralAndAdministrativeExpenses": 6540000000, "otherExpenses": -76000000, "operatingExpenses": 6716000000, "costAndExpenses": 22511000000, "interestIncome": 0, "interestExpense": 1115000000, "depreciationAndAmortization": 823000000, "ebitda": 4235000000, "ebitdaratio": 0.1633684373, "operatingIncome": 2569000000, "operatingIncomeRatio": 0.0991011843, "totalOtherIncomeExpensesNet": -843000000, "incomeBeforeTax": 1454000000, "incomeBeforeTaxRatio": 0.0560891872, "incomeTaxExpense": 129000000, "netIncome": 1659000000, "netIncomeRatio": 0.0639972225, "eps": 1.07, "epsdiluted": 1.05, "weightedAverageShsOut": 1556000000, "weightedAverageShsOutDil": 1573000000, "link": "https://www.sec.gov/Archives/edgar/data/1103982/000119312517055858/0001193125-17-055858-index.htm", "finalLink": "https://www.sec.gov/Archives/edgar/data/1103982/000119312517055858/d288385d10k.htm", "calculatedOtherExpenses": 643000000, "calculatedOperatingExpenses": 7559000000, "calculatedNetInterest": -1115000000, "calculatedOtherIncome": 0, "calculatedIncomeNonControlling": -334000000, "calculatedEbitda": 3392000000}, {"date": "2015-12-31", "symbol": "MDLZ", "reportedCurrency": "USD", "cik": "0001103982", "fillingDate": "2016-02-19", "acceptedDate": "2016-02-19 11:41:16", "calendarYear": "2015", "period": "FY", "revenue": 29636000000, "costOfRevenue": 18124000000, "grossProfit": 11512000000, "grossProfitRatio": 0.388446484, "researchAndDevelopmentExpenses": 409000000, "generalAndAdministrativeExpenses": 6035000000, "sellingAndMarketingExpenses": 1542000000, "sellingGeneralAndAdministrativeExpenses": 7577000000, "otherExpenses": -53000000, "operatingExpenses": 7758000000, "costAndExpenses": 25882000000, "interestIncome": 0, "interestExpense": 1013000000, "depreciationAndAmortization": 181000000, "ebitda": 3935000000, "ebitdaratio": 0.1327777028, "operatingIncome": 8897000000, "operatingIncomeRatio": 0.300209205, "totalOtherIncomeExpensesNet": 5143000000, "incomeBeforeTax": 7884000000, "incomeBeforeTaxRatio": 0.266027804, "incomeTaxExpense": 593000000, "netIncome": 7267000000, "netIncomeRatio": 0.2452085302, "eps": 4.49, "epsdiluted": 4.44, "weightedAverageShsOut": 1618000000, "weightedAverageShsOutDil": 1637000000, "link": "https://www.sec.gov/Archives/edgar/data/1103982/000119312516469394/0001193125-16-469394-index.htm", "finalLink": "https://www.sec.gov/Archives/edgar/data/1103982/000119312516469394/d51394d10k.htm", "calculatedOtherExpenses": -5371000000, "calculatedOperatingExpenses": 2615000000, "calculatedNetInterest": -1013000000, "calculatedOtherIncome": 0, "calculatedIncomeNonControlling": 24000000, "calculatedEbitda": 9078000000}, {"date": "2014-12-31", "symbol": "MDLZ", "reportedCurrency": "USD", "cik": "0001103982", "fillingDate": "2015-02-20", "acceptedDate": "2015-02-20 10:47:09", "calendarYear": "2014", "period": "FY", "revenue": 34244000000, "costOfRevenue": 21647000000, "grossProfit": 12597000000, "grossProfitRatio": 0.3678600631, "researchAndDevelopmentExpenses": 455000000, "generalAndAdministrativeExpenses": 6905000000, "sellingAndMarketingExpenses": 1552000000, "sellingGeneralAndAdministrativeExpenses": 8457000000, "otherExpenses": -43000000, "operatingExpenses": 8663000000, "costAndExpenses": 30310000000, "interestIncome": 0, "interestExpense": 688000000, "depreciationAndAmortization": 1059000000, "ebitda": 4993000000, "ebitdaratio": 0.1458065647, "operatingIncome": 3242000000, "operatingIncomeRatio": 0.0946735194, "totalOtherIncomeExpensesNet": -692000000, "incomeBeforeTax": 2554000000, "incomeBeforeTaxRatio": 0.0745824086, "incomeTaxExpense": 353000000, "netIncome": 2184000000, "netIncomeRatio": 0.0637775961, "eps": 1.29, "epsdiluted": 1.28, "weightedAverageShsOut": 1691000000, "weightedAverageShsOutDil": 1709000000, "link": "https://www.sec.gov/Archives/edgar/data/1103982/000119312515055355/0001193125-15-055355-index.htm", "finalLink": "https://www.sec.gov/Archives/edgar/data/1103982/000119312515055355/d840894d10k.htm", "calculatedOtherExpenses": 443000000, "calculatedOperatingExpenses": 9355000000, "calculatedNetInterest": -688000000, "calculatedOtherIncome": 0, "calculatedIncomeNonControlling": 17000000, "calculatedEbitda": 4301000000}, {"date": "2013-12-31", "symbol": "MDLZ", "reportedCurrency": "USD", "cik": "0001103982", "fillingDate": "2014-03-03", "acceptedDate": "2014-03-03 09:54:31", "calendarYear": "2013", "period": "FY", "revenue": 35299000000, "costOfRevenue": 22189000000, "grossProfit": 13110000000, "grossProfitRatio": 0.3713986232, "researchAndDevelopmentExpenses": 471000000, "generalAndAdministrativeExpenses": 6958000000, "sellingAndMarketingExpenses": 1721000000, "sellingGeneralAndAdministrativeExpenses": 8679000000, "otherExpenses": 50000000, "operatingExpenses": 8896000000, "costAndExpenses": 31085000000, "interestIncome": 0, "interestExpense": 1579000000, "depreciationAndAmortization": 217000000, "ebitda": 4431000000, "ebitdaratio": 0.1255276353, "operatingIncome": 3971000000, "operatingIncomeRatio": 0.1124961047, "totalOtherIncomeExpensesNet": -243000000, "incomeBeforeTax": 2392000000, "incomeBeforeTaxRatio": 0.0677639593, "incomeTaxExpense": 60000000, "netIncome": 3915000000, "netIncomeRatio": 0.1109096575, "eps": 2.21, "epsdiluted": 2.19, "weightedAverageShsOut": 1774000000, "weightedAverageShsOutDil": 1789000000, "link": "https://www.sec.gov/Archives/edgar/data/1103982/000119312514079175/0001193125-14-079175-index.htm", "finalLink": "https://www.sec.gov/Archives/edgar/data/1103982/000119312514079175/d645322d10k.htm", "calculatedOtherExpenses": -11000000, "calculatedOperatingExpenses": 9139000000, "calculatedNetInterest": -1579000000, "calculatedOtherIncome": 0, "calculatedIncomeNonControlling": -1583000000, "calculatedEbitda": 4188000000}, {"date": "2012-12-31", "symbol": "MDLZ", "reportedCurrency": "USD", "cik": "0001103982", "fillingDate": "2013-02-25", "acceptedDate": "2013-02-25 11:38:27", "calendarYear": "2012", "period": "FY", "revenue": 35015000000, "costOfRevenue": 21939000000, "grossProfit": 13076000000, "grossProfitRatio": 0.3734399543, "researchAndDevelopmentExpenses": 462000000, "generalAndAdministrativeExpenses": 7361000000, "sellingAndMarketingExpenses": 1815000000, "sellingGeneralAndAdministrativeExpenses": 9176000000, "otherExpenses": -77000000, "operatingExpenses": 9393000000, "costAndExpenses": 31332000000, "interestIncome": 0, "interestExpense": 1863000000, "depreciationAndAmortization": 217000000, "ebitda": 3900000000, "ebitdaratio": 0.1113808368, "operatingIncome": 3637000000, "operatingIncomeRatio": 0.1038697701, "totalOtherIncomeExpensesNet": -46000000, "incomeBeforeTax": 1774000000, "incomeBeforeTaxRatio": 0.0506640011, "incomeTaxExpense": 207000000, "netIncome": 3028000000, "netIncomeRatio": 0.086477224, "eps": 1.7, "epsdiluted": 1.69, "weightedAverageShsOut": 1777000000, "weightedAverageShsOutDil": 1789000000, "link": "https://www.sec.gov/Archives/edgar/data/1103982/000119312513073227/0001193125-13-073227-index.htm", "finalLink": "https://www.sec.gov/Archives/edgar/data/1103982/000119312513073227/d456052d10k.htm", "calculatedOtherExpenses": -199000000, "calculatedOperatingExpenses": 9439000000, "calculatedNetInterest": -1863000000, "calculatedOtherIncome": 0, "calculatedIncomeNonControlling": -1461000000, "calculatedEbitda": 3854000000}, {"date": "2011-12-31", "symbol": "MDLZ", "reportedCurrency": "USD", "cik": "0001103982", "fillingDate": "2012-02-27", "acceptedDate": "2012-02-27 10:45:56", "calendarYear": "2011", "period": "FY", "revenue": 54365000000, "costOfRevenue": 35350000000, "grossProfit": 19015000000, "grossProfitRatio": 0.3497654741, "researchAndDevelopmentExpenses": 0, "generalAndAdministrativeExpenses": 0, "sellingAndMarketingExpenses": 0, "sellingGeneralAndAdministrativeExpenses": 12140000000, "otherExpenses": 225000000, "operatingExpenses": 12365000000, "costAndExpenses": 47715000000, "interestIncome": 0, "interestExpense": 1645000000, "depreciationAndAmortization": 225000000, "ebitda": 6868000000, "ebitdaratio": 0.1263312793, "operatingIncome": 6657000000, "operatingIncomeRatio": 0.1224501058, "totalOtherIncomeExpensesNet": 7000000, "incomeBeforeTax": 4772000000, "incomeBeforeTaxRatio": 0.0877770624, "incomeTaxExpense": 1225000000, "netIncome": 3527000000, "netIncomeRatio": 0.0648762991, "eps": 2, "epsdiluted": 1.99, "weightedAverageShsOut": 1765000000, "weightedAverageShsOutDil": 1772000000, "link": "https://www.sec.gov/Archives/edgar/data/1103982/000119312512080318/0001193125-12-080318-index.htm", "finalLink": "https://www.sec.gov/Archives/edgar/data/1103982/000119312512080318/d277353d10k.htm", "calculatedOtherExpenses": 218000000, "calculatedOperatingExpenses": 12358000000, "calculatedNetInterest": -1645000000, "calculatedOtherIncome": -240000000, "calculatedIncomeNonControlling": 20000000, "calculatedEbitda": 6882000000}, {"date": "2010-12-31", "symbol": "MDLZ", "reportedCurrency": "USD", "cik": "0001103982", "fillingDate": "2011-02-28", "acceptedDate": "2011-02-28 10:44:30", "calendarYear": "2010", "period": "FY", "revenue": 49207000000, "costOfRevenue": 31305000000, "grossProfit": 17902000000, "grossProfitRatio": 0.363810027, "researchAndDevelopmentExpenses": 0, "generalAndAdministrativeExpenses": 0, "sellingAndMarketingExpenses": 0, "sellingGeneralAndAdministrativeExpenses": 12001000000, "otherExpenses": 211000000, "operatingExpenses": 12236000000, "costAndExpenses": 43541000000, "interestIncome": 0, "interestExpense": 2024000000, "depreciationAndAmortization": 211000000, "ebitda": 5877000000, "ebitdaratio": 0.1194342268, "operatingIncome": 5666000000, "operatingIncomeRatio": 0.115146219, "totalOtherIncomeExpensesNet": -258000000, "incomeBeforeTax": 3642000000, "incomeBeforeTaxRatio": 0.0740138598, "incomeTaxExpense": 1147000000, "netIncome": 4114000000, "netIncomeRatio": 0.083605991, "eps": 2.4, "epsdiluted": 2.39, "weightedAverageShsOut": 1715000000, "weightedAverageShsOutDil": 1720000000, "link": "https://www.sec.gov/Archives/edgar/data/1103982/000119312511048979/0001193125-11-048979-index.htm", "finalLink": "https://www.sec.gov/Archives/edgar/data/1103982/000119312511048979/d10k.htm", "calculatedOtherExpenses": 235000000, "calculatedOperatingExpenses": 12236000000, "calculatedNetInterest": -2024000000, "calculatedOtherIncome": 0, "calculatedIncomeNonControlling": -1619000000, "calculatedEbitda": 5877000000}, {"date": "2009-12-31", "symbol": "MDLZ", "reportedCurrency": "USD", "cik": "0001103982", "fillingDate": "2010-02-25", "acceptedDate": "2010-02-25 11:55:07", "calendarYear": "2009", "period": "FY", "revenue": 40386000000, "costOfRevenue": 25786000000, "grossProfit": 14600000000, "grossProfitRatio": 0.3615114148, "researchAndDevelopmentExpenses": 0, "generalAndAdministrativeExpenses": 0, "sellingAndMarketingExpenses": 0, "sellingGeneralAndAdministrativeExpenses": 9108000000, "otherExpenses": 26000000, "operatingExpenses": 9140000000, "costAndExpenses": 34926000000, "interestIncome": 0, "interestExpense": 1237000000, "depreciationAndAmortization": 26000000, "ebitda": 5486000000, "ebitdaratio": 0.1358391522, "operatingIncome": 5524000000, "operatingIncomeRatio": 0.1367800723, "totalOtherIncomeExpensesNet": 64000000, "incomeBeforeTax": 4287000000, "incomeBeforeTaxRatio": 0.1061506463, "incomeTaxExpense": 1259000000, "netIncome": 3021000000, "netIncomeRatio": 0.0748031496, "eps": 2.04, "epsdiluted": 2.03, "weightedAverageShsOut": 1478000000, "weightedAverageShsOutDil": 1486000000, "link": "https://www.sec.gov/Archives/edgar/data/1103982/000119312510040106/0001193125-10-040106-index.htm", "finalLink": "https://www.sec.gov/Archives/edgar/data/1103982/000119312510040106/d10k.htm", "calculatedOtherExpenses": -32000000, "calculatedOperatingExpenses": 9076000000, "calculatedNetInterest": -1237000000, "calculatedOtherIncome": 0, "calculatedIncomeNonControlling": 7000000, "calculatedEbitda": 5550000000}, {"date": "2008-12-31", "symbol": "MDLZ", "reportedCurrency": "USD", "cik": "0001103982", "fillingDate": "2009-02-27", "acceptedDate": "2009-02-27 15:10:38", "calendarYear": "2008", "period": "FY", "revenue": 42201000000, "costOfRevenue": 28186000000, "grossProfit": 14015000000, "grossProfitRatio": 0.332101135, "researchAndDevelopmentExpenses": 0, "generalAndAdministrativeExpenses": 0, "sellingAndMarketingExpenses": 0, "sellingGeneralAndAdministrativeExpenses": 9059000000, "otherExpenses": 1047000000, "operatingExpenses": 10106000000, "costAndExpenses": 38292000000, "interestIncome": 0, "interestExpense": 1240000000, "depreciationAndAmortization": 986000000, "ebitda": 5979000000, "ebitdaratio": 0.1416791071, "operatingIncome": 3817000000, "operatingIncomeRatio": 0.0904480936, "totalOtherIncomeExpensesNet": -1084000000, "incomeBeforeTax": 2577000000, "incomeBeforeTaxRatio": 0.0610649037, "incomeTaxExpense": 728000000, "netIncome": 2901000000, "netIncomeRatio": 0.0687424469, "eps": 1.93, "epsdiluted": 1.91, "weightedAverageShsOut": 1505000000, "weightedAverageShsOutDil": 1515000000, "link": "https://www.sec.gov/Archives/edgar/data/1103982/000119312509040798/0001193125-09-040798-index.htm", "finalLink": "https://www.sec.gov/Archives/edgar/data/1103982/000119312509040798/d10k.htm", "calculatedOtherExpenses": 1139000000, "calculatedOperatingExpenses": 10198000000, "calculatedNetInterest": -1240000000, "calculatedOtherIncome": 0, "calculatedIncomeNonControlling": -1052000000, "calculatedEbitda": 4803000000}, {"date": "2007-12-31", "symbol": "MDLZ", "reportedCurrency": "USD", "cik": "0001103982", "fillingDate": "2008-02-25", "acceptedDate": "2008-02-25 17:23:38", "calendarYear": "2007", "period": "FY", "revenue": 37241000000, "costOfRevenue": 24651000000, "grossProfit": 12590000000, "grossProfitRatio": 0.3380682581, "researchAndDevelopmentExpenses": 0, "generalAndAdministrativeExpenses": 0, "sellingAndMarketingExpenses": 0, "sellingGeneralAndAdministrativeExpenses": 7809000000, "otherExpenses": 450000000, "operatingExpenses": 8259000000, "costAndExpenses": 32910000000, "interestIncome": 0, "interestExpense": 604000000, "depreciationAndAmortization": 886000000, "ebitda": 5654000000, "ebitdaratio": 0.1518219167, "operatingIncome": 4331000000, "operatingIncomeRatio": 0.1162965549, "totalOtherIncomeExpensesNet": -437000000, "incomeBeforeTax": 3727000000, "incomeBeforeTaxRatio": 0.1000778712, "incomeTaxExpense": 1137000000, "netIncome": 2590000000, "netIncomeRatio": 0.0695470046, "eps": 1.64, "epsdiluted": 1.62, "weightedAverageShsOut": 1575000000, "weightedAverageShsOutDil": 1594000000, "link": "https://www.sec.gov/Archives/edgar/data/1103982/000119312508037590/0001193125-08-037590-index.htm", "finalLink": "https://www.sec.gov/Archives/edgar/data/1103982/000119312508037590/d10k.htm", "calculatedOtherExpenses": 450000000, "calculatedOperatingExpenses": 8259000000, "calculatedNetInterest": -604000000, "calculatedOtherIncome": 0, "calculatedIncomeNonControlling": 0, "calculatedEbitda": 5217000000}, {"date": "2006-12-31", "symbol": "MDLZ", "reportedCurrency": "USD", "cik": "0001103982", "fillingDate": "2007-03-01", "acceptedDate": "2007-03-01 15:39:31", "calendarYear": "2006", "period": "FY", "revenue": 34356000000, "costOfRevenue": 21940000000, "grossProfit": 12416000000, "grossProfitRatio": 0.3613924788, "researchAndDevelopmentExpenses": 0, "generalAndAdministrativeExpenses": 0, "sellingAndMarketingExpenses": 0, "sellingGeneralAndAdministrativeExpenses": 7249000000, "otherExpenses": 641000000, "operatingExpenses": 7890000000, "costAndExpenses": 29830000000, "interestIncome": 0, "interestExpense": 515000000, "depreciationAndAmortization": 891000000, "ebitda": 6051000000, "ebitdaratio": 0.1761264408, "operatingIncome": 4526000000, "operatingIncomeRatio": 0.1317382699, "totalOtherIncomeExpensesNet": -634000000, "incomeBeforeTax": 4016000000, "incomeBeforeTaxRatio": 0.1168937012, "incomeTaxExpense": 951000000, "netIncome": 3060000000, "netIncomeRatio": 0.0890674118, "eps": 1.86, "epsdiluted": 1.85, "weightedAverageShsOut": 1645161290, "weightedAverageShsOutDil": 1654054054, "link": "https://www.sec.gov/Archives/edgar/data/1103982/000104746907001530/0001047469-07-001530-index.htm", "finalLink": "https://www.sec.gov/Archives/edgar/data/1103982/000104746907001530/a2176027z10-k.htm", "calculatedOtherExpenses": 641000000, "calculatedOperatingExpenses": 7890000000, "calculatedNetInterest": -515000000, "calculatedOtherIncome": 5000000, "calculatedIncomeNonControlling": 5000000, "calculatedEbitda": 5417000000}, {"date": "2005-12-31", "symbol": "MDLZ", "reportedCurrency": "USD", "cik": "0001103982", "fillingDate": "2006-03-10", "acceptedDate": "2006-03-10 16:34:38", "calendarYear": "2005", "period": "FY", "revenue": 34113000000, "costOfRevenue": 21845000000, "grossProfit": 12268000000, "grossProfitRatio": 0.3596282942, "researchAndDevelopmentExpenses": 0, "generalAndAdministrativeExpenses": 0, "sellingAndMarketingExpenses": 0, "sellingGeneralAndAdministrativeExpenses": 7135000000, "otherExpenses": 381000000, "operatingExpenses": 7516000000, "costAndExpenses": 29361000000, "interestIncome": 0, "interestExpense": 911000000, "depreciationAndAmortization": 879000000, "ebitda": 6002000000, "ebitdaratio": 0.1759446545, "operatingIncome": 4752000000, "operatingIncomeRatio": 0.1393017325, "totalOtherIncomeExpensesNet": -371000000, "incomeBeforeTax": 4116000000, "incomeBeforeTaxRatio": 0.1206578137, "incomeTaxExpense": 1209000000, "netIncome": 2632000000, "netIncomeRatio": 0.0771553367, "eps": 1.56, "epsdiluted": 1.55, "weightedAverageShsOut": 1687179487, "weightedAverageShsOutDil": 1698064516, "link": "https://www.sec.gov/Archives/edgar/data/1103982/000104746906003200/0001047469-06-003200-index.htm", "finalLink": "https://www.sec.gov/Archives/edgar/data/1103982/000104746906003200/a2168110z10-k.htm", "calculatedOtherExpenses": 381000000, "calculatedOperatingExpenses": 7516000000, "calculatedNetInterest": -911000000, "calculatedOtherIncome": 275000000, "calculatedIncomeNonControlling": 275000000, "calculatedEbitda": 5631000000}, {"date": "2004-12-31", "symbol": "MDLZ", "reportedCurrency": "USD", "cik": "0001103982", "fillingDate": "2005-03-11", "acceptedDate": "2005-03-11 16:19:42", "calendarYear": "2004", "period": "FY", "revenue": 32168000000, "costOfRevenue": 20281000000, "grossProfit": 11887000000, "grossProfitRatio": 0.3695287242, "researchAndDevelopmentExpenses": 0, "generalAndAdministrativeExpenses": 0, "sellingAndMarketingExpenses": 0, "sellingGeneralAndAdministrativeExpenses": 6658000000, "otherExpenses": 617000000, "operatingExpenses": 7275000000, "costAndExpenses": 27556000000, "interestIncome": 0, "interestExpense": 673000000, "depreciationAndAmortization": 879000000, "ebitda": 6097000000, "ebitdaratio": 0.189536185, "operatingIncome": 4612000000, "operatingIncomeRatio": 0.1433722954, "totalOtherIncomeExpensesNet": -606000000, "incomeBeforeTax": 3946000000, "incomeBeforeTaxRatio": 0.1226684904, "incomeTaxExpense": 1274000000, "netIncome": 2665000000, "netIncomeRatio": 0.0828463069, "eps": 1.56, "epsdiluted": 1.55, "weightedAverageShsOut": 1708333333, "weightedAverageShsOutDil": 1719354839, "link": "https://www.sec.gov/Archives/edgar/data/1103982/000104746905006214/0001047469-05-006214-index.htm", "finalLink": "https://www.sec.gov/Archives/edgar/data/1103982/000104746905006214/a2152234z10-k.htm", "calculatedOtherExpenses": 617000000, "calculatedOperatingExpenses": 7275000000, "calculatedNetInterest": -673000000, "calculatedOtherIncome": 7000000, "calculatedIncomeNonControlling": 7000000, "calculatedEbitda": 5491000000}, {"date": "2003-12-31", "symbol": "MDLZ", "reportedCurrency": "USD", "cik": "0001103982", "fillingDate": "2004-03-12", "acceptedDate": "2004-03-12 12:47:41", "calendarYear": "2003", "period": "FY", "revenue": 31010000000, "costOfRevenue": 18828000000, "grossProfit": 12182000000, "grossProfitRatio": 0.392841019, "researchAndDevelopmentExpenses": 0, "generalAndAdministrativeExpenses": 0, "sellingAndMarketingExpenses": 0, "sellingGeneralAndAdministrativeExpenses": 6200000000, "otherExpenses": -35000000, "operatingExpenses": 6165000000, "costAndExpenses": 24993000000, "interestIncome": 0, "interestExpense": 669000000, "depreciationAndAmortization": 813000000, "ebitda": 6792000000, "ebitdaratio": 0.2190261206, "operatingIncome": 6011000000, "operatingIncomeRatio": 0.1938406965, "totalOtherIncomeExpensesNet": 38000000, "incomeBeforeTax": 5342000000, "incomeBeforeTaxRatio": 0.1722670106, "incomeTaxExpense": 1866000000, "netIncome": 3476000000, "netIncomeRatio": 0.1120928733, "eps": 2.01, "epsdiluted": 2.01, "weightedAverageShsOut": 1729353234, "weightedAverageShsOutDil": 1729353234, "link": "https://www.sec.gov/Archives/edgar/data/1103982/000104746904007643/0001047469-04-007643-index.htm", "finalLink": "https://www.sec.gov/Archives/edgar/data/1103982/000104746904007643/a2129292z10-k.htm", "calculatedOtherExpenses": -29000000, "calculatedOperatingExpenses": 6171000000, "calculatedNetInterest": -669000000, "calculatedOtherIncome": 0, "calculatedIncomeNonControlling": 0, "calculatedEbitda": 6824000000}, {"date": "2002-12-31", "symbol": "MDLZ", "reportedCurrency": "USD", "cik": "0001103982", "fillingDate": "2003-03-25", "acceptedDate": "2003-03-25 17:25:15", "calendarYear": "2002", "period": "FY", "revenue": 29723000000, "costOfRevenue": 17720000000, "grossProfit": 12003000000, "grossProfitRatio": 0.4038286849, "researchAndDevelopmentExpenses": 0, "generalAndAdministrativeExpenses": 0, "sellingAndMarketingExpenses": 0, "sellingGeneralAndAdministrativeExpenses": 5709000000, "otherExpenses": 38000000, "operatingExpenses": 5747000000, "costAndExpenses": 23467000000, "interestIncome": 0, "interestExpense": 851000000, "depreciationAndAmortization": 716000000, "ebitda": 7145000000, "ebitdaratio": 0.2403862329, "operatingIncome": 6114000000, "operatingIncomeRatio": 0.2056992901, "totalOtherIncomeExpensesNet": -173000000, "incomeBeforeTax": 5267000000, "incomeBeforeTaxRatio": 0.1772028396, "incomeTaxExpense": 1869000000, "netIncome": 3394000000, "netIncomeRatio": 0.1141876661, "eps": 1.96, "epsdiluted": 1.96, "weightedAverageShsOut": 1731632653, "weightedAverageShsOutDil": 1731632653, "link": "https://www.sec.gov/Archives/edgar/data/1103982/000104746903010159/0001047469-03-010159-index.htm", "finalLink": "https://www.sec.gov/Archives/edgar/data/1103982/000104746903010159/a2105346z10-k.htm", "calculatedOtherExpenses": 180000000, "calculatedOperatingExpenses": 5889000000, "calculatedNetInterest": -851000000, "calculatedOtherIncome": 4000000, "calculatedIncomeNonControlling": 4000000, "calculatedEbitda": 6830000000}, {"date": "2001-12-31", "symbol": "MDLZ", "reportedCurrency": "USD", "cik": "0001103982", "fillingDate": "2002-03-14", "acceptedDate": "2002-03-14 00:00:00", "calendarYear": "2001", "period": "FY", "revenue": 33875000000, "costOfRevenue": 17531000000, "grossProfit": 16344000000, "grossProfitRatio": 0.4824797048, "researchAndDevelopmentExpenses": 0, "generalAndAdministrativeExpenses": 0, "sellingAndMarketingExpenses": 0, "sellingGeneralAndAdministrativeExpenses": 10498000000, "otherExpenses": 962000000, "operatingExpenses": 11460000000, "costAndExpenses": 28991000000, "interestIncome": 0, "interestExpense": 1437000000, "depreciationAndAmortization": 1642000000, "ebitda": 6526000000, "ebitdaratio": 0.1926494465, "operatingIncome": 4884000000, "operatingIncomeRatio": 0.1441771218, "totalOtherIncomeExpensesNet": -1437000000, "incomeBeforeTax": 3447000000, "incomeBeforeTaxRatio": 0.1017564576, "incomeTaxExpense": 1565000000, "netIncome": 1882000000, "netIncomeRatio": 0.0555571956, "eps": 1.17, "epsdiluted": 1.17, "weightedAverageShsOut": 1608547009, "weightedAverageShsOutDil": 1608547009, "link": "https://www.sec.gov/Archives/edgar/data/1103982/000095012302002512/0000950123-02-002512-index.htm", "finalLink": "https://www.sec.gov/Archives/edgar/data/1103982/000095012302002512/y57670e10-k.txt", "calculatedOtherExpenses": 962000000, "calculatedOperatingExpenses": 11460000000, "calculatedNetInterest": -1437000000, "calculatedOtherIncome": 0, "calculatedIncomeNonControlling": 0, "calculatedEbitda": 6526000000}, {"date": "2000-12-31", "symbol": "MDLZ", "reportedCurrency": "USD", "cik": "0001103982", "fillingDate": "2000-12-31", "acceptedDate": "2000-12-31 00:00:00", "calendarYear": "2000", "period": "FY", "revenue": 26532000000, "costOfRevenue": 12883000000, "grossProfit": 13649000000, "grossProfitRatio": 0.5144353988, "researchAndDevelopmentExpenses": 0, "generalAndAdministrativeExpenses": 0, "sellingAndMarketingExpenses": 0, "sellingGeneralAndAdministrativeExpenses": 8068000000, "otherExpenses": 535000000, "operatingExpenses": 8603000000, "costAndExpenses": 21486000000, "interestIncome": 0, "interestExpense": 597000000, "depreciationAndAmortization": 1034000000, "ebitda": 6615000000, "ebitdaratio": 0.2493215739, "operatingIncome": 4012000000, "operatingIncomeRatio": 0.1512136288, "totalOtherIncomeExpensesNet": -597000000, "incomeBeforeTax": 3415000000, "incomeBeforeTaxRatio": 0.1287124981, "incomeTaxExpense": 1414000000, "netIncome": 2001000000, "netIncomeRatio": 0.0754183627, "eps": 2.78, "epsdiluted": 2.78, "weightedAverageShsOut": 718840580, "weightedAverageShsOutDil": 718840580, "link": null, "finalLink": null, "calculatedOtherExpenses": 1569000000, "calculatedOperatingExpenses": 9637000000, "calculatedNetInterest": -597000000, "calculatedOtherIncome": 0, "calculatedIncomeNonControlling": 0, "calculatedEbitda": 5046000000}, {"date": "1999-12-31", "symbol": "MDLZ", "reportedCurrency": "USD", "cik": "0001103982", "fillingDate": "1999-12-31", "acceptedDate": "1999-12-31 00:00:00", "calendarYear": "1999", "period": "FY", "revenue": 23430000000, "costOfRevenue": 14615000000, "grossProfit": 8815000000, "grossProfitRatio": 0.3762270593, "researchAndDevelopmentExpenses": 0, "generalAndAdministrativeExpenses": 0, "sellingAndMarketingExpenses": 0, "sellingGeneralAndAdministrativeExpenses": 0, "otherExpenses": 5236000000, "operatingExpenses": 5236000000, "costAndExpenses": 19851000000, "interestIncome": 0, "interestExpense": 539000000, "depreciationAndAmortization": -1826000000, "ebitda": 3579000000, "ebitdaratio": 0.1527528809, "operatingIncome": 3579000000, "operatingIncomeRatio": 0.1527528809, "totalOtherIncomeExpensesNet": -539000000, "incomeBeforeTax": 3040000000, "incomeBeforeTaxRatio": 0.1297481861, "incomeTaxExpense": 1287000000, "netIncome": 1753000000, "netIncomeRatio": 0.0748186086, "eps": 1.2, "epsdiluted": 1.2, "weightedAverageShsOut": 1460833333, "weightedAverageShsOutDil": 1460833333, "link": null, "finalLink": null, "calculatedOtherExpenses": 5236000000, "calculatedOperatingExpenses": 5236000000, "calculatedNetInterest": -539000000, "calculatedOtherIncome": 0, "calculatedIncomeNonControlling": 0, "calculatedEbitda": 1753000000}, {"date": "1998-12-31", "symbol": "MDLZ", "reportedCurrency": "USD", "cik": "0001103982", "fillingDate": "1998-12-31", "acceptedDate": "1998-12-31 00:00:00", "calendarYear": "1998", "period": "FY", "revenue": 24140000000, "costOfRevenue": 15586000000, "grossProfit": 8554000000, "grossProfitRatio": 0.3543496272, "researchAndDevelopmentExpenses": 0, "generalAndAdministrativeExpenses": 0, "sellingAndMarketingExpenses": 0, "sellingGeneralAndAdministrativeExpenses": 0, "otherExpenses": 5019000000, "operatingExpenses": 5019000000, "costAndExpenses": 20605000000, "interestIncome": 0, "interestExpense": 536000000, "depreciationAndAmortization": -1903000000, "ebitda": 3535000000, "ebitdaratio": 0.1464374482, "operatingIncome": 3535000000, "operatingIncomeRatio": 0.1464374482, "totalOtherIncomeExpensesNet": -536000000, "incomeBeforeTax": 2999000000, "incomeBeforeTaxRatio": 0.1242336371, "incomeTaxExpense": 1367000000, "netIncome": 1632000000, "netIncomeRatio": 0.0676056338, "eps": 1.12, "epsdiluted": 1.12, "weightedAverageShsOut": 1457142857, "weightedAverageShsOutDil": 1457142857, "link": null, "finalLink": null, "calculatedOtherExpenses": 5019000000, "calculatedOperatingExpenses": 5019000000, "calculatedNetInterest": -536000000, "calculatedOtherIncome": 0, "calculatedIncomeNonControlling": 0, "calculatedEbitda": 1632000000}]}