{"originalCurrency": "USD", "convertedCurrency": "USD", "report": [{"date": "2023-04-28", "symbol": "MDT", "reportedCurrency": "USD", "cik": "0001613103", "fillingDate": "2023-06-22", "acceptedDate": "2023-06-22 16:32:12", "calendarYear": "2023", "period": "FY", "revenue": 31227000000, "costOfRevenue": 10719000000, "grossProfit": 20508000000, "grossProfitRatio": 0.6567393602, "researchAndDevelopmentExpenses": 2696000000, "generalAndAdministrativeExpenses": 0, "sellingAndMarketingExpenses": 0, "sellingGeneralAndAdministrativeExpenses": 10415000000, "otherExpenses": 1567000000, "operatingExpenses": 14678000000, "costAndExpenses": 25397000000, "interestIncome": 386000000, "interestExpense": 636000000, "depreciationAndAmortization": 3557000000, "ebitda": 9042000000, "ebitdaratio": 0.289557114, "operatingIncome": 5485000000, "operatingIncomeRatio": 0.1756492779, "totalOtherIncomeExpensesNet": -121000000, "incomeBeforeTax": 5364000000, "incomeBeforeTaxRatio": 0.171774426, "incomeTaxExpense": 1580000000, "netIncome": 3758000000, "netIncomeRatio": 0.1203445736, "eps": 2.83, "epsdiluted": 2.82, "weightedAverageShsOut": 1329800000, "weightedAverageShsOutDil": 1332800000, "link": "https://www.sec.gov/Archives/edgar/data/1613103/000161310323000040/0001613103-23-000040-index.htm", "finalLink": "https://www.sec.gov/Archives/edgar/data/1613103/000161310323000040/mdt-20230428.htm", "calculatedOtherExpenses": 1912000000, "calculatedOperatingExpenses": 15023000000, "calculatedNetInterest": -250000000, "calculatedOtherIncome": 129000000, "calculatedIncomeNonControlling": 26000000, "calculatedEbitda": 9042000000}, {"date": "2022-04-29", "symbol": "MDT", "reportedCurrency": "USD", "cik": "0001613103", "fillingDate": "2022-06-23", "acceptedDate": "2022-06-23 16:13:25", "calendarYear": "2022", "period": "FY", "revenue": 31686000000, "costOfRevenue": 10145000000, "grossProfit": 21541000000, "grossProfitRatio": 0.679827053, "researchAndDevelopmentExpenses": 2746000000, "generalAndAdministrativeExpenses": 0, "sellingAndMarketingExpenses": 0, "sellingGeneralAndAdministrativeExpenses": 10292000000, "otherExpenses": 2595000000, "operatingExpenses": 15633000000, "costAndExpenses": 25778000000, "interestIncome": 367000000, "interestExpense": 553000000, "depreciationAndAmortization": 3180000000, "ebitda": 8932000000, "ebitdaratio": 0.281891056, "operatingIncome": 5752000000, "operatingIncomeRatio": 0.1815312756, "totalOtherIncomeExpensesNet": -235000000, "incomeBeforeTax": 5517000000, "incomeBeforeTaxRatio": 0.174114751, "incomeTaxExpense": 456000000, "netIncome": 5039000000, "netIncomeRatio": 0.1590292243, "eps": 3.75, "epsdiluted": 3.73, "weightedAverageShsOut": 1342400000, "weightedAverageShsOutDil": 1351400000, "link": "https://www.sec.gov/Archives/edgar/data/1613103/000161310322000023/0001613103-22-000023-index.htm", "finalLink": "https://www.sec.gov/Archives/edgar/data/1613103/000161310322000023/mdt-20220429.htm", "calculatedOtherExpenses": 2751000000, "calculatedOperatingExpenses": 15789000000, "calculatedNetInterest": -186000000, "calculatedOtherIncome": -49000000, "calculatedIncomeNonControlling": 22000000, "calculatedEbitda": 8932000000}, {"date": "2021-04-30", "symbol": "MDT", "reportedCurrency": "USD", "cik": "0001613103", "fillingDate": "2021-06-25", "acceptedDate": "2021-06-25 16:51:46", "calendarYear": "2021", "period": "FY", "revenue": 30117000000, "costOfRevenue": 10483000000, "grossProfit": 19634000000, "grossProfitRatio": 0.6519241624, "researchAndDevelopmentExpenses": 2493000000, "generalAndAdministrativeExpenses": 0, "sellingAndMarketingExpenses": 0, "sellingGeneralAndAdministrativeExpenses": 10148000000, "otherExpenses": 2098000000, "operatingExpenses": 14739000000, "costAndExpenses": 25222000000, "interestIncome": 192000000, "interestExpense": 925000000, "depreciationAndAmortization": 3449000000, "ebitda": 7933000000, "ebitdaratio": 0.2634060497, "operatingIncome": 4484000000, "operatingIncomeRatio": 0.1488860112, "totalOtherIncomeExpensesNet": -589000000, "incomeBeforeTax": 3895000000, "incomeBeforeTaxRatio": 0.1293289504, "incomeTaxExpense": 265000000, "netIncome": 3606000000, "netIncomeRatio": 0.1197330411, "eps": 2.68, "epsdiluted": 2.66, "weightedAverageShsOut": 1344900000, "weightedAverageShsOutDil": 1354000000, "link": "https://www.sec.gov/Archives/edgar/data/1613103/000161310321000027/0001613103-21-000027-index.htm", "finalLink": "https://www.sec.gov/Archives/edgar/data/1613103/000161310321000027/mdt-20210430.htm", "calculatedOtherExpenses": 2509000000, "calculatedOperatingExpenses": 15150000000, "calculatedNetInterest": -733000000, "calculatedOtherIncome": 144000000, "calculatedIncomeNonControlling": 24000000, "calculatedEbitda": 7933000000}, {"date": "2020-04-24", "symbol": "MDT", "reportedCurrency": "USD", "cik": "0001613103", "fillingDate": "2020-06-19", "acceptedDate": "2020-06-19 16:28:08", "calendarYear": "2020", "period": "FY", "revenue": 28913000000, "costOfRevenue": 9424000000, "grossProfit": 19489000000, "grossProfitRatio": 0.6740566527, "researchAndDevelopmentExpenses": 2331000000, "generalAndAdministrativeExpenses": 0, "sellingAndMarketingExpenses": 0, "sellingGeneralAndAdministrativeExpenses": 10109000000, "otherExpenses": 1827000000, "operatingExpenses": 14267000000, "costAndExpenses": 23691000000, "interestIncome": 300000000, "interestExpense": 1092000000, "depreciationAndAmortization": 3450000000, "ebitda": 8241000000, "ebitdaratio": 0.2850274963, "operatingIncome": 4791000000, "operatingIncomeRatio": 0.1657040086, "totalOtherIncomeExpensesNet": -736000000, "incomeBeforeTax": 4055000000, "incomeBeforeTaxRatio": 0.1402483312, "incomeTaxExpense": -751000000, "netIncome": 4789000000, "netIncomeRatio": 0.1656348355, "eps": 3.57, "epsdiluted": 3.54, "weightedAverageShsOut": 1340700000, "weightedAverageShsOutDil": 1351100000, "link": "https://www.sec.gov/Archives/edgar/data/1613103/000161310320000021/0001613103-20-000021-index.htm", "finalLink": "https://www.sec.gov/Archives/edgar/data/1613103/000161310320000021/mdt-20200424.htm", "calculatedOtherExpenses": 2258000000, "calculatedOperatingExpenses": 14698000000, "calculatedNetInterest": -792000000, "calculatedOtherIncome": 56000000, "calculatedIncomeNonControlling": 17000000, "calculatedEbitda": 8241000000}, {"date": "2019-04-26", "symbol": "MDT", "reportedCurrency": "USD", "cik": "0001613103", "fillingDate": "2019-06-21", "acceptedDate": "2019-06-21 06:53:12", "calendarYear": "2019", "period": "FY", "revenue": 30557000000, "costOfRevenue": 9155000000, "grossProfit": 21402000000, "grossProfitRatio": 0.7003959813, "researchAndDevelopmentExpenses": 2330000000, "generalAndAdministrativeExpenses": 0, "sellingAndMarketingExpenses": 0, "sellingGeneralAndAdministrativeExpenses": 10418000000, "otherExpenses": 373000000, "operatingExpenses": 14770000000, "costAndExpenses": 23925000000, "interestIncome": 1444000000, "interestExpense": 1444000000, "depreciationAndAmortization": 2659000000, "ebitda": 9664000000, "ebitdaratio": 0.3162614131, "operatingIncome": 6268000000, "operatingIncomeRatio": 0.2051248486, "totalOtherIncomeExpensesNet": 9000000, "incomeBeforeTax": 5197000000, "incomeBeforeTaxRatio": 0.1700755964, "incomeTaxExpense": 547000000, "netIncome": 4631000000, "netIncomeRatio": 0.1515528357, "eps": 3.44, "epsdiluted": 3.41, "weightedAverageShsOut": 1346400000, "weightedAverageShsOutDil": 1357500000, "link": "https://www.sec.gov/Archives/edgar/data/1613103/000161310319000028/0001613103-19-000028-index.htm", "finalLink": "https://www.sec.gov/Archives/edgar/data/1613103/000161310319000028/mdt-2019426x10k.htm", "calculatedOtherExpenses": 2386000000, "calculatedOperatingExpenses": 15134000000, "calculatedNetInterest": 0, "calculatedOtherIncome": -1071000000, "calculatedIncomeNonControlling": 19000000, "calculatedEbitda": 8927000000}, {"date": "2018-04-27", "symbol": "MDT", "reportedCurrency": "USD", "cik": "0001613103", "fillingDate": "2018-06-22", "acceptedDate": "2018-06-22 07:04:30", "calendarYear": "2018", "period": "FY", "revenue": 29953000000, "costOfRevenue": 9055000000, "grossProfit": 20898000000, "grossProfitRatio": 0.6976930524, "researchAndDevelopmentExpenses": 2253000000, "generalAndAdministrativeExpenses": 0, "sellingAndMarketingExpenses": 0, "sellingGeneralAndAdministrativeExpenses": 9974000000, "otherExpenses": 2328000000, "operatingExpenses": 14555000000, "costAndExpenses": 23610000000, "interestIncome": 397000000, "interestExpense": 1146000000, "depreciationAndAmortization": 2644000000, "ebitda": 9384000000, "ebitdaratio": 0.3132908223, "operatingIncome": 6651000000, "operatingIncomeRatio": 0.222047875, "totalOtherIncomeExpensesNet": 81000000, "incomeBeforeTax": 5675000000, "incomeBeforeTaxRatio": 0.1894634928, "incomeTaxExpense": 2580000000, "netIncome": 3104000000, "netIncomeRatio": 0.1036290188, "eps": 2.29, "epsdiluted": 2.27, "weightedAverageShsOut": 1356700000, "weightedAverageShsOutDil": 1368200000, "link": "https://www.sec.gov/Archives/edgar/data/1613103/000161310318000024/0001613103-18-000024-index.htm", "finalLink": "https://www.sec.gov/Archives/edgar/data/1613103/000161310318000024/mdt-2018427x10k.htm", "calculatedOtherExpenses": 2020000000, "calculatedOperatingExpenses": 14247000000, "calculatedNetInterest": -749000000, "calculatedOtherIncome": -227000000, "calculatedIncomeNonControlling": -9000000, "calculatedEbitda": 9295000000}, {"date": "2017-04-28", "symbol": "MDT", "reportedCurrency": "USD", "cik": "0001613103", "fillingDate": "2017-06-27", "acceptedDate": "2017-06-27 16:19:46", "calendarYear": "2017", "period": "FY", "revenue": 29710000000, "costOfRevenue": 9291000000, "grossProfit": 20419000000, "grossProfitRatio": 0.6872770111, "researchAndDevelopmentExpenses": 2193000000, "generalAndAdministrativeExpenses": 0, "sellingAndMarketingExpenses": 0, "sellingGeneralAndAdministrativeExpenses": 9711000000, "otherExpenses": 2202000000, "operatingExpenses": 14106000000, "costAndExpenses": 23397000000, "interestIncome": 366000000, "interestExpense": 1094000000, "depreciationAndAmortization": 2917000000, "ebitda": 9596000000, "ebitdaratio": 0.3229888926, "operatingIncome": 5330000000, "operatingIncomeRatio": 0.1794008751, "totalOtherIncomeExpensesNet": -983000000, "incomeBeforeTax": 4602000000, "incomeBeforeTaxRatio": 0.154897341, "incomeTaxExpense": 578000000, "netIncome": 4028000000, "netIncomeRatio": 0.1355772467, "eps": 2.92, "epsdiluted": 2.89, "weightedAverageShsOut": 1378900000, "weightedAverageShsOutDil": 1391400000, "link": "https://www.sec.gov/Archives/edgar/data/1613103/000161310317000018/0001613103-17-000018-index.htm", "finalLink": "https://www.sec.gov/Archives/edgar/data/1613103/000161310317000018/mdt-2017428x10k.htm", "calculatedOtherExpenses": 3185000000, "calculatedOperatingExpenses": 15089000000, "calculatedNetInterest": -728000000, "calculatedOtherIncome": 0, "calculatedIncomeNonControlling": -4000000, "calculatedEbitda": 8247000000}, {"date": "2016-04-29", "symbol": "MDT", "reportedCurrency": "USD", "cik": "0001613103", "fillingDate": "2016-06-28", "acceptedDate": "2016-06-28 06:46:34", "calendarYear": "2016", "period": "FY", "revenue": 28833000000, "costOfRevenue": 9142000000, "grossProfit": 19691000000, "grossProfitRatio": 0.6829327507, "researchAndDevelopmentExpenses": 2224000000, "generalAndAdministrativeExpenses": 0, "sellingAndMarketingExpenses": 0, "sellingGeneralAndAdministrativeExpenses": 9469000000, "otherExpenses": 2038000000, "operatingExpenses": 13731000000, "costAndExpenses": 22873000000, "interestIncome": 431000000, "interestExpense": 1386000000, "depreciationAndAmortization": 2820000000, "ebitda": 9211000000, "ebitdaratio": 0.3194603406, "operatingIncome": 5291000000, "operatingIncomeRatio": 0.1835050116, "totalOtherIncomeExpensesNet": -669000000, "incomeBeforeTax": 4336000000, "incomeBeforeTaxRatio": 0.1503832414, "incomeTaxExpense": 798000000, "netIncome": 3538000000, "netIncomeRatio": 0.1227066209, "eps": 2.51, "epsdiluted": 2.48, "weightedAverageShsOut": 1409600000, "weightedAverageShsOutDil": 1425900000, "link": "https://www.sec.gov/Archives/edgar/data/1613103/000161310316000093/0001613103-16-000093-index.htm", "finalLink": "https://www.sec.gov/Archives/edgar/data/1613103/000161310316000093/mdt-2016429x10k.htm", "calculatedOtherExpenses": 2707000000, "calculatedOperatingExpenses": 14400000000, "calculatedNetInterest": -955000000, "calculatedOtherIncome": 0, "calculatedIncomeNonControlling": 0, "calculatedEbitda": 8111000000}, {"date": "2015-04-24", "symbol": "MDT", "reportedCurrency": "USD", "cik": "0001613103", "fillingDate": "2015-06-23", "acceptedDate": "2015-06-23 16:23:19", "calendarYear": "2015", "period": "FY", "revenue": 20261000000, "costOfRevenue": 6309000000, "grossProfit": 13952000000, "grossProfitRatio": 0.6886135926, "researchAndDevelopmentExpenses": 1640000000, "generalAndAdministrativeExpenses": 0, "sellingAndMarketingExpenses": 0, "sellingGeneralAndAdministrativeExpenses": 6904000000, "otherExpenses": 851000000, "operatingExpenses": 9395000000, "costAndExpenses": 15704000000, "interestIncome": 386000000, "interestExpense": 666000000, "depreciationAndAmortization": 1306000000, "ebitda": 6249000000, "ebitdaratio": 0.3084250531, "operatingIncome": 3766000000, "operatingIncomeRatio": 0.1858743399, "totalOtherIncomeExpensesNet": -791000000, "incomeBeforeTax": 3486000000, "incomeBeforeTaxRatio": 0.1720546863, "incomeTaxExpense": 811000000, "netIncome": 2675000000, "netIncomeRatio": 0.132027047, "eps": 2.44, "epsdiluted": 2.41, "weightedAverageShsOut": 1095500000, "weightedAverageShsOutDil": 1109000000, "link": "https://www.sec.gov/Archives/edgar/data/1613103/000161310315000028/0001613103-15-000028-index.htm", "finalLink": "https://www.sec.gov/Archives/edgar/data/1613103/000161310315000028/mdt-2015424x10k.htm", "calculatedOtherExpenses": 1642000000, "calculatedOperatingExpenses": 10186000000, "calculatedNetInterest": -280000000, "calculatedOtherIncome": 0, "calculatedIncomeNonControlling": 0, "calculatedEbitda": 5072000000}, {"date": "2014-04-30", "symbol": "MDT", "reportedCurrency": "USD", "cik": "0001613103", "fillingDate": "2014-04-30", "acceptedDate": "2014-04-30 00:00:00", "calendarYear": "2014", "period": "FY", "revenue": 17005000000, "costOfRevenue": 4333000000, "grossProfit": 12672000000, "grossProfitRatio": 0.7451925904, "researchAndDevelopmentExpenses": 1477000000, "generalAndAdministrativeExpenses": 0, "sellingAndMarketingExpenses": 0, "sellingGeneralAndAdministrativeExpenses": 5847000000, "otherExpenses": 530000000, "operatingExpenses": 7854000000, "costAndExpenses": 12187000000, "interestIncome": 271000000, "interestExpense": 379000000, "depreciationAndAmortization": 850000000, "ebitda": 6673000000, "ebitdaratio": 0.3924139959, "operatingIncome": 4084000000, "operatingIncomeRatio": 0.2401646575, "totalOtherIncomeExpensesNet": -1005000000, "incomeBeforeTax": 3705000000, "incomeBeforeTaxRatio": 0.217877095, "incomeTaxExpense": 640000000, "netIncome": 3065000000, "netIncomeRatio": 0.1802411056, "eps": 3.06, "epsdiluted": 3.02, "weightedAverageShsOut": 1002100000, "weightedAverageShsOutDil": 1013600000, "link": null, "finalLink": null, "calculatedOtherExpenses": 1264000000, "calculatedOperatingExpenses": 8588000000, "calculatedNetInterest": -108000000, "calculatedOtherIncome": -271000000, "calculatedIncomeNonControlling": 0, "calculatedEbitda": 4934000000}, {"date": "2013-04-30", "symbol": "MDT", "reportedCurrency": "USD", "cik": "0001613103", "fillingDate": "2013-04-30", "acceptedDate": "2013-04-30 00:00:00", "calendarYear": "2013", "period": "FY", "revenue": 16590000000, "costOfRevenue": 4126000000, "grossProfit": 12464000000, "grossProfitRatio": 0.7512959614, "researchAndDevelopmentExpenses": 1557000000, "generalAndAdministrativeExpenses": 0, "sellingAndMarketingExpenses": 0, "sellingGeneralAndAdministrativeExpenses": 5698000000, "otherExpenses": 439000000, "operatingExpenses": 7694000000, "costAndExpenses": 11820000000, "interestIncome": 237000000, "interestExpense": 388000000, "depreciationAndAmortization": 819000000, "ebitda": 5957000000, "ebitdaratio": 0.35907173, "operatingIncome": 4639000000, "operatingIncomeRatio": 0.2796262809, "totalOtherIncomeExpensesNet": -368000000, "incomeBeforeTax": 4251000000, "incomeBeforeTaxRatio": 0.256238698, "incomeTaxExpense": 784000000, "netIncome": 3467000000, "netIncomeRatio": 0.208981314, "eps": 3.4, "epsdiluted": 3.37, "weightedAverageShsOut": 1019300000, "weightedAverageShsOutDil": 1027500000, "link": null, "finalLink": null, "calculatedOtherExpenses": 570000000, "calculatedOperatingExpenses": 7825000000, "calculatedNetInterest": -151000000, "calculatedOtherIncome": -237000000, "calculatedIncomeNonControlling": 0, "calculatedEbitda": 5458000000}, {"date": "2012-04-30", "symbol": "MDT", "reportedCurrency": "USD", "cik": "0001613103", "fillingDate": "2012-04-30", "acceptedDate": "2012-04-30 00:00:00", "calendarYear": "2012", "period": "FY", "revenue": 16184000000, "costOfRevenue": 3889000000, "grossProfit": 12295000000, "grossProfitRatio": 0.7597009392, "researchAndDevelopmentExpenses": 1490000000, "generalAndAdministrativeExpenses": 0, "sellingAndMarketingExpenses": 0, "sellingGeneralAndAdministrativeExpenses": 6074000000, "otherExpenses": 335000000, "operatingExpenses": 7899000000, "costAndExpenses": 11788000000, "interestIncome": 200000000, "interestExpense": 149000000, "depreciationAndAmortization": 862000000, "ebitda": 5258000000, "ebitdaratio": 0.324888779, "operatingIncome": 4696000000, "operatingIncomeRatio": 0.2901631241, "totalOtherIncomeExpensesNet": -102000000, "incomeBeforeTax": 4145000000, "incomeBeforeTaxRatio": 0.2561171527, "incomeTaxExpense": 730000000, "netIncome": 3617000000, "netIncomeRatio": 0.2234923381, "eps": 3.43, "epsdiluted": 3.41, "weightedAverageShsOut": 1053900000, "weightedAverageShsOutDil": 1059900000, "link": null, "finalLink": null, "calculatedOtherExpenses": 35000000, "calculatedOperatingExpenses": 7599000000, "calculatedNetInterest": 51000000, "calculatedOtherIncome": -602000000, "calculatedIncomeNonControlling": -202000000, "calculatedEbitda": 5558000000}, {"date": "2011-04-30", "symbol": "MDT", "reportedCurrency": "USD", "cik": "0001613103", "fillingDate": "2011-04-30", "acceptedDate": "2011-04-30 00:00:00", "calendarYear": "2011", "period": "FY", "revenue": 15933000000, "costOfRevenue": 3912000000, "grossProfit": 12021000000, "grossProfitRatio": 0.7544718509, "researchAndDevelopmentExpenses": 1508000000, "generalAndAdministrativeExpenses": 0, "sellingAndMarketingExpenses": 0, "sellingGeneralAndAdministrativeExpenses": 5533000000, "otherExpenses": 459000000, "operatingExpenses": 7041000000, "costAndExpenses": 10953000000, "interestIncome": 172000000, "interestExpense": 450000000, "depreciationAndAmortization": 804000000, "ebitda": 6763000000, "ebitdaratio": 0.424464947, "operatingIncome": 4173000000, "operatingIncomeRatio": 0.261909245, "totalOtherIncomeExpensesNet": -979000000, "incomeBeforeTax": 3723000000, "incomeBeforeTaxRatio": 0.2336659763, "incomeTaxExpense": 627000000, "netIncome": 3096000000, "netIncomeRatio": 0.1943136886, "eps": 2.87, "epsdiluted": 2.86, "weightedAverageShsOut": 1077400000, "weightedAverageShsOutDil": 1081700000, "link": null, "finalLink": null, "calculatedOtherExpenses": 807000000, "calculatedOperatingExpenses": 7848000000, "calculatedNetInterest": -278000000, "calculatedOtherIncome": -172000000, "calculatedIncomeNonControlling": 0, "calculatedEbitda": 4977000000}, {"date": "2010-04-30", "symbol": "MDT", "reportedCurrency": "USD", "cik": "0001613103", "fillingDate": "2010-04-30", "acceptedDate": "2010-04-30 00:00:00", "calendarYear": "2010", "period": "FY", "revenue": 15817000000, "costOfRevenue": 3812000000, "grossProfit": 12005000000, "grossProfitRatio": 0.758993488, "researchAndDevelopmentExpenses": 1483000000, "generalAndAdministrativeExpenses": 0, "sellingAndMarketingExpenses": 0, "sellingGeneralAndAdministrativeExpenses": 5789000000, "otherExpenses": 468000000, "operatingExpenses": 7740000000, "costAndExpenses": 11552000000, "interestIncome": 156000000, "interestExpense": 246000000, "depreciationAndAmortization": 772000000, "ebitda": 5037000000, "ebitdaratio": 0.3184548271, "operatingIncome": 4371000000, "operatingIncomeRatio": 0.2763482329, "totalOtherIncomeExpensesNet": -50000000, "incomeBeforeTax": 3969000000, "incomeBeforeTaxRatio": 0.2509325409, "incomeTaxExpense": 870000000, "netIncome": 3099000000, "netIncomeRatio": 0.1959284314, "eps": 2.8, "epsdiluted": 2.79, "weightedAverageShsOut": 1106300000, "weightedAverageShsOutDil": 1109400000, "link": null, "finalLink": null, "calculatedOtherExpenses": 362000000, "calculatedOperatingExpenses": 7634000000, "calculatedNetInterest": -90000000, "calculatedOtherIncome": -312000000, "calculatedIncomeNonControlling": 0, "calculatedEbitda": 5143000000}, {"date": "2009-04-30", "symbol": "MDT", "reportedCurrency": "USD", "cik": "0001613103", "fillingDate": "2009-04-30", "acceptedDate": "2009-04-30 00:00:00", "calendarYear": "2009", "period": "FY", "revenue": 14599000000, "costOfRevenue": 3518000000, "grossProfit": 11081000000, "grossProfitRatio": 0.7590245907, "researchAndDevelopmentExpenses": 1355000000, "generalAndAdministrativeExpenses": 0, "sellingAndMarketingExpenses": 0, "sellingGeneralAndAdministrativeExpenses": 5152000000, "otherExpenses": 396000000, "operatingExpenses": 6903000000, "costAndExpenses": 10421000000, "interestIncome": 188000000, "interestExpense": 217000000, "depreciationAndAmortization": 699000000, "ebitda": 5065000000, "ebitdaratio": 0.3469415713, "operatingIncome": 2811000000, "operatingIncomeRatio": 0.1925474348, "totalOtherIncomeExpensesNet": -1555000000, "incomeBeforeTax": 2594000000, "incomeBeforeTaxRatio": 0.177683403, "incomeTaxExpense": 425000000, "netIncome": 2169000000, "netIncomeRatio": 0.14857182, "eps": 1.85, "epsdiluted": 1.84, "weightedAverageShsOut": 1121900000, "weightedAverageShsOutDil": 1126300000, "link": null, "finalLink": null, "calculatedOtherExpenses": 1763000000, "calculatedOperatingExpenses": 8270000000, "calculatedNetInterest": -29000000, "calculatedOtherIncome": -188000000, "calculatedIncomeNonControlling": 0, "calculatedEbitda": 3510000000}, {"date": "2008-04-30", "symbol": "MDT", "reportedCurrency": "USD", "cik": "0001613103", "fillingDate": "2008-04-30", "acceptedDate": "2008-04-30 00:00:00", "calendarYear": "2008", "period": "FY", "revenue": 13515000000, "costOfRevenue": 3446000000, "grossProfit": 10069000000, "grossProfitRatio": 0.7450240474, "researchAndDevelopmentExpenses": 1275000000, "generalAndAdministrativeExpenses": 0, "sellingAndMarketingExpenses": 0, "sellingGeneralAndAdministrativeExpenses": 4707000000, "otherExpenses": 0, "operatingExpenses": 5982000000, "costAndExpenses": 9428000000, "interestIncome": 0, "interestExpense": 0, "depreciationAndAmortization": 637000000, "ebitda": 6035000000, "ebitdaratio": 0.4465408805, "operatingIncome": 2885000000, "operatingIncomeRatio": 0.2134665187, "totalOtherIncomeExpensesNet": -1311000000, "incomeBeforeTax": 2885000000, "incomeBeforeTaxRatio": 0.2134665187, "incomeTaxExpense": 654000000, "netIncome": 2231000000, "netIncomeRatio": 0.1650758417, "eps": 1.97, "epsdiluted": 1.95, "weightedAverageShsOut": 1130700000, "weightedAverageShsOutDil": 1142100000, "link": null, "finalLink": null, "calculatedOtherExpenses": 1202000000, "calculatedOperatingExpenses": 7184000000, "calculatedNetInterest": 0, "calculatedOtherIncome": 0, "calculatedIncomeNonControlling": 0, "calculatedEbitda": 3522000000}, {"date": "2007-04-30", "symbol": "MDT", "reportedCurrency": "USD", "cik": "0001613103", "fillingDate": "2007-04-30", "acceptedDate": "2007-04-30 00:00:00", "calendarYear": "2007", "period": "FY", "revenue": 12299000000, "costOfRevenue": 3168000000, "grossProfit": 9131000000, "grossProfitRatio": 0.7424180828, "researchAndDevelopmentExpenses": 1239000000, "generalAndAdministrativeExpenses": 0, "sellingAndMarketingExpenses": 0, "sellingGeneralAndAdministrativeExpenses": 4153000000, "otherExpenses": 0, "operatingExpenses": 5392000000, "costAndExpenses": 8560000000, "interestIncome": 0, "interestExpense": 0, "depreciationAndAmortization": 583000000, "ebitda": 4700000000, "ebitdaratio": 0.3821448898, "operatingIncome": 3515000000, "operatingIncomeRatio": 0.2857955931, "totalOtherIncomeExpensesNet": -378000000, "incomeBeforeTax": 3515000000, "incomeBeforeTaxRatio": 0.2857955931, "incomeTaxExpense": 713000000, "netIncome": 2802000000, "netIncomeRatio": 0.2278234003, "eps": 2.44, "epsdiluted": 2.41, "weightedAverageShsOut": 1149700000, "weightedAverageShsOutDil": 1161800000, "link": null, "finalLink": null, "calculatedOtherExpenses": 224000000, "calculatedOperatingExpenses": 5616000000, "calculatedNetInterest": 0, "calculatedOtherIncome": 0, "calculatedIncomeNonControlling": 0, "calculatedEbitda": 4098000000}, {"date": "2006-04-30", "symbol": "MDT", "reportedCurrency": "USD", "cik": "0001613103", "fillingDate": "2006-04-30", "acceptedDate": "2006-04-30 00:00:00", "calendarYear": "2006", "period": "FY", "revenue": 11292000000, "costOfRevenue": 2815300000, "grossProfit": 8476700000, "grossProfitRatio": 0.7506818987, "researchAndDevelopmentExpenses": 1112900000, "generalAndAdministrativeExpenses": 0, "sellingAndMarketingExpenses": 0, "sellingGeneralAndAdministrativeExpenses": 3659400000, "otherExpenses": 0, "operatingExpenses": 4772300000, "costAndExpenses": 7587600000, "interestIncome": 0, "interestExpense": 0, "depreciationAndAmortization": 543600000, "ebitda": 4878500000, "ebitdaratio": 0.4320315267, "operatingIncome": 3161300000, "operatingIncomeRatio": 0.2799592632, "totalOtherIncomeExpensesNet": -630500000, "incomeBeforeTax": 3161300000, "incomeBeforeTaxRatio": 0.2799592632, "incomeTaxExpense": 614600000, "netIncome": 2546700000, "netIncomeRatio": 0.2255313496, "eps": 2.11, "epsdiluted": 2.09, "weightedAverageShsOut": 1204500000, "weightedAverageShsOutDil": 1217300000, "link": null, "finalLink": null, "calculatedOtherExpenses": 543100000, "calculatedOperatingExpenses": 5315400000, "calculatedNetInterest": 0, "calculatedOtherIncome": 0, "calculatedIncomeNonControlling": 0, "calculatedEbitda": 3704900000}, {"date": "2005-04-30", "symbol": "MDT", "reportedCurrency": "USD", "cik": "0001613103", "fillingDate": "2005-04-30", "acceptedDate": "2005-04-30 00:00:00", "calendarYear": "2005", "period": "FY", "revenue": 10054600000, "costOfRevenue": 2446400000, "grossProfit": 7608200000, "grossProfitRatio": 0.7566884809, "researchAndDevelopmentExpenses": 951300000, "generalAndAdministrativeExpenses": 0, "sellingAndMarketingExpenses": 0, "sellingGeneralAndAdministrativeExpenses": 3213600000, "otherExpenses": 0, "operatingExpenses": 4164900000, "costAndExpenses": 6611300000, "interestIncome": 0, "interestExpense": 0, "depreciationAndAmortization": 463300000, "ebitda": 4851500000, "ebitdaratio": 0.4825154656, "operatingIncome": 2543500000, "operatingIncomeRatio": 0.2529687904, "totalOtherIncomeExpensesNet": -944900000, "incomeBeforeTax": 2543500000, "incomeBeforeTaxRatio": 0.2529687904, "incomeTaxExpense": 739600000, "netIncome": 1803900000, "netIncomeRatio": 0.1794104191, "eps": 1.49, "epsdiluted": 1.48, "weightedAverageShsOut": 1210738255, "weightedAverageShsOutDil": 1218918919, "link": null, "finalLink": null, "calculatedOtherExpenses": 899800000, "calculatedOperatingExpenses": 5064700000, "calculatedNetInterest": 0, "calculatedOtherIncome": 0, "calculatedIncomeNonControlling": 0, "calculatedEbitda": 3006800000}, {"date": "2004-04-30", "symbol": "MDT", "reportedCurrency": "USD", "cik": "0001613103", "fillingDate": "2004-04-30", "acceptedDate": "2004-04-30 00:00:00", "calendarYear": "2004", "period": "FY", "revenue": 9087200000, "costOfRevenue": 2252900000, "grossProfit": 6834300000, "grossProfitRatio": 0.7520798486, "researchAndDevelopmentExpenses": 851500000, "generalAndAdministrativeExpenses": 0, "sellingAndMarketingExpenses": 0, "sellingGeneralAndAdministrativeExpenses": 2801400000, "otherExpenses": 0, "operatingExpenses": 3652900000, "costAndExpenses": 5905800000, "interestIncome": 0, "interestExpense": 0, "depreciationAndAmortization": 442600000, "ebitda": 4011300000, "ebitdaratio": 0.4414231006, "operatingIncome": 2796900000, "operatingIncomeRatio": 0.3077845761, "totalOtherIncomeExpensesNet": -387300000, "incomeBeforeTax": 2796900000, "incomeBeforeTaxRatio": 0.3077845761, "incomeTaxExpense": 837600000, "netIncome": 1959300000, "netIncomeRatio": 0.2156109693, "eps": 1.61, "epsdiluted": 1.6, "weightedAverageShsOut": 1213700000, "weightedAverageShsOutDil": 1225200000, "link": null, "finalLink": null, "calculatedOtherExpenses": 384500000, "calculatedOperatingExpenses": 4037400000, "calculatedNetInterest": 0, "calculatedOtherIncome": 0, "calculatedIncomeNonControlling": 0, "calculatedEbitda": 3239500000}, {"date": "2003-04-30", "symbol": "MDT", "reportedCurrency": "USD", "cik": "0001613103", "fillingDate": "2003-04-30", "acceptedDate": "2003-04-30 00:00:00", "calendarYear": "2003", "period": "FY", "revenue": 7665200000, "costOfRevenue": 1890300000, "grossProfit": 5774900000, "grossProfitRatio": 0.7533919532, "researchAndDevelopmentExpenses": 749400000, "generalAndAdministrativeExpenses": 0, "sellingAndMarketingExpenses": 0, "sellingGeneralAndAdministrativeExpenses": 2371900000, "otherExpenses": 0, "operatingExpenses": 3121300000, "costAndExpenses": 5011600000, "interestIncome": 0, "interestExpense": 0, "depreciationAndAmortization": 408100000, "ebitda": 3366800000, "ebitdaratio": 0.4392318531, "operatingIncome": 2341300000, "operatingIncomeRatio": 0.3054453896, "totalOtherIncomeExpensesNet": -305100000, "incomeBeforeTax": 2341300000, "incomeBeforeTaxRatio": 0.3054453896, "incomeTaxExpense": 741500000, "netIncome": 1599800000, "netIncomeRatio": 0.2087094923, "eps": 1.31, "epsdiluted": 1.3, "weightedAverageShsOut": 1217500000, "weightedAverageShsOutDil": 1227900000, "link": null, "finalLink": null, "calculatedOtherExpenses": 312300000, "calculatedOperatingExpenses": 3433600000, "calculatedNetInterest": 0, "calculatedOtherIncome": 0, "calculatedIncomeNonControlling": 0, "calculatedEbitda": 2749400000}, {"date": "2002-04-30", "symbol": "MDT", "reportedCurrency": "USD", "cik": "0001613103", "fillingDate": "2002-04-30", "acceptedDate": "2002-04-30 00:00:00", "calendarYear": "2002", "period": "FY", "revenue": 6410800000, "costOfRevenue": 1652700000, "grossProfit": 4758100000, "grossProfitRatio": 0.7422006614, "researchAndDevelopmentExpenses": 646300000, "generalAndAdministrativeExpenses": 0, "sellingAndMarketingExpenses": 0, "sellingGeneralAndAdministrativeExpenses": 1962800000, "otherExpenses": 0, "operatingExpenses": 2609100000, "costAndExpenses": 4261800000, "interestIncome": 0, "interestExpense": 0, "depreciationAndAmortization": 329800000, "ebitda": 3097000000, "ebitdaratio": 0.4830910339, "operatingIncome": 1524200000, "operatingIncomeRatio": 0.2377550384, "totalOtherIncomeExpensesNet": -618200000, "incomeBeforeTax": 1524200000, "incomeBeforeTaxRatio": 0.2377550384, "incomeTaxExpense": 540200000, "netIncome": 984000000, "netIncomeRatio": 0.153490984, "eps": 0.81, "epsdiluted": 0.8, "weightedAverageShsOut": 1211600000, "weightedAverageShsOutDil": 1224400000, "link": null, "finalLink": null, "calculatedOtherExpenses": 624800000, "calculatedOperatingExpenses": 3233900000, "calculatedNetInterest": 0, "calculatedOtherIncome": 0, "calculatedIncomeNonControlling": 0, "calculatedEbitda": 1854000000}, {"date": "2001-04-30", "symbol": "MDT", "reportedCurrency": "USD", "cik": "0001613103", "fillingDate": "2001-04-30", "acceptedDate": "2001-04-30 00:00:00", "calendarYear": "2001", "period": "FY", "revenue": 5551800000, "costOfRevenue": 1113300000, "grossProfit": 4438500000, "grossProfitRatio": 0.799470442, "researchAndDevelopmentExpenses": 577600000, "generalAndAdministrativeExpenses": 0, "sellingAndMarketingExpenses": 0, "sellingGeneralAndAdministrativeExpenses": 1685200000, "otherExpenses": 297300000, "operatingExpenses": 2560100000, "costAndExpenses": 3673400000, "interestIncome": 0, "interestExpense": 0, "depreciationAndAmortization": 297300000, "ebitda": 2578900000, "ebitdaratio": 0.4645160128, "operatingIncome": 1549400000, "operatingIncomeRatio": 0.2790806585, "totalOtherIncomeExpensesNet": -403200000, "incomeBeforeTax": 1549400000, "incomeBeforeTaxRatio": 0.2790806585, "incomeTaxExpense": 503400000, "netIncome": 1046000000, "netIncomeRatio": 0.1884073634, "eps": 0.87, "epsdiluted": 0.85, "weightedAverageShsOut": 1203000000, "weightedAverageShsOutDil": 1226000000, "link": null, "finalLink": null, "calculatedOtherExpenses": 626300000, "calculatedOperatingExpenses": 2889100000, "calculatedNetInterest": 0, "calculatedOtherIncome": 0, "calculatedIncomeNonControlling": 0, "calculatedEbitda": 1846700000}, {"date": "2000-04-30", "symbol": "MDT", "reportedCurrency": "USD", "cik": "0001613103", "fillingDate": "2000-04-30", "acceptedDate": "2000-04-30 00:00:00", "calendarYear": "2000", "period": "FY", "revenue": 5014600000, "costOfRevenue": 1076300000, "grossProfit": 3938300000, "grossProfitRatio": 0.7853667292, "researchAndDevelopmentExpenses": 479700000, "generalAndAdministrativeExpenses": 0, "sellingAndMarketingExpenses": 0, "sellingGeneralAndAdministrativeExpenses": 1587900000, "otherExpenses": 243300000, "operatingExpenses": 2310900000, "costAndExpenses": 3387200000, "interestIncome": 0, "interestExpense": 0, "depreciationAndAmortization": 243300000, "ebitda": 1884500000, "ebitdaratio": 0.3758026562, "operatingIncome": 1629000000, "operatingIncomeRatio": 0.3248514338, "totalOtherIncomeExpensesNet": -13800000, "incomeBeforeTax": 1629000000, "incomeBeforeTaxRatio": 0.3248514338, "incomeTaxExpense": 530500000, "netIncome": 1098500000, "netIncomeRatio": 0.2190603438, "eps": 0.91, "epsdiluted": 0.89, "weightedAverageShsOut": 1194700000, "weightedAverageShsOutDil": 1223400000, "link": null, "finalLink": null, "calculatedOtherExpenses": 241700000, "calculatedOperatingExpenses": 2309300000, "calculatedNetInterest": 0, "calculatedOtherIncome": 0, "calculatedIncomeNonControlling": 0, "calculatedEbitda": 1872300000}, {"date": "1999-04-30", "symbol": "MDT", "reportedCurrency": "USD", "cik": "0001613103", "fillingDate": "1999-04-30", "acceptedDate": "1999-04-30 00:00:00", "calendarYear": "1999", "period": "FY", "revenue": 4134100000, "costOfRevenue": 889700000, "grossProfit": 3244400000, "grossProfitRatio": 0.784789918, "researchAndDevelopmentExpenses": 429200000, "generalAndAdministrativeExpenses": 0, "sellingAndMarketingExpenses": 0, "sellingGeneralAndAdministrativeExpenses": 1280100000, "otherExpenses": 213100000, "operatingExpenses": 1922400000, "costAndExpenses": 2812100000, "interestIncome": 0, "interestExpense": 0, "depreciationAndAmortization": 213100000, "ebitda": 2006300000, "ebitdaratio": 0.485305145, "operatingIncome": 822000000, "operatingIncomeRatio": 0.1988340872, "totalOtherIncomeExpensesNet": -471200000, "incomeBeforeTax": 822000000, "incomeBeforeTaxRatio": 0.1988340872, "incomeTaxExpense": 353600000, "netIncome": 468400000, "netIncomeRatio": 0.113301565, "eps": 0.4, "epsdiluted": 0.39, "weightedAverageShsOut": 1177100000, "weightedAverageShsOutDil": 1207600000, "link": null, "finalLink": null, "calculatedOtherExpenses": 713100000, "calculatedOperatingExpenses": 2422400000, "calculatedNetInterest": 0, "calculatedOtherIncome": 0, "calculatedIncomeNonControlling": 0, "calculatedEbitda": 1035100000}, {"date": "1998-04-30", "symbol": "MDT", "reportedCurrency": "USD", "cik": "0001613103", "fillingDate": "1998-04-30", "acceptedDate": "1998-04-30 00:00:00", "calendarYear": "1998", "period": "FY", "revenue": 2604800000, "costOfRevenue": 532800000, "grossProfit": 2072000000, "grossProfitRatio": 0.7954545455, "researchAndDevelopmentExpenses": 297200000, "generalAndAdministrativeExpenses": 0, "sellingAndMarketingExpenses": 0, "sellingGeneralAndAdministrativeExpenses": 757600000, "otherExpenses": 137600000, "operatingExpenses": 1192400000, "costAndExpenses": 1725200000, "interestIncome": 0, "interestExpense": 0, "depreciationAndAmortization": 137600000, "ebitda": 1186700000, "ebitdaratio": 0.4555820025, "operatingIncome": 702000000, "operatingIncomeRatio": 0.269502457, "totalOtherIncomeExpensesNet": -169500000, "incomeBeforeTax": 702000000, "incomeBeforeTaxRatio": 0.269502457, "incomeTaxExpense": 244600000, "netIncome": 457400000, "netIncomeRatio": 0.1755988943, "eps": 0.52, "epsdiluted": 0.51, "weightedAverageShsOut": 1150200000, "weightedAverageShsOutDil": 1177100000, "link": null, "finalLink": null, "calculatedOtherExpenses": 315200000, "calculatedOperatingExpenses": 1370000000, "calculatedNetInterest": 0, "calculatedOtherIncome": 0, "calculatedIncomeNonControlling": 0, "calculatedEbitda": 839600000}, {"date": "1997-04-30", "symbol": "MDT", "reportedCurrency": "USD", "cik": "0001613103", "fillingDate": "1997-04-30", "acceptedDate": "1997-04-30 00:00:00", "calendarYear": "1997", "period": "FY", "revenue": 2438200000, "costOfRevenue": 493300000, "grossProfit": 1944900000, "grossProfitRatio": 0.7976786154, "researchAndDevelopmentExpenses": 280200000, "generalAndAdministrativeExpenses": 0, "sellingAndMarketingExpenses": 0, "sellingGeneralAndAdministrativeExpenses": 763300000, "otherExpenses": 116900000, "operatingExpenses": 1160400000, "costAndExpenses": 1653700000, "interestIncome": 0, "interestExpense": 0, "depreciationAndAmortization": 116900000, "ebitda": 867400000, "ebitdaratio": 0.3557542449, "operatingIncome": 809200000, "operatingIncomeRatio": 0.3318841769, "totalOtherIncomeExpensesNet": 34000000, "incomeBeforeTax": 809200000, "incomeBeforeTaxRatio": 0.3318841769, "incomeTaxExpense": 279200000, "netIncome": 530000000, "netIncomeRatio": 0.2173734722, "eps": 0.51, "epsdiluted": 0.5, "weightedAverageShsOut": 1143529412, "weightedAverageShsOutDil": 1166400000, "link": null, "finalLink": null, "calculatedOtherExpenses": 92200000, "calculatedOperatingExpenses": 1135700000, "calculatedNetInterest": 0, "calculatedOtherIncome": 0, "calculatedIncomeNonControlling": 0, "calculatedEbitda": 926100000}, {"date": "1996-04-30", "symbol": "MDT", "reportedCurrency": "USD", "cik": "0001613103", "fillingDate": "1996-04-30", "acceptedDate": "1996-04-30 00:00:00", "calendarYear": "1996", "period": "FY", "revenue": 2169100000, "costOfRevenue": 477900000, "grossProfit": 1691200000, "grossProfitRatio": 0.7796782076, "researchAndDevelopmentExpenses": 236700000, "generalAndAdministrativeExpenses": 0, "sellingAndMarketingExpenses": 0, "sellingGeneralAndAdministrativeExpenses": 695600000, "otherExpenses": 111800000, "operatingExpenses": 1044100000, "costAndExpenses": 1522000000, "interestIncome": 0, "interestExpense": 0, "depreciationAndAmortization": 111800000, "ebitda": 729700000, "ebitdaratio": 0.3364068047, "operatingIncome": 668400000, "operatingIncomeRatio": 0.3081462358, "totalOtherIncomeExpensesNet": 29200000, "incomeBeforeTax": 668400000, "incomeBeforeTaxRatio": 0.3081462358, "incomeTaxExpense": 230600000, "netIncome": 437800000, "netIncomeRatio": 0.2018348624, "eps": 0.45, "epsdiluted": 0.45, "weightedAverageShsOut": 951777778, "weightedAverageShsOutDil": 951777778, "link": null, "finalLink": null, "calculatedOtherExpenses": 90500000, "calculatedOperatingExpenses": 1022800000, "calculatedNetInterest": 0, "calculatedOtherIncome": 0, "calculatedIncomeNonControlling": 0, "calculatedEbitda": 780200000}, {"date": "1995-04-30", "symbol": "MDT", "reportedCurrency": "USD", "cik": "0001613103", "fillingDate": "1995-04-30", "acceptedDate": "1995-04-30 00:00:00", "calendarYear": "1995", "period": "FY", "revenue": 1742400000, "costOfRevenue": 433600000, "grossProfit": 1308800000, "grossProfitRatio": 0.7511478421, "researchAndDevelopmentExpenses": 191400000, "generalAndAdministrativeExpenses": 0, "sellingAndMarketingExpenses": 0, "sellingGeneralAndAdministrativeExpenses": 574600000, "otherExpenses": 106500000, "operatingExpenses": 872500000, "costAndExpenses": 1306100000, "interestIncome": 0, "interestExpense": 0, "depreciationAndAmortization": 106500000, "ebitda": 528000000, "ebitdaratio": 0.303030303, "operatingIncome": 442100000, "operatingIncomeRatio": 0.2537304867, "totalOtherIncomeExpensesNet": 14800000, "incomeBeforeTax": 442100000, "incomeBeforeTaxRatio": 0.2537304867, "incomeTaxExpense": 148100000, "netIncome": 294000000, "netIncomeRatio": 0.1687327824, "eps": 0.32, "epsdiluted": 0.32, "weightedAverageShsOut": 921920000, "weightedAverageShsOutDil": 921920000, "link": null, "finalLink": null, "calculatedOtherExpenses": 100700000, "calculatedOperatingExpenses": 866700000, "calculatedNetInterest": 0, "calculatedOtherIncome": 0, "calculatedIncomeNonControlling": 0, "calculatedEbitda": 548600000}, {"date": "1994-04-30", "symbol": "MDT", "reportedCurrency": "USD", "cik": "0001613103", "fillingDate": "1994-04-30", "acceptedDate": "1994-04-30 00:00:00", "calendarYear": "1994", "period": "FY", "revenue": 1390900000, "costOfRevenue": 353100000, "grossProfit": 1037800000, "grossProfitRatio": 0.7461355957, "researchAndDevelopmentExpenses": 156300000, "generalAndAdministrativeExpenses": 0, "sellingAndMarketingExpenses": 0, "sellingGeneralAndAdministrativeExpenses": 470300000, "otherExpenses": 78600000, "operatingExpenses": 705200000, "costAndExpenses": 1058300000, "interestIncome": 0, "interestExpense": 0, "depreciationAndAmortization": 78600000, "ebitda": 388900000, "ebitdaratio": 0.2796031347, "operatingIncome": 346800000, "operatingIncomeRatio": 0.249334963, "totalOtherIncomeExpensesNet": 22300000, "incomeBeforeTax": 346800000, "incomeBeforeTaxRatio": 0.249334963, "incomeTaxExpense": 114400000, "netIncome": 232400000, "netIncomeRatio": 0.1670860594, "eps": 0.25, "epsdiluted": 0.25, "weightedAverageShsOut": 918464000, "weightedAverageShsOutDil": 920000000, "link": null, "finalLink": null, "calculatedOtherExpenses": 64400000, "calculatedOperatingExpenses": 691000000, "calculatedNetInterest": 0, "calculatedOtherIncome": 0, "calculatedIncomeNonControlling": 0, "calculatedEbitda": 425400000}, {"date": "1993-04-30", "symbol": "MDT", "reportedCurrency": "USD", "cik": "0001613103", "fillingDate": "1993-04-30", "acceptedDate": "1993-04-30 00:00:00", "calendarYear": "1993", "period": "FY", "revenue": 1328200000, "costOfRevenue": 350500000, "grossProfit": 977700000, "grossProfitRatio": 0.7361090197, "researchAndDevelopmentExpenses": 0, "generalAndAdministrativeExpenses": 0, "sellingAndMarketingExpenses": 0, "sellingGeneralAndAdministrativeExpenses": 613000000, "otherExpenses": 69600000, "operatingExpenses": 682600000, "costAndExpenses": 1033100000, "interestIncome": 0, "interestExpense": 0, "depreciationAndAmortization": 69600000, "ebitda": 335900000, "ebitdaratio": 0.2528986598, "operatingIncome": 299100000, "operatingIncomeRatio": 0.2251919892, "totalOtherIncomeExpensesNet": 28800000, "incomeBeforeTax": 313500000, "incomeBeforeTaxRatio": 0.2360337299, "incomeTaxExpense": 101900000, "netIncome": 197200000, "netIncomeRatio": 0.1484716157, "eps": 0.21, "epsdiluted": 0.21, "weightedAverageShsOut": 939047619, "weightedAverageShsOutDil": 939047619, "link": null, "finalLink": null, "calculatedOtherExpenses": 65600000, "calculatedOperatingExpenses": 678600000, "calculatedNetInterest": 0, "calculatedOtherIncome": 14400000, "calculatedIncomeNonControlling": 14400000, "calculatedEbitda": 368700000}, {"date": "1992-04-30", "symbol": "MDT", "reportedCurrency": "USD", "cik": "0001613103", "fillingDate": "1992-04-30", "acceptedDate": "1992-04-30 00:00:00", "calendarYear": "1992", "period": "FY", "revenue": 1176900000, "costOfRevenue": 322400000, "grossProfit": 854500000, "grossProfitRatio": 0.7260599881, "researchAndDevelopmentExpenses": 0, "generalAndAdministrativeExpenses": 0, "sellingAndMarketingExpenses": 0, "sellingGeneralAndAdministrativeExpenses": 549100000, "otherExpenses": 59400000, "operatingExpenses": 608500000, "costAndExpenses": 930900000, "interestIncome": 0, "interestExpense": 0, "depreciationAndAmortization": 59400000, "ebitda": 295100000, "ebitdaratio": 0.2507434786, "operatingIncome": 242900000, "operatingIncomeRatio": 0.2063896678, "totalOtherIncomeExpensesNet": 10300000, "incomeBeforeTax": 242900000, "incomeBeforeTaxRatio": 0.2063896678, "incomeTaxExpense": 81400000, "netIncome": 161500000, "netIncomeRatio": 0.1372249129, "eps": 0.17, "epsdiluted": 0.17, "weightedAverageShsOut": 950000000, "weightedAverageShsOutDil": 950000000, "link": null, "finalLink": null, "calculatedOtherExpenses": 62500000, "calculatedOperatingExpenses": 611600000, "calculatedNetInterest": 0, "calculatedOtherIncome": 0, "calculatedIncomeNonControlling": 0, "calculatedEbitda": 302300000}, {"date": "1991-04-30", "symbol": "MDT", "reportedCurrency": "USD", "cik": "0001613103", "fillingDate": "1991-04-30", "acceptedDate": "1991-04-30 00:00:00", "calendarYear": "1991", "period": "FY", "revenue": 1021400000, "costOfRevenue": 285200000, "grossProfit": 736200000, "grossProfitRatio": 0.7207754063, "researchAndDevelopmentExpenses": 0, "generalAndAdministrativeExpenses": 0, "sellingAndMarketingExpenses": 0, "sellingGeneralAndAdministrativeExpenses": 483300000, "otherExpenses": 46500000, "operatingExpenses": 529800000, "costAndExpenses": 815000000, "interestIncome": 0, "interestExpense": 0, "depreciationAndAmortization": 46500000, "ebitda": 249300000, "ebitdaratio": 0.2440767574, "operatingIncome": 196300000, "operatingIncomeRatio": 0.192187194, "totalOtherIncomeExpensesNet": 3600000, "incomeBeforeTax": 196300000, "incomeBeforeTaxRatio": 0.192187194, "incomeTaxExpense": 62900000, "netIncome": 133400000, "netIncomeRatio": 0.1306050519, "eps": 0.14, "epsdiluted": 0.14, "weightedAverageShsOut": 952857143, "weightedAverageShsOutDil": 952857143, "link": null, "finalLink": null, "calculatedOtherExpenses": 56600000, "calculatedOperatingExpenses": 539900000, "calculatedNetInterest": 0, "calculatedOtherIncome": 0, "calculatedIncomeNonControlling": 0, "calculatedEbitda": 242800000}, {"date": "1990-04-30", "symbol": "MDT", "reportedCurrency": "USD", "cik": "0001613103", "fillingDate": "1990-04-30", "acceptedDate": "1990-04-30 00:00:00", "calendarYear": "1990", "period": "FY", "revenue": 836600000, "costOfRevenue": 232400000, "grossProfit": 604200000, "grossProfitRatio": 0.722208941, "researchAndDevelopmentExpenses": 0, "generalAndAdministrativeExpenses": 0, "sellingAndMarketingExpenses": 0, "sellingGeneralAndAdministrativeExpenses": 399800000, "otherExpenses": 39400000, "operatingExpenses": 439200000, "costAndExpenses": 671600000, "interestIncome": 0, "interestExpense": 0, "depreciationAndAmortization": 39400000, "ebitda": 199400000, "ebitdaratio": 0.2383456849, "operatingIncome": 159900000, "operatingIncomeRatio": 0.1911307674, "totalOtherIncomeExpensesNet": 5000000, "incomeBeforeTax": 159900000, "incomeBeforeTaxRatio": 0.1911307674, "incomeTaxExpense": 51200000, "netIncome": 108700000, "netIncomeRatio": 0.1299306718, "eps": 0.12, "epsdiluted": 0.12, "weightedAverageShsOut": 905833333, "weightedAverageShsOutDil": 905833333, "link": null, "finalLink": null, "calculatedOtherExpenses": 44500000, "calculatedOperatingExpenses": 444300000, "calculatedNetInterest": 0, "calculatedOtherIncome": 0, "calculatedIncomeNonControlling": 0, "calculatedEbitda": 199300000}, {"date": "1989-04-30", "symbol": "MDT", "reportedCurrency": "USD", "cik": "0001613103", "fillingDate": "1989-04-30", "acceptedDate": "1989-04-30 00:00:00", "calendarYear": "1989", "period": "FY", "revenue": 741700000, "costOfRevenue": 194400000, "grossProfit": 547300000, "grossProfitRatio": 0.7378994203, "researchAndDevelopmentExpenses": 0, "generalAndAdministrativeExpenses": 0, "sellingAndMarketingExpenses": 0, "sellingGeneralAndAdministrativeExpenses": 373000000, "otherExpenses": 44600000, "operatingExpenses": 417600000, "costAndExpenses": 612000000, "interestIncome": 0, "interestExpense": 0, "depreciationAndAmortization": 44600000, "ebitda": 145300000, "ebitdaratio": 0.1959013078, "operatingIncome": 150300000, "operatingIncomeRatio": 0.2026425779, "totalOtherIncomeExpensesNet": 29000000, "incomeBeforeTax": 150300000, "incomeBeforeTaxRatio": 0.2026425779, "incomeTaxExpense": 52900000, "netIncome": 97400000, "netIncomeRatio": 0.1313199407, "eps": 0.11, "epsdiluted": 0.11, "weightedAverageShsOut": 885454545, "weightedAverageShsOutDil": 885454545, "link": null, "finalLink": null, "calculatedOtherExpenses": 24000000, "calculatedOperatingExpenses": 397000000, "calculatedNetInterest": 0, "calculatedOtherIncome": 0, "calculatedIncomeNonControlling": 0, "calculatedEbitda": 194900000}, {"date": "1988-04-30", "symbol": "MDT", "reportedCurrency": "USD", "cik": "0001613103", "fillingDate": "1988-04-30", "acceptedDate": "1988-04-30 00:00:00", "calendarYear": "1988", "period": "FY", "revenue": 653300000, "costOfRevenue": 181000000, "grossProfit": 472300000, "grossProfitRatio": 0.7229450482, "researchAndDevelopmentExpenses": 0, "generalAndAdministrativeExpenses": 0, "sellingAndMarketingExpenses": 0, "sellingGeneralAndAdministrativeExpenses": 313200000, "otherExpenses": 29000000, "operatingExpenses": 342200000, "costAndExpenses": 523200000, "interestIncome": 0, "interestExpense": 0, "depreciationAndAmortization": 29000000, "ebitda": 152400000, "ebitdaratio": 0.233277208, "operatingIncome": 131100000, "operatingIncomeRatio": 0.2006735038, "totalOtherIncomeExpensesNet": 6700000, "incomeBeforeTax": 131100000, "incomeBeforeTaxRatio": 0.2006735038, "incomeTaxExpense": 44600000, "netIncome": 86500000, "netIncomeRatio": 0.1324047145, "eps": 0.1, "epsdiluted": 0.1, "weightedAverageShsOut": 865000000, "weightedAverageShsOutDil": 865000000, "link": null, "finalLink": null, "calculatedOtherExpenses": 28000000, "calculatedOperatingExpenses": 341200000, "calculatedNetInterest": 0, "calculatedOtherIncome": 0, "calculatedIncomeNonControlling": 0, "calculatedEbitda": 160100000}, {"date": "1987-04-30", "symbol": "MDT", "reportedCurrency": "USD", "cik": "0001613103", "fillingDate": "1987-04-30", "acceptedDate": "1987-04-30 00:00:00", "calendarYear": "1987", "period": "FY", "revenue": 502000000, "costOfRevenue": 142800000, "grossProfit": 359200000, "grossProfitRatio": 0.7155378486, "researchAndDevelopmentExpenses": 0, "generalAndAdministrativeExpenses": 0, "sellingAndMarketingExpenses": 0, "sellingGeneralAndAdministrativeExpenses": 227100000, "otherExpenses": 26400000, "operatingExpenses": 253500000, "costAndExpenses": 396300000, "interestIncome": 0, "interestExpense": 0, "depreciationAndAmortization": 26400000, "ebitda": 125100000, "ebitdaratio": 0.2492031873, "operatingIncome": 108700000, "operatingIncomeRatio": 0.2165338645, "totalOtherIncomeExpensesNet": 7000000, "incomeBeforeTax": 108700000, "incomeBeforeTaxRatio": 0.2165338645, "incomeTaxExpense": 34900000, "netIncome": 73800000, "netIncomeRatio": 0.1470119522, "eps": 0.09, "epsdiluted": 0.09, "weightedAverageShsOut": 820000000, "weightedAverageShsOutDil": 820000000, "link": null, "finalLink": null, "calculatedOtherExpenses": 23400000, "calculatedOperatingExpenses": 250500000, "calculatedNetInterest": 0, "calculatedOtherIncome": 0, "calculatedIncomeNonControlling": 0, "calculatedEbitda": 135100000}, {"date": "1986-04-30", "symbol": "MDT", "reportedCurrency": "USD", "cik": "0001613103", "fillingDate": "1986-04-30", "acceptedDate": "1986-04-30 00:00:00", "calendarYear": "1986", "period": "FY", "revenue": 402800000, "costOfRevenue": 117500000, "grossProfit": 285300000, "grossProfitRatio": 0.7082919563, "researchAndDevelopmentExpenses": 0, "generalAndAdministrativeExpenses": 0, "sellingAndMarketingExpenses": 0, "sellingGeneralAndAdministrativeExpenses": 185700000, "otherExpenses": 23300000, "operatingExpenses": 209000000, "costAndExpenses": 326500000, "interestIncome": 0, "interestExpense": 0, "depreciationAndAmortization": 23300000, "ebitda": 80100000, "ebitdaratio": 0.198857994, "operatingIncome": 77700000, "operatingIncomeRatio": 0.1928997021, "totalOtherIncomeExpensesNet": 19500000, "incomeBeforeTax": 91700000, "incomeBeforeTaxRatio": 0.2276564052, "incomeTaxExpense": 24300000, "netIncome": 53400000, "netIncomeRatio": 0.132571996, "eps": 0.06, "epsdiluted": 0.06, "weightedAverageShsOut": 890000000, "weightedAverageShsOutDil": 890000000, "link": null, "finalLink": null, "calculatedOtherExpenses": 21900000, "calculatedOperatingExpenses": 207600000, "calculatedNetInterest": 0, "calculatedOtherIncome": 14000000, "calculatedIncomeNonControlling": 14000000, "calculatedEbitda": 101000000}]}