{"originalCurrency": "USD", "convertedCurrency": "USD", "report": [{"date": "2023-12-31", "symbol": "MDU", "reportedCurrency": "USD", "cik": "0000067716", "fillingDate": "2024-02-22", "acceptedDate": "2024-02-22 17:28:03", "calendarYear": "2023", "period": "FY", "revenue": 4657300000, "costOfRevenue": 4035300000, "grossProfit": 622000000, "grossProfitRatio": 0.1335537758, "researchAndDevelopmentExpenses": 0, "generalAndAdministrativeExpenses": 0, "sellingAndMarketingExpenses": 0, "sellingGeneralAndAdministrativeExpenses": 5807000, "otherExpenses": -196000000, "operatingExpenses": 196000000, "costAndExpenses": 4231300000, "interestIncome": 0, "interestExpense": 114300000, "depreciationAndAmortization": 213600000, "ebitda": 639600000, "ebitdaratio": 0.1373327894, "operatingIncome": 426000000, "operatingIncomeRatio": 0.0914693063, "totalOtherIncomeExpensesNet": 113900000, "incomeBeforeTax": 539900000, "incomeBeforeTaxRatio": 0.1159255363, "incomeTaxExpense": 59500000, "netIncome": 414707000, "netIncomeRatio": 0.0890445108, "eps": 2.04, "epsdiluted": 2.03, "weightedAverageShsOut": 203640000, "weightedAverageShsOutDil": 203938000, "link": "https://www.sec.gov/Archives/edgar/data/67716/000006771624000017/0000067716-24-000017-index.htm", "finalLink": "https://www.sec.gov/Archives/edgar/data/67716/000006771624000017/mdu-20231231.htm", "calculatedOtherExpenses": 190193000, "calculatedOperatingExpenses": 196000000, "calculatedNetInterest": -114300000, "calculatedOtherIncome": 228200000, "calculatedIncomeNonControlling": 65693000, "calculatedEbitda": 639600000}, {"date": "2022-12-31", "symbol": "MDU", "reportedCurrency": "USD", "cik": "0000067716", "fillingDate": "2023-02-24", "acceptedDate": "2023-02-24 15:17:34", "calendarYear": "2022", "period": "FY", "revenue": 6973900000, "costOfRevenue": 5828800000, "grossProfit": 1145100000, "grossProfitRatio": 0.164197938, "researchAndDevelopmentExpenses": 0, "generalAndAdministrativeExpenses": 0, "sellingAndMarketingExpenses": 0, "sellingGeneralAndAdministrativeExpenses": 182725000, "otherExpenses": 388375000, "operatingExpenses": 571100000, "costAndExpenses": 6399900000, "interestIncome": 119273000, "interestExpense": 119300000, "depreciationAndAmortization": 335200000, "ebitda": 909200000, "ebitdaratio": 0.1303718149, "operatingIncome": 574000000, "operatingIncomeRatio": 0.0823068871, "totalOtherIncomeExpensesNet": -111900000, "incomeBeforeTax": 462100000, "incomeBeforeTaxRatio": 0.0662613459, "incomeTaxExpense": 94800000, "netIncome": 367489000, "netIncomeRatio": 0.0526949053, "eps": 1.81, "epsdiluted": 1.81, "weightedAverageShsOut": 203358000, "weightedAverageShsOutDil": 203462000, "link": "https://www.sec.gov/Archives/edgar/data/67716/000006771623000017/0000067716-23-000017-index.htm", "finalLink": "https://www.sec.gov/Archives/edgar/data/67716/000006771623000017/mdu-20221231.htm", "calculatedOtherExpenses": 388375000, "calculatedOperatingExpenses": 571100000, "calculatedNetInterest": -27000, "calculatedOtherIncome": -111873000, "calculatedIncomeNonControlling": -189000, "calculatedEbitda": 909200000}, {"date": "2021-12-31", "symbol": "MDU", "reportedCurrency": "USD", "cik": "0000067716", "fillingDate": "2022-02-23", "acceptedDate": "2022-02-23 12:06:44", "calendarYear": "2021", "period": "FY", "revenue": 5680700000, "costOfRevenue": 4635800000, "grossProfit": 1044900000, "grossProfitRatio": 0.1839385991, "researchAndDevelopmentExpenses": 0, "generalAndAdministrativeExpenses": 0, "sellingAndMarketingExpenses": 0, "sellingGeneralAndAdministrativeExpenses": 6200000, "otherExpenses": 510700000, "operatingExpenses": 510700000, "costAndExpenses": 5146500000, "interestIncome": 93984000, "interestExpense": 94000000, "depreciationAndAmortization": 325600000, "ebitda": 859800000, "ebitdaratio": 0.1513545866, "operatingIncome": 534200000, "operatingIncomeRatio": 0.0940377066, "totalOtherIncomeExpensesNet": -67600000, "incomeBeforeTax": 466600000, "incomeBeforeTaxRatio": 0.0821377647, "incomeTaxExpense": 88900000, "netIncome": 378131000, "netIncomeRatio": 0.0665641558, "eps": 1.87, "epsdiluted": 1.87, "weightedAverageShsOut": 202076000, "weightedAverageShsOutDil": 202383000, "link": "https://www.sec.gov/Archives/edgar/data/67716/000006771622000012/0000067716-22-000012-index.htm", "finalLink": "https://www.sec.gov/Archives/edgar/data/67716/000006771622000012/mdu-20211231.htm", "calculatedOtherExpenses": 504500000, "calculatedOperatingExpenses": 510700000, "calculatedNetInterest": -16000, "calculatedOtherIncome": -67584000, "calculatedIncomeNonControlling": -431000, "calculatedEbitda": 859800000}, {"date": "2020-12-31", "symbol": "MDU", "reportedCurrency": "USD", "cik": "0000067716", "fillingDate": "2021-02-19", "acceptedDate": "2021-02-19 09:01:54", "calendarYear": "2020", "period": "FY", "revenue": 5532700000, "costOfRevenue": 4485400000, "grossProfit": 1047300000, "grossProfitRatio": 0.1892927504, "researchAndDevelopmentExpenses": 0, "generalAndAdministrativeExpenses": 0, "sellingAndMarketingExpenses": 0, "sellingGeneralAndAdministrativeExpenses": 4221000, "otherExpenses": 502400000, "operatingExpenses": 502400000, "costAndExpenses": 4987800000, "interestIncome": 96519000, "interestExpense": 96500000, "depreciationAndAmortization": 311800000, "ebitda": 856700000, "ebitdaratio": 0.1548430242, "operatingIncome": 544900000, "operatingIncomeRatio": 0.0984871762, "totalOtherIncomeExpensesNet": -69800000, "incomeBeforeTax": 475100000, "incomeBeforeTaxRatio": 0.0858712744, "incomeTaxExpense": 84600000, "netIncome": 390205000, "netIncomeRatio": 0.0705270483, "eps": 1.95, "epsdiluted": 1.95, "weightedAverageShsOut": 200502000, "weightedAverageShsOutDil": 200571000, "link": "https://www.sec.gov/Archives/edgar/data/67716/000006771621000007/0000067716-21-000007-index.htm", "finalLink": "https://www.sec.gov/Archives/edgar/data/67716/000006771621000007/mdu-20201231.htm", "calculatedOtherExpenses": 498179000, "calculatedOperatingExpenses": 502400000, "calculatedNetInterest": 19000, "calculatedOtherIncome": -69819000, "calculatedIncomeNonControlling": 295000, "calculatedEbitda": 856700000}, {"date": "2019-12-31", "symbol": "MDU", "reportedCurrency": "USD", "cik": "0000067716", "fillingDate": "2020-02-21", "acceptedDate": "2020-02-21 09:56:31", "calendarYear": "2019", "period": "FY", "revenue": 5336800000, "costOfRevenue": 4403500000, "grossProfit": 933300000, "grossProfitRatio": 0.1748800779, "researchAndDevelopmentExpenses": 0, "generalAndAdministrativeExpenses": 0, "sellingAndMarketingExpenses": 0, "sellingGeneralAndAdministrativeExpenses": 213000, "otherExpenses": 452100000, "operatingExpenses": 452100000, "costAndExpenses": 4855600000, "interestIncome": 98587000, "interestExpense": 98600000, "depreciationAndAmortization": 271800000, "ebitda": 753000000, "ebitdaratio": 0.1410957877, "operatingIncome": 481200000, "operatingIncomeRatio": 0.0901663918, "totalOtherIncomeExpensesNet": -82800000, "incomeBeforeTax": 398400000, "incomeBeforeTaxRatio": 0.0746514765, "incomeTaxExpense": 63200000, "netIncome": 335500000, "netIncomeRatio": 0.0628653875, "eps": 1.69, "epsdiluted": 1.69, "weightedAverageShsOut": 198612000, "weightedAverageShsOutDil": 198626000, "link": "https://www.sec.gov/Archives/edgar/data/67716/000006771620000010/0000067716-20-000010-index.htm", "finalLink": "https://www.sec.gov/Archives/edgar/data/67716/000006771620000010/a2019form10-k.htm", "calculatedOtherExpenses": 451887000, "calculatedOperatingExpenses": 452100000, "calculatedNetInterest": -13000, "calculatedOtherIncome": -82787000, "calculatedIncomeNonControlling": -300000, "calculatedEbitda": 753000000}, {"date": "2018-12-31", "symbol": "MDU", "reportedCurrency": "USD", "cik": "0000067716", "fillingDate": "2019-02-22", "acceptedDate": "2019-02-22 09:46:22", "calendarYear": "2018", "period": "FY", "revenue": 4531600000, "costOfRevenue": 3741000000, "grossProfit": 790600000, "grossProfitRatio": 0.1744637656, "researchAndDevelopmentExpenses": 0, "generalAndAdministrativeExpenses": 0, "sellingAndMarketingExpenses": 0, "sellingGeneralAndAdministrativeExpenses": 0, "otherExpenses": -200000, "operatingExpenses": 388900000, "costAndExpenses": 4129900000, "interestIncome": 0, "interestExpense": 84600000, "depreciationAndAmortization": 220205000, "ebitda": 621800000, "ebitdaratio": 0.137214229, "operatingIncome": 401700000, "operatingIncomeRatio": 0.0886441875, "totalOtherIncomeExpensesNet": -200000, "incomeBeforeTax": 316900000, "incomeBeforeTaxRatio": 0.0699311501, "incomeTaxExpense": 47500000, "netIncome": 272300000, "netIncomeRatio": 0.0600891517, "eps": 1.39, "epsdiluted": 1.39, "weightedAverageShsOut": 195700000, "weightedAverageShsOutDil": 196200000, "link": "https://www.sec.gov/Archives/edgar/data/67716/000006771619000019/0000067716-19-000019-index.htm", "finalLink": "https://www.sec.gov/Archives/edgar/data/67716/000006771619000019/a2018form10-k.htm", "calculatedOtherExpenses": 388900000, "calculatedOperatingExpenses": 388900000, "calculatedNetInterest": -84600000, "calculatedOtherIncome": -200000, "calculatedIncomeNonControlling": -2900000, "calculatedEbitda": 621905000}, {"date": "2017-12-31", "symbol": "MDU", "reportedCurrency": "USD", "cik": "0000067716", "fillingDate": "2018-02-23", "acceptedDate": "2018-02-23 09:35:31", "calendarYear": "2017", "period": "FY", "revenue": 4443400000, "costOfRevenue": 3640500000, "grossProfit": 802900000, "grossProfitRatio": 0.1806949633, "researchAndDevelopmentExpenses": 0, "generalAndAdministrativeExpenses": 0, "sellingAndMarketingExpenses": 0, "sellingGeneralAndAdministrativeExpenses": 0, "otherExpenses": 4100000, "operatingExpenses": 374200000, "costAndExpenses": 4014700000, "interestIncome": 0, "interestExpense": 82800000, "depreciationAndAmortization": 207486000, "ebitda": 640300000, "ebitdaratio": 0.1441013638, "operatingIncome": 428700000, "operatingIncomeRatio": 0.0964801728, "totalOtherIncomeExpensesNet": 4100000, "incomeBeforeTax": 350000000, "incomeBeforeTaxRatio": 0.0787685106, "incomeTaxExpense": 65100000, "netIncome": 281100000, "netIncomeRatio": 0.0632623667, "eps": 1.44, "epsdiluted": 1.43, "weightedAverageShsOut": 195300000, "weightedAverageShsOutDil": 195700000, "link": "https://www.sec.gov/Archives/edgar/data/67716/000006771618000013/0000067716-18-000013-index.htm", "finalLink": "https://www.sec.gov/Archives/edgar/data/67716/000006771618000013/a2017form10-k.htm", "calculatedOtherExpenses": 374200000, "calculatedOperatingExpenses": 374200000, "calculatedNetInterest": -82800000, "calculatedOtherIncome": 4100000, "calculatedIncomeNonControlling": 3800000, "calculatedEbitda": 636186000}, {"date": "2016-12-31", "symbol": "MDU", "reportedCurrency": "USD", "cik": "0000067716", "fillingDate": "2017-02-24", "acceptedDate": "2017-02-24 09:35:51", "calendarYear": "2016", "period": "FY", "revenue": 4128800000, "costOfRevenue": 3351600000, "grossProfit": 777200000, "grossProfitRatio": 0.1882387134, "researchAndDevelopmentExpenses": 0, "generalAndAdministrativeExpenses": 0, "sellingAndMarketingExpenses": 0, "sellingGeneralAndAdministrativeExpenses": 0, "otherExpenses": 5000000, "operatingExpenses": 368100000, "costAndExpenses": 3719700000, "interestIncome": 0, "interestExpense": 87900000, "depreciationAndAmortization": 216318000, "ebitda": 630400000, "ebitdaratio": 0.1526835885, "operatingIncome": 409100000, "operatingIncomeRatio": 0.0990844798, "totalOtherIncomeExpensesNet": 5000000, "incomeBeforeTax": 326200000, "incomeBeforeTaxRatio": 0.0790060066, "incomeTaxExpense": 93100000, "netIncome": 64400000, "netIncomeRatio": 0.0155977524, "eps": 0.33, "epsdiluted": 0.33, "weightedAverageShsOut": 195300000, "weightedAverageShsOutDil": 195600000, "link": "https://www.sec.gov/Archives/edgar/data/67716/000006771617000017/0000067716-17-000017-index.htm", "finalLink": "https://www.sec.gov/Archives/edgar/data/67716/000006771617000017/a2016form10-k.htm", "calculatedOtherExpenses": 368100000, "calculatedOperatingExpenses": 368100000, "calculatedNetInterest": -87900000, "calculatedOtherIncome": 5000000, "calculatedIncomeNonControlling": 168700000, "calculatedEbitda": 625418000}, {"date": "2015-12-31", "symbol": "MDU", "reportedCurrency": "USD", "cik": "0000067716", "fillingDate": "2016-02-19", "acceptedDate": "2016-02-19 09:33:32", "calendarYear": "2015", "period": "FY", "revenue": 4191500000, "costOfRevenue": 3567000000, "grossProfit": 624500000, "grossProfitRatio": 0.1489920076, "researchAndDevelopmentExpenses": 0, "generalAndAdministrativeExpenses": 0, "sellingAndMarketingExpenses": 0, "sellingGeneralAndAdministrativeExpenses": 0, "otherExpenses": 19300000, "operatingExpenses": 370400000, "costAndExpenses": 3937400000, "interestIncome": 0, "interestExpense": 93100000, "depreciationAndAmortization": 227730000, "ebitda": 501200000, "ebitdaratio": 0.119575331, "operatingIncome": 254100000, "operatingIncomeRatio": 0.0606226888, "totalOtherIncomeExpensesNet": 19300000, "incomeBeforeTax": 180300000, "incomeBeforeTaxRatio": 0.0430156269, "incomeTaxExpense": 65600000, "netIncome": -622400000, "netIncomeRatio": -0.1484909937, "eps": -3.19, "epsdiluted": -3.19, "weightedAverageShsOut": 194900000, "weightedAverageShsOutDil": 195000000, "link": "https://www.sec.gov/Archives/edgar/data/67716/000006771616000116/0000067716-16-000116-index.htm", "finalLink": "https://www.sec.gov/Archives/edgar/data/67716/000006771616000116/a2015form10-k.htm", "calculatedOtherExpenses": 370400000, "calculatedOperatingExpenses": 370400000, "calculatedNetInterest": -93100000, "calculatedOtherIncome": 19300000, "calculatedIncomeNonControlling": 737100000, "calculatedEbitda": 481830000}, {"date": "2014-12-31", "symbol": "MDU", "reportedCurrency": "USD", "cik": "0000067716", "fillingDate": "2015-02-20", "acceptedDate": "2015-02-20 09:50:02", "calendarYear": "2014", "period": "FY", "revenue": 4670600000, "costOfRevenue": 3588400000, "grossProfit": 1082200000, "grossProfitRatio": 0.231704706, "researchAndDevelopmentExpenses": 0, "generalAndAdministrativeExpenses": 0, "sellingAndMarketingExpenses": 0, "sellingGeneralAndAdministrativeExpenses": 0, "otherExpenses": 10000000, "operatingExpenses": 594000000, "costAndExpenses": 4182400000, "interestIncome": 0, "interestExpense": 87000000, "depreciationAndAmortization": 401368000, "ebitda": 899600000, "ebitdaratio": 0.1926090866, "operatingIncome": 488200000, "operatingIncomeRatio": 0.1045261851, "totalOtherIncomeExpensesNet": 10000000, "incomeBeforeTax": 411200000, "incomeBeforeTaxRatio": 0.0880400805, "incomeTaxExpense": 120000000, "netIncome": 298200000, "netIncomeRatio": 0.0638461868, "eps": 1.55, "epsdiluted": 1.55, "weightedAverageShsOut": 192500000, "weightedAverageShsOutDil": 192600000, "link": "https://www.sec.gov/Archives/edgar/data/67716/000006771615000027/0000067716-15-000027-index.htm", "finalLink": "https://www.sec.gov/Archives/edgar/data/67716/000006771615000027/mdu-12312014form10xk.htm", "calculatedOtherExpenses": 594000000, "calculatedOperatingExpenses": 594000000, "calculatedNetInterest": -87000000, "calculatedOtherIncome": 10000000, "calculatedIncomeNonControlling": -7000000, "calculatedEbitda": 889568000}, {"date": "2013-12-31", "symbol": "MDU", "reportedCurrency": "USD", "cik": "0000067716", "fillingDate": "2014-02-21", "acceptedDate": "2014-02-21 15:29:34", "calendarYear": "2013", "period": "FY", "revenue": 4462400000, "costOfRevenue": 3394300000, "grossProfit": 1068100000, "grossProfitRatio": 0.2393555038, "researchAndDevelopmentExpenses": 0, "generalAndAdministrativeExpenses": 0, "sellingAndMarketingExpenses": 0, "sellingGeneralAndAdministrativeExpenses": 0, "otherExpenses": 6800000, "operatingExpenses": 575200000, "costAndExpenses": 3969500000, "interestIncome": 0, "interestExpense": 84000000, "depreciationAndAmortization": 386856000, "ebitda": 886400000, "ebitdaratio": 0.1986375045, "operatingIncome": 492900000, "operatingIncomeRatio": 0.1104562567, "totalOtherIncomeExpensesNet": 6700000, "incomeBeforeTax": 415600000, "incomeBeforeTaxRatio": 0.0931337397, "incomeTaxExpense": 136700000, "netIncome": 278900000, "netIncomeRatio": 0.0625, "eps": 1.47, "epsdiluted": 1.47, "weightedAverageShsOut": 188900000, "weightedAverageShsOutDil": 189700000, "link": "https://www.sec.gov/Archives/edgar/data/67716/000006771614000029/0000067716-14-000029-index.htm", "finalLink": "https://www.sec.gov/Archives/edgar/data/67716/000006771614000029/mdu-12312013x10k.htm", "calculatedOtherExpenses": 575200000, "calculatedOperatingExpenses": 575200000, "calculatedNetInterest": -84000000, "calculatedOtherIncome": 6700000, "calculatedIncomeNonControlling": 0, "calculatedEbitda": 879756000}, {"date": "2012-12-31", "symbol": "MDU", "reportedCurrency": "USD", "cik": "0000067716", "fillingDate": "2013-02-28", "acceptedDate": "2013-02-28 16:42:15", "calendarYear": "2012", "period": "FY", "revenue": 4075400000, "costOfRevenue": 3129100000, "grossProfit": 946300000, "grossProfitRatio": 0.2321980664, "researchAndDevelopmentExpenses": 0, "generalAndAdministrativeExpenses": 0, "sellingAndMarketingExpenses": 0, "sellingGeneralAndAdministrativeExpenses": 0, "otherExpenses": 6600000, "operatingExpenses": 535300000, "costAndExpenses": 3664400000, "interestIncome": 0, "interestExpense": 76700000, "depreciationAndAmortization": 359205000, "ebitda": 782200000, "ebitdaratio": 0.1919320803, "operatingIncome": 19200000, "operatingIncomeRatio": 0.004711194, "totalOtherIncomeExpensesNet": -379800000, "incomeBeforeTax": -45500000, "incomeBeforeTaxRatio": -0.0111645483, "incomeTaxExpense": -31200000, "netIncome": -700000, "netIncomeRatio": -0.0001717623, "eps": -0.0037, "epsdiluted": -0.0037, "weightedAverageShsOut": 187575000, "weightedAverageShsOutDil": 188800000, "link": "https://www.sec.gov/Archives/edgar/data/67716/000006771613000021/0000067716-13-000021-index.htm", "finalLink": "https://www.sec.gov/Archives/edgar/data/67716/000006771613000021/mduform10-k.htm", "calculatedOtherExpenses": 927100000, "calculatedOperatingExpenses": 927100000, "calculatedNetInterest": -76700000, "calculatedOtherIncome": 12000000, "calculatedIncomeNonControlling": -13600000, "calculatedEbitda": 378405000}, {"date": "2011-12-31", "symbol": "MDU", "reportedCurrency": "USD", "cik": "0000067716", "fillingDate": "2012-02-24", "acceptedDate": "2012-02-24 10:12:39", "calendarYear": "2011", "period": "FY", "revenue": 4050500000, "costOfRevenue": 636700000, "grossProfit": 3413800000, "grossProfitRatio": 0.8428095297, "researchAndDevelopmentExpenses": 0, "generalAndAdministrativeExpenses": 0, "sellingAndMarketingExpenses": 0, "sellingGeneralAndAdministrativeExpenses": 0, "otherExpenses": 516318000, "operatingExpenses": 3007400000, "costAndExpenses": 3644100000, "interestIncome": 0, "interestExpense": 81400000, "depreciationAndAmortization": 343395000, "ebitda": 754500000, "ebitdaratio": 0.1862732996, "operatingIncome": 406400000, "operatingIncomeRatio": 0.1003332922, "totalOtherIncomeExpensesNet": 11200000, "incomeBeforeTax": 336200000, "incomeBeforeTaxRatio": 0.0830020985, "incomeTaxExpense": 110300000, "netIncome": 213000000, "netIncomeRatio": 0.0525861005, "eps": 1.12, "epsdiluted": 1.12, "weightedAverageShsOut": 188800000, "weightedAverageShsOutDil": 188900000, "link": "https://www.sec.gov/Archives/edgar/data/67716/000006771612000031/0000067716-12-000031-index.htm", "finalLink": "https://www.sec.gov/Archives/edgar/data/67716/000006771612000031/mdu123111-10k.htm", "calculatedOtherExpenses": 3007400000, "calculatedOperatingExpenses": 3007400000, "calculatedNetInterest": -81400000, "calculatedOtherIncome": 11200000, "calculatedIncomeNonControlling": 12900000, "calculatedEbitda": 749795000}, {"date": "2010-12-31", "symbol": "MDU", "reportedCurrency": "USD", "cik": "0000067716", "fillingDate": "2011-02-23", "acceptedDate": "2011-02-23 09:47:25", "calendarYear": "2010", "period": "FY", "revenue": 3909695000, "costOfRevenue": 3006772000, "grossProfit": 902923000, "grossProfitRatio": 0.2309446133, "researchAndDevelopmentExpenses": 0, "generalAndAdministrativeExpenses": 0, "sellingAndMarketingExpenses": 0, "sellingGeneralAndAdministrativeExpenses": 0, "otherExpenses": 492196000, "operatingExpenses": 492196000, "costAndExpenses": 3498968000, "interestIncome": 0, "interestExpense": 83011000, "depreciationAndAmortization": 328843000, "ebitda": 770386000, "ebitdaratio": 0.197045038, "operatingIncome": 410727000, "operatingIncomeRatio": 0.1050534632, "totalOtherIncomeExpensesNet": 38834000, "incomeBeforeTax": 366550000, "incomeBeforeTaxRatio": 0.0937541164, "incomeTaxExpense": 122530000, "netIncome": 240659000, "netIncomeRatio": 0.0615544179, "eps": 1.28, "epsdiluted": 1.27, "weightedAverageShsOut": 188137000, "weightedAverageShsOutDil": 188229000, "link": "https://www.sec.gov/Archives/edgar/data/67716/000006771611000021/0000067716-11-000021-index.htm", "finalLink": "https://www.sec.gov/Archives/edgar/data/67716/000006771611000021/mduform10-k2010.htm", "calculatedOtherExpenses": 492196000, "calculatedOperatingExpenses": 492196000, "calculatedNetInterest": -83011000, "calculatedOtherIncome": 38834000, "calculatedIncomeNonControlling": 3361000, "calculatedEbitda": 739570000}, {"date": "2009-12-31", "symbol": "MDU", "reportedCurrency": "USD", "cik": "0000067716", "fillingDate": "2010-02-17", "acceptedDate": "2010-02-17 09:44:36", "calendarYear": "2009", "period": "FY", "revenue": 4176500000, "costOfRevenue": 805400000, "grossProfit": 3371100000, "grossProfitRatio": 0.8071591045, "researchAndDevelopmentExpenses": 0, "generalAndAdministrativeExpenses": 0, "sellingAndMarketingExpenses": 0, "sellingGeneralAndAdministrativeExpenses": 0, "otherExpenses": 2904203000, "operatingExpenses": 2904200000, "costAndExpenses": 3709600000, "interestIncome": 0, "interestExpense": 84100000, "depreciationAndAmortization": 330542000, "ebitda": 805900000, "ebitdaratio": 0.192960613, "operatingIncome": -153100000, "operatingIncomeRatio": -0.0366574883, "totalOtherIncomeExpensesNet": -602200000, "incomeBeforeTax": -219400000, "incomeBeforeTaxRatio": -0.0525320244, "incomeTaxExpense": -96100000, "netIncome": -123300000, "netIncomeRatio": -0.0295223273, "eps": -0.67, "epsdiluted": -0.67, "weightedAverageShsOut": 185200000, "weightedAverageShsOutDil": 185200000, "link": "https://www.sec.gov/Archives/edgar/data/67716/000006771610000030/0000067716-10-000030-index.htm", "finalLink": "https://www.sec.gov/Archives/edgar/data/67716/000006771610000030/mduform10-k2009.htm", "calculatedOtherExpenses": 3524200000, "calculatedOperatingExpenses": 3524200000, "calculatedNetInterest": -84100000, "calculatedOtherIncome": 17800000, "calculatedIncomeNonControlling": 0, "calculatedEbitda": 177442000}, {"date": "2008-12-31", "symbol": "MDU", "reportedCurrency": "USD", "cik": "0000067716", "fillingDate": "2009-02-13", "acceptedDate": "2009-02-13 11:57:14", "calendarYear": "2008", "period": "FY", "revenue": 5003278000, "costOfRevenue": 1103286000, "grossProfit": 3899992000, "grossProfitRatio": 0.7794873681, "researchAndDevelopmentExpenses": 0, "generalAndAdministrativeExpenses": 0, "sellingAndMarketingExpenses": 0, "sellingGeneralAndAdministrativeExpenses": 0, "otherExpenses": 3387955000, "operatingExpenses": 3387955000, "costAndExpenses": 4491241000, "interestIncome": 0, "interestExpense": 0, "depreciationAndAmortization": 366020000, "ebitda": 867418000, "ebitdaratio": 0.1733699387, "operatingIncome": 512037000, "operatingIncomeRatio": 0.1023403057, "totalOtherIncomeExpensesNet": 10639000, "incomeBeforeTax": 441149000, "incomeBeforeTaxRatio": 0.0881719944, "incomeTaxExpense": 147476000, "netIncome": 293673000, "netIncomeRatio": 0.0586961188, "eps": 1.6, "epsdiluted": 1.59, "weightedAverageShsOut": 183100000, "weightedAverageShsOutDil": 183807000, "link": "https://www.sec.gov/Archives/edgar/data/67716/000006771609000026/0000067716-09-000026-index.htm", "finalLink": "https://www.sec.gov/Archives/edgar/data/67716/000006771609000026/mduform10-k2008.htm", "calculatedOtherExpenses": 3387955000, "calculatedOperatingExpenses": 3387955000, "calculatedNetInterest": 0, "calculatedOtherIncome": -70888000, "calculatedIncomeNonControlling": 0, "calculatedEbitda": 878057000}, {"date": "2007-12-31", "symbol": "MDU", "reportedCurrency": "USD", "cik": "0000067716", "fillingDate": "2008-02-20", "acceptedDate": "2008-02-20 10:15:23", "calendarYear": "2007", "period": "FY", "revenue": 4247896000, "costOfRevenue": 662607000, "grossProfit": 3585289000, "grossProfitRatio": 0.844015249, "researchAndDevelopmentExpenses": 0, "generalAndAdministrativeExpenses": 0, "sellingAndMarketingExpenses": 0, "sellingGeneralAndAdministrativeExpenses": 0, "otherExpenses": 3028169000, "operatingExpenses": 3028169000, "costAndExpenses": 3690776000, "interestIncome": 0, "interestExpense": 0, "depreciationAndAmortization": 301932000, "ebitda": 831125000, "ebitdaratio": 0.1956556846, "operatingIncome": 557120000, "operatingIncomeRatio": 0.1311519868, "totalOtherIncomeExpensesNet": 27927000, "incomeBeforeTax": 512810000, "incomeBeforeTaxRatio": 0.1207209404, "incomeTaxExpense": 190024000, "netIncome": 432120000, "netIncomeRatio": 0.1017256543, "eps": 2.37, "epsdiluted": 2.36, "weightedAverageShsOut": 181946000, "weightedAverageShsOutDil": 182902000, "link": "https://www.sec.gov/Archives/edgar/data/67716/000006771608000048/0000067716-08-000048-index.htm", "finalLink": "https://www.sec.gov/Archives/edgar/data/67716/000006771608000048/mdu10k.htm", "calculatedOtherExpenses": 3028169000, "calculatedOperatingExpenses": 3028169000, "calculatedNetInterest": 0, "calculatedOtherIncome": -44310000, "calculatedIncomeNonControlling": -109334000, "calculatedEbitda": 859052000}, {"date": "2006-12-31", "symbol": "MDU", "reportedCurrency": "USD", "cik": "0000067716", "fillingDate": "2007-02-21", "acceptedDate": "2007-02-21 13:11:13", "calendarYear": "2006", "period": "FY", "revenue": 4070684000, "costOfRevenue": 340757000, "grossProfit": 3729927000, "grossProfitRatio": 0.9162899896, "researchAndDevelopmentExpenses": 0, "generalAndAdministrativeExpenses": 0, "sellingAndMarketingExpenses": 0, "sellingGeneralAndAdministrativeExpenses": 0, "otherExpenses": 3197691000, "operatingExpenses": 3197691000, "costAndExpenses": 3538448000, "interestIncome": 0, "interestExpense": 0, "depreciationAndAmortization": 271583000, "ebitda": 780795000, "ebitdaratio": 0.1918092881, "operatingIncome": 532236000, "operatingIncomeRatio": 0.1307485425, "totalOtherIncomeExpensesNet": 23024000, "incomeBeforeTax": 483165000, "incomeBeforeTaxRatio": 0.1186938117, "incomeTaxExpense": 165248000, "netIncome": 315757000, "netIncomeRatio": 0.0775685364, "eps": 1.75, "epsdiluted": 1.74, "weightedAverageShsOut": 180234000, "weightedAverageShsOutDil": 181392000, "link": "https://www.sec.gov/Archives/edgar/data/67716/000006771607000045/0000067716-07-000045-index.htm", "finalLink": "https://www.sec.gov/Archives/edgar/data/67716/000006771607000045/mdu200610k.htm", "calculatedOtherExpenses": 3197691000, "calculatedOperatingExpenses": 3197691000, "calculatedNetInterest": 0, "calculatedOtherIncome": -49071000, "calculatedIncomeNonControlling": 2160000, "calculatedEbitda": 803819000}, {"date": "2005-12-31", "symbol": "MDU", "reportedCurrency": "USD", "cik": "0000067716", "fillingDate": "2006-02-22", "acceptedDate": "2006-02-22 13:40:31", "calendarYear": "2005", "period": "FY", "revenue": 3455414000, "costOfRevenue": 392781000, "grossProfit": 3062633000, "grossProfitRatio": 0.8863288162, "researchAndDevelopmentExpenses": 0, "generalAndAdministrativeExpenses": 0, "sellingAndMarketingExpenses": 0, "sellingGeneralAndAdministrativeExpenses": 0, "otherExpenses": 2614607000, "operatingExpenses": 2614607000, "costAndExpenses": 3007388000, "interestIncome": 0, "interestExpense": 0, "depreciationAndAmortization": 228657000, "ebitda": 649097000, "ebitdaratio": 0.1878492707, "operatingIncome": 448026000, "operatingIncomeRatio": 0.1296591378, "totalOtherIncomeExpensesNet": 27586000, "incomeBeforeTax": 420862000, "incomeBeforeTaxRatio": 0.1217978511, "incomeTaxExpense": 145779000, "netIncome": 275083000, "netIncomeRatio": 0.079609274, "eps": 1.54, "epsdiluted": 1.53, "weightedAverageShsOut": 178365000, "weightedAverageShsOutDil": 179490000, "link": "https://www.sec.gov/Archives/edgar/data/67716/000006771606000058/0000067716-06-000058-index.htm", "finalLink": "https://www.sec.gov/Archives/edgar/data/67716/000006771606000058/mdu200510k.htm", "calculatedOtherExpenses": 2614607000, "calculatedOperatingExpenses": 2614607000, "calculatedNetInterest": 0, "calculatedOtherIncome": -27164000, "calculatedIncomeNonControlling": 0, "calculatedEbitda": 676683000}, {"date": "2004-12-31", "symbol": "MDU", "reportedCurrency": "USD", "cik": "0000067716", "fillingDate": "2005-02-23", "acceptedDate": "2005-02-23 14:10:33", "calendarYear": "2004", "period": "FY", "revenue": 2719257000, "costOfRevenue": 314542000, "grossProfit": 2404715000, "grossProfitRatio": 0.8843279616, "researchAndDevelopmentExpenses": 0, "generalAndAdministrativeExpenses": 0, "sellingAndMarketingExpenses": 0, "sellingGeneralAndAdministrativeExpenses": 0, "otherExpenses": 2083997000, "operatingExpenses": 2083997000, "costAndExpenses": 2398539000, "interestIncome": 0, "interestExpense": 0, "depreciationAndAmortization": 208770000, "ebitda": 491728000, "ebitdaratio": 0.1808317493, "operatingIncome": 320718000, "operatingIncomeRatio": 0.117943247, "totalOtherIncomeExpensesNet": 37760000, "incomeBeforeTax": 301041000, "incomeBeforeTaxRatio": 0.1107070792, "incomeTaxExpense": 93974000, "netIncome": 207067000, "netIncomeRatio": 0.0761483744, "eps": 1.18, "epsdiluted": 1.17, "weightedAverageShsOut": 174900000, "weightedAverageShsOutDil": 176394872, "link": "https://www.sec.gov/Archives/edgar/data/67716/000006771605000048/0000067716-05-000048-index.htm", "finalLink": "https://www.sec.gov/Archives/edgar/data/67716/000006771605000048/mdu10k2004.txt", "calculatedOtherExpenses": 2083997000, "calculatedOperatingExpenses": 2083997000, "calculatedNetInterest": 0, "calculatedOtherIncome": -19677000, "calculatedIncomeNonControlling": 0, "calculatedEbitda": 529488000}, {"date": "2003-12-31", "symbol": "MDU", "reportedCurrency": "USD", "cik": "0000067716", "fillingDate": "2004-02-27", "acceptedDate": "2004-02-27 13:53:51", "calendarYear": "2003", "period": "FY", "revenue": 2352189000, "costOfRevenue": 246208000, "grossProfit": 2105981000, "grossProfitRatio": 0.895328139, "researchAndDevelopmentExpenses": 0, "generalAndAdministrativeExpenses": 0, "sellingAndMarketingExpenses": 0, "sellingGeneralAndAdministrativeExpenses": 0, "otherExpenses": 1793909000, "operatingExpenses": 1793909000, "costAndExpenses": 2040117000, "interestIncome": 0, "interestExpense": 0, "depreciationAndAmortization": 188337000, "ebitda": 478202000, "ebitdaratio": 0.2033008402, "operatingIncome": 312072000, "operatingIncomeRatio": 0.1326730122, "totalOtherIncomeExpensesNet": 22207000, "incomeBeforeTax": 281485000, "incomeBeforeTaxRatio": 0.1196693803, "incomeTaxExpense": 98572000, "netIncome": 175324000, "netIncomeRatio": 0.0745365275, "eps": 1.05, "epsdiluted": 1.03, "weightedAverageShsOut": 166738605, "weightedAverageShsOutDil": 168890071, "link": "https://www.sec.gov/Archives/edgar/data/67716/000006771604000045/0000067716-04-000045-index.htm", "finalLink": "https://www.sec.gov/Archives/edgar/data/67716/000006771604000045/mdu10k.txt", "calculatedOtherExpenses": 1793909000, "calculatedOperatingExpenses": 1793909000, "calculatedNetInterest": 0, "calculatedOtherIncome": -30587000, "calculatedIncomeNonControlling": 7589000, "calculatedEbitda": 500409000}, {"date": "2002-12-31", "symbol": "MDU", "reportedCurrency": "USD", "cik": "0000067716", "fillingDate": "2003-02-28", "acceptedDate": "2003-02-28 13:02:34", "calendarYear": "2002", "period": "FY", "revenue": 2031537000, "costOfRevenue": 148538000, "grossProfit": 1882999000, "grossProfitRatio": 0.9268839307, "researchAndDevelopmentExpenses": 0, "generalAndAdministrativeExpenses": 0, "sellingAndMarketingExpenses": 0, "sellingGeneralAndAdministrativeExpenses": 0, "otherExpenses": 1616882000, "operatingExpenses": 1616882000, "costAndExpenses": 1765420000, "interestIncome": 0, "interestExpense": 0, "depreciationAndAmortization": 157961000, "ebitda": 410506000, "ebitdaratio": 0.2020667111, "operatingIncome": 266117000, "operatingIncomeRatio": 0.1309929379, "totalOtherIncomeExpensesNet": 13572000, "incomeBeforeTax": 234674000, "incomeBeforeTaxRatio": 0.1155154939, "incomeTaxExpense": 86230000, "netIncome": 148444000, "netIncomeRatio": 0.0730697989, "eps": 0.93, "epsdiluted": 0.92, "weightedAverageShsOut": 159172500, "weightedAverageShsOutDil": 160294500, "link": "https://www.sec.gov/Archives/edgar/data/67716/000006771603000011/0000067716-03-000011-index.htm", "finalLink": "https://www.sec.gov/Archives/edgar/data/67716/000006771603000011/mdu10k2002.txt", "calculatedOtherExpenses": 1616882000, "calculatedOperatingExpenses": 1616882000, "calculatedNetInterest": 0, "calculatedOtherIncome": -31443000, "calculatedIncomeNonControlling": 0, "calculatedEbitda": 424078000}, {"date": "2001-12-31", "symbol": "MDU", "reportedCurrency": "USD", "cik": "0000067716", "fillingDate": "2002-03-01", "acceptedDate": "2002-03-01 00:00:00", "calendarYear": "2001", "period": "FY", "revenue": 2223632000, "costOfRevenue": 586749000, "grossProfit": 1636883000, "grossProfitRatio": 0.7361303489, "researchAndDevelopmentExpenses": 0, "generalAndAdministrativeExpenses": 0, "sellingAndMarketingExpenses": 0, "sellingGeneralAndAdministrativeExpenses": 0, "otherExpenses": 1363615000, "operatingExpenses": 1363615000, "costAndExpenses": 1950364000, "interestIncome": 0, "interestExpense": 0, "depreciationAndAmortization": 139917000, "ebitda": 386364000, "ebitdaratio": 0.1737535707, "operatingIncome": 273268000, "operatingIncomeRatio": 0.1228926369, "totalOtherIncomeExpensesNet": 26821000, "incomeBeforeTax": 254190000, "incomeBeforeTaxRatio": 0.1143129798, "incomeTaxExpense": 98341000, "netIncome": 155849000, "netIncomeRatio": 0.0700875864, "eps": 0.99, "epsdiluted": 0.99, "weightedAverageShsOut": 150257250, "weightedAverageShsOutDil": 152705000, "link": "https://www.sec.gov/Archives/edgar/data/67716/000006771602000023/0000067716-02-000023-index.htm", "finalLink": "https://www.sec.gov/Archives/edgar/data/67716/000006771602000023/mdu10k.txt", "calculatedOtherExpenses": 1363615000, "calculatedOperatingExpenses": 1363615000, "calculatedNetInterest": 0, "calculatedOtherIncome": -19078000, "calculatedIncomeNonControlling": 0, "calculatedEbitda": 413185000}, {"date": "2000-12-31", "symbol": "MDU", "reportedCurrency": "USD", "cik": "0000067716", "fillingDate": "2001-03-02", "acceptedDate": "2001-03-02 00:00:00", "calendarYear": "2000", "period": "FY", "revenue": 1873671000, "costOfRevenue": 688391000, "grossProfit": 1185280000, "grossProfitRatio": 0.6325977186, "researchAndDevelopmentExpenses": 0, "generalAndAdministrativeExpenses": 0, "sellingAndMarketingExpenses": 0, "sellingGeneralAndAdministrativeExpenses": 0, "otherExpenses": 968293000, "operatingExpenses": 968293000, "costAndExpenses": 1656684000, "interestIncome": 0, "interestExpense": 0, "depreciationAndAmortization": 110888000, "ebitda": 316151000, "ebitdaratio": 0.1687334649, "operatingIncome": 216987000, "operatingIncomeRatio": 0.1158084851, "totalOtherIncomeExpensesNet": 11724000, "incomeBeforeTax": 180678000, "incomeBeforeTaxRatio": 0.0964299495, "incomeTaxExpense": 69650000, "netIncome": 111028000, "netIncomeRatio": 0.0592569346, "eps": 0.8, "epsdiluted": 0.8, "weightedAverageShsOut": 137452500, "weightedAverageShsOutDil": 138127500, "link": "https://www.sec.gov/Archives/edgar/data/67716/000006771601500013/0000067716-01-500013-index.htm", "finalLink": "https://www.sec.gov/Archives/edgar/data/67716/000006771601500013/k10.txt", "calculatedOtherExpenses": 968293000, "calculatedOperatingExpenses": 968293000, "calculatedNetInterest": 0, "calculatedOtherIncome": -36309000, "calculatedIncomeNonControlling": 0, "calculatedEbitda": 327875000}, {"date": "1999-12-31", "symbol": "MDU", "reportedCurrency": "USD", "cik": "0000067716", "fillingDate": "2000-03-03", "acceptedDate": "2000-03-03 00:00:00", "calendarYear": "1999", "period": "FY", "revenue": 1279800000, "costOfRevenue": 401000000, "grossProfit": 878800000, "grossProfitRatio": 0.6866697922, "researchAndDevelopmentExpenses": 0, "generalAndAdministrativeExpenses": 0, "sellingAndMarketingExpenses": 0, "sellingGeneralAndAdministrativeExpenses": 0, "otherExpenses": 719000000, "operatingExpenses": 719000000, "costAndExpenses": 1120000000, "interestIncome": 0, "interestExpense": 0, "depreciationAndAmortization": 72200000, "ebitda": 232000000, "ebitdaratio": 0.1812783247, "operatingIncome": 159800000, "operatingIncomeRatio": 0.1248632599, "totalOtherIncomeExpensesNet": 9600000, "incomeBeforeTax": 133400000, "incomeBeforeTaxRatio": 0.1042350367, "incomeTaxExpense": 49300000, "netIncome": 84100000, "netIncomeRatio": 0.0657133927, "eps": 0.68, "epsdiluted": 0.68, "weightedAverageShsOut": 122883750, "weightedAverageShsOutDil": 123457500, "link": "https://www.sec.gov/Archives/edgar/data/67716/000006771600000008/0000067716-00-000008-index.html", "finalLink": "https://www.sec.gov/Archives/edgar/data/67716/000006771600000008/", "calculatedOtherExpenses": 719000000, "calculatedOperatingExpenses": 719000000, "calculatedNetInterest": 0, "calculatedOtherIncome": -26400000, "calculatedIncomeNonControlling": 0, "calculatedEbitda": 232000000}, {"date": "1998-12-31", "symbol": "MDU", "reportedCurrency": "USD", "cik": "0000067716", "fillingDate": "1999-03-04", "acceptedDate": "1999-03-04 00:00:00", "calendarYear": "1998", "period": "FY", "revenue": 896700000, "costOfRevenue": 208700000, "grossProfit": 688000000, "grossProfitRatio": 0.7672577228, "researchAndDevelopmentExpenses": 0, "generalAndAdministrativeExpenses": 0, "sellingAndMarketingExpenses": 0, "sellingGeneralAndAdministrativeExpenses": 0, "otherExpenses": 617000000, "operatingExpenses": 617000000, "costAndExpenses": 825700000, "interestIncome": 0, "interestExpense": 0, "depreciationAndAmortization": 66900000, "ebitda": 137900000, "ebitdaratio": 0.1537861046, "operatingIncome": 71000000, "operatingIncomeRatio": 0.0791792127, "totalOtherIncomeExpensesNet": 10900000, "incomeBeforeTax": 51600000, "incomeBeforeTaxRatio": 0.0575443292, "incomeTaxExpense": 17500000, "netIncome": 34100000, "netIncomeRatio": 0.0380283261, "eps": 0.29, "epsdiluted": 0.29, "weightedAverageShsOut": 113706000, "weightedAverageShsOutDil": 114383250, "link": "https://www.sec.gov/Archives/edgar/data/67716/000006771699000017/0000067716-99-000017-index.html", "finalLink": "https://www.sec.gov/Archives/edgar/data/67716/", "calculatedOtherExpenses": 617000000, "calculatedOperatingExpenses": 617000000, "calculatedNetInterest": 0, "calculatedOtherIncome": -19400000, "calculatedIncomeNonControlling": 0, "calculatedEbitda": 137900000}, {"date": "1997-12-31", "symbol": "MDU", "reportedCurrency": "USD", "cik": "0000067716", "fillingDate": "1998-03-06", "acceptedDate": "1998-03-06 00:00:00", "calendarYear": "1997", "period": "FY", "revenue": 607700000, "costOfRevenue": 122700000, "grossProfit": 485000000, "grossProfitRatio": 0.7980911634, "researchAndDevelopmentExpenses": 0, "generalAndAdministrativeExpenses": 0, "sellingAndMarketingExpenses": 0, "sellingGeneralAndAdministrativeExpenses": 0, "otherExpenses": 373500000, "operatingExpenses": 373500000, "costAndExpenses": 496200000, "interestIncome": 0, "interestExpense": 0, "depreciationAndAmortization": 61800000, "ebitda": 173300000, "ebitdaratio": 0.2851736054, "operatingIncome": 111500000, "operatingIncomeRatio": 0.1834786901, "totalOtherIncomeExpensesNet": 4000000, "incomeBeforeTax": 85300000, "incomeBeforeTaxRatio": 0.1403653118, "incomeTaxExpense": 30700000, "netIncome": 54600000, "netIncomeRatio": 0.089846964, "eps": 0.55, "epsdiluted": 0.55, "weightedAverageShsOut": 97458750, "weightedAverageShsOutDil": 97825500, "link": "https://www.sec.gov/Archives/edgar/data/67716/000006771698000009/0000067716-98-000009-index.html", "finalLink": "https://www.sec.gov/Archives/edgar/data/67716/", "calculatedOtherExpenses": 373500000, "calculatedOperatingExpenses": 373500000, "calculatedNetInterest": 0, "calculatedOtherIncome": -26200000, "calculatedIncomeNonControlling": 0, "calculatedEbitda": 173300000}, {"date": "1996-12-31", "symbol": "MDU", "reportedCurrency": "USD", "cik": "0000067716", "fillingDate": "1997-02-28", "acceptedDate": "1997-02-28 00:00:00", "calendarYear": "1996", "period": "FY", "revenue": 514700000, "costOfRevenue": 92900000, "grossProfit": 421800000, "grossProfitRatio": 0.8195065086, "researchAndDevelopmentExpenses": 0, "generalAndAdministrativeExpenses": 0, "sellingAndMarketingExpenses": 0, "sellingGeneralAndAdministrativeExpenses": 0, "otherExpenses": 310400000, "operatingExpenses": 310400000, "costAndExpenses": 403300000, "interestIncome": 0, "interestExpense": 0, "depreciationAndAmortization": 83800000, "ebitda": 195200000, "ebitdaratio": 0.3792500486, "operatingIncome": 111400000, "operatingIncomeRatio": 0.2164367593, "totalOtherIncomeExpensesNet": -21100000, "incomeBeforeTax": 61600000, "incomeBeforeTaxRatio": 0.1196813678, "incomeTaxExpense": 16100000, "netIncome": 45500000, "netIncomeRatio": 0.0884010103, "eps": 0.47, "epsdiluted": 0.47, "weightedAverageShsOut": 96109875, "weightedAverageShsOutDil": 96570129, "link": "https://www.sec.gov/Archives/edgar/data/67716/000006771697000002/0000067716-97-000002-index.html", "finalLink": "https://www.sec.gov/Archives/edgar/data/67716/", "calculatedOtherExpenses": 310400000, "calculatedOperatingExpenses": 310400000, "calculatedNetInterest": 0, "calculatedOtherIncome": -49800000, "calculatedIncomeNonControlling": 0, "calculatedEbitda": 195200000}, {"date": "1995-12-31", "symbol": "MDU", "reportedCurrency": "USD", "cik": "0000067716", "fillingDate": "1996-02-28", "acceptedDate": "1996-02-28 12:08:13", "calendarYear": "1995", "period": "FY", "revenue": 464300000, "costOfRevenue": 95300000, "grossProfit": 369000000, "grossProfitRatio": 0.7947447771, "researchAndDevelopmentExpenses": 0, "generalAndAdministrativeExpenses": 0, "sellingAndMarketingExpenses": 0, "sellingGeneralAndAdministrativeExpenses": 0, "otherExpenses": 278500000, "operatingExpenses": 278500000, "costAndExpenses": 373800000, "interestIncome": 0, "interestExpense": 0, "depreciationAndAmortization": 56000000, "ebitda": 146500000, "ebitdaratio": 0.315528753, "operatingIncome": 90500000, "operatingIncomeRatio": 0.1949170795, "totalOtherIncomeExpensesNet": -1200000, "incomeBeforeTax": 64700000, "incomeBeforeTaxRatio": 0.1393495585, "incomeTaxExpense": 23100000, "netIncome": 41600000, "netIncomeRatio": 0.0895972432, "eps": 0.42, "epsdiluted": 0.42, "weightedAverageShsOut": 96109875, "weightedAverageShsOutDil": 96764764, "link": "https://www.sec.gov/Archives/edgar/data/67716/000006771696000004/0000067716-96-000004-index.htm", "finalLink": "https://www.sec.gov/Archives/edgar/data/67716/000006771696000004/", "calculatedOtherExpenses": 278500000, "calculatedOperatingExpenses": 278500000, "calculatedNetInterest": 0, "calculatedOtherIncome": -25800000, "calculatedIncomeNonControlling": 0, "calculatedEbitda": 146500000}, {"date": "1994-12-31", "symbol": "MDU", "reportedCurrency": "USD", "cik": "0000067716", "fillingDate": "1995-03-02", "acceptedDate": "1995-03-02 00:00:00", "calendarYear": "1994", "period": "FY", "revenue": 449600000, "costOfRevenue": 96100000, "grossProfit": 353500000, "grossProfitRatio": 0.7862544484, "researchAndDevelopmentExpenses": 0, "generalAndAdministrativeExpenses": 0, "sellingAndMarketingExpenses": 0, "sellingGeneralAndAdministrativeExpenses": 0, "otherExpenses": 275300000, "operatingExpenses": 275300000, "costAndExpenses": 371400000, "interestIncome": 0, "interestExpense": 0, "depreciationAndAmortization": 42200000, "ebitda": 120400000, "ebitdaratio": 0.2677935943, "operatingIncome": 78200000, "operatingIncomeRatio": 0.1739323843, "totalOtherIncomeExpensesNet": 5900000, "incomeBeforeTax": 58600000, "incomeBeforeTaxRatio": 0.1303380783, "incomeTaxExpense": 18800000, "netIncome": 39800000, "netIncomeRatio": 0.0885231317, "eps": 0.41, "epsdiluted": 0.41, "weightedAverageShsOut": 96111562, "weightedAverageShsOutDil": 96334968, "link": "https://www.sec.gov/Archives/edgar/data/67716/000006771695000002/0000067716-95-000002-index.html", "finalLink": "https://www.sec.gov/Archives/edgar/data/67716/", "calculatedOtherExpenses": 275300000, "calculatedOperatingExpenses": 275300000, "calculatedNetInterest": 0, "calculatedOtherIncome": -19600000, "calculatedIncomeNonControlling": 0, "calculatedEbitda": 120400000}, {"date": "1993-12-31", "symbol": "MDU", "reportedCurrency": "USD", "cik": "0000067716", "fillingDate": "1994-03-03", "acceptedDate": "1994-03-03 00:00:00", "calendarYear": "1993", "period": "FY", "revenue": 439600000, "costOfRevenue": 0, "grossProfit": 439600000, "grossProfitRatio": 1, "researchAndDevelopmentExpenses": 0, "generalAndAdministrativeExpenses": 0, "sellingAndMarketingExpenses": 0, "sellingGeneralAndAdministrativeExpenses": 0, "otherExpenses": 0, "operatingExpenses": 0, "costAndExpenses": 0, "interestIncome": 0, "interestExpense": 0, "depreciationAndAmortization": 0, "ebitda": 439600000, "ebitdaratio": 1, "operatingIncome": 439600000, "operatingIncomeRatio": 1, "totalOtherIncomeExpensesNet": 0, "incomeBeforeTax": 0, "incomeBeforeTaxRatio": 0, "incomeTaxExpense": -44300000, "netIncome": 44300000, "netIncomeRatio": 0.1007734304, "eps": 0.45, "epsdiluted": 0.45, "weightedAverageShsOut": 96003814, "weightedAverageShsOutDil": 96003814, "link": "https://www.sec.gov/Archives/edgar/data/67716/000006771694000006/0000067716-94-000006-index.html", "finalLink": "https://www.sec.gov/Archives/edgar/data/67716/", "calculatedOtherExpenses": 0, "calculatedOperatingExpenses": 0, "calculatedNetInterest": 0, "calculatedOtherIncome": -439600000, "calculatedIncomeNonControlling": 0, "calculatedEbitda": 439600000}, {"date": "1992-12-31", "symbol": "MDU", "reportedCurrency": "USD", "cik": "0000067716", "fillingDate": "1992-12-31", "acceptedDate": "1992-12-30 19:00:00", "calendarYear": "1992", "period": "FY", "revenue": 352500000, "costOfRevenue": 0, "grossProfit": 352500000, "grossProfitRatio": 1, "researchAndDevelopmentExpenses": 0, "generalAndAdministrativeExpenses": 0, "sellingAndMarketingExpenses": 0, "sellingGeneralAndAdministrativeExpenses": 0, "otherExpenses": 0, "operatingExpenses": 0, "costAndExpenses": 0, "interestIncome": 0, "interestExpense": 0, "depreciationAndAmortization": 0, "ebitda": 352500000, "ebitdaratio": 1, "operatingIncome": 352500000, "operatingIncomeRatio": 1, "totalOtherIncomeExpensesNet": 0, "incomeBeforeTax": 0, "incomeBeforeTaxRatio": 0, "incomeTaxExpense": -35400000, "netIncome": 35400000, "netIncomeRatio": 0.1004255319, "eps": 0.36, "epsdiluted": 0.36, "weightedAverageShsOut": 96159191, "weightedAverageShsOutDil": 96159191, "link": "", "finalLink": "", "calculatedOtherExpenses": 0, "calculatedOperatingExpenses": 0, "calculatedNetInterest": 0, "calculatedOtherIncome": -352500000, "calculatedIncomeNonControlling": 0, "calculatedEbitda": 352500000}, {"date": "1991-12-31", "symbol": "MDU", "reportedCurrency": "USD", "cik": "0000067716", "fillingDate": "1991-12-31", "acceptedDate": "1991-12-30 19:00:00", "calendarYear": "1991", "period": "FY", "revenue": 367300000, "costOfRevenue": 0, "grossProfit": 367300000, "grossProfitRatio": 1, "researchAndDevelopmentExpenses": 0, "generalAndAdministrativeExpenses": 0, "sellingAndMarketingExpenses": 0, "sellingGeneralAndAdministrativeExpenses": 0, "otherExpenses": 0, "operatingExpenses": 0, "costAndExpenses": 0, "interestIncome": 0, "interestExpense": 0, "depreciationAndAmortization": 0, "ebitda": 367300000, "ebitdaratio": 1, "operatingIncome": 367300000, "operatingIncomeRatio": 1, "totalOtherIncomeExpensesNet": 0, "incomeBeforeTax": 0, "incomeBeforeTaxRatio": 0, "incomeTaxExpense": -38000000, "netIncome": 38000000, "netIncomeRatio": 0.103457664, "eps": 0.39, "epsdiluted": 0.39, "weightedAverageShsOut": 96255107, "weightedAverageShsOutDil": 96255107, "link": "", "finalLink": "", "calculatedOtherExpenses": 0, "calculatedOperatingExpenses": 0, "calculatedNetInterest": 0, "calculatedOtherIncome": -367300000, "calculatedIncomeNonControlling": 0, "calculatedEbitda": 367300000}, {"date": "1990-12-31", "symbol": "MDU", "reportedCurrency": "USD", "cik": "0000067716", "fillingDate": "1990-12-31", "acceptedDate": "1990-12-30 19:00:00", "calendarYear": "1990", "period": "FY", "revenue": 329200000, "costOfRevenue": 0, "grossProfit": 329200000, "grossProfitRatio": 1, "researchAndDevelopmentExpenses": 0, "generalAndAdministrativeExpenses": 0, "sellingAndMarketingExpenses": 0, "sellingGeneralAndAdministrativeExpenses": 0, "otherExpenses": 0, "operatingExpenses": 0, "costAndExpenses": 0, "interestIncome": 0, "interestExpense": 0, "depreciationAndAmortization": 0, "ebitda": 329200000, "ebitdaratio": 1, "operatingIncome": 329200000, "operatingIncomeRatio": 1, "totalOtherIncomeExpensesNet": 0, "incomeBeforeTax": 0, "incomeBeforeTaxRatio": 0, "incomeTaxExpense": -27900000, "netIncome": 27900000, "netIncomeRatio": 0.0847509113, "eps": 0.28, "epsdiluted": 0.28, "weightedAverageShsOut": 96834131, "weightedAverageShsOutDil": 96834131, "link": "", "finalLink": "", "calculatedOtherExpenses": 0, "calculatedOperatingExpenses": 0, "calculatedNetInterest": 0, "calculatedOtherIncome": -329200000, "calculatedIncomeNonControlling": 0, "calculatedEbitda": 329200000}, {"date": "1989-12-31", "symbol": "MDU", "reportedCurrency": "USD", "cik": "0000067716", "fillingDate": "1989-12-31", "acceptedDate": "1989-12-30 19:00:00", "calendarYear": "1989", "period": "FY", "revenue": 338300000, "costOfRevenue": 0, "grossProfit": 338300000, "grossProfitRatio": 1, "researchAndDevelopmentExpenses": 0, "generalAndAdministrativeExpenses": 0, "sellingAndMarketingExpenses": 0, "sellingGeneralAndAdministrativeExpenses": 0, "otherExpenses": 0, "operatingExpenses": 0, "costAndExpenses": 0, "interestIncome": 0, "interestExpense": 0, "depreciationAndAmortization": 0, "ebitda": 338300000, "ebitdaratio": 1, "operatingIncome": 338300000, "operatingIncomeRatio": 1, "totalOtherIncomeExpensesNet": 0, "incomeBeforeTax": 0, "incomeBeforeTaxRatio": 0, "incomeTaxExpense": -36700000, "netIncome": 36700000, "netIncomeRatio": 0.1084835944, "eps": 0.37, "epsdiluted": 0.37, "weightedAverageShsOut": 95940999, "weightedAverageShsOutDil": 95940999, "link": "", "finalLink": "", "calculatedOtherExpenses": 0, "calculatedOperatingExpenses": 0, "calculatedNetInterest": 0, "calculatedOtherIncome": -338300000, "calculatedIncomeNonControlling": 0, "calculatedEbitda": 338300000}, {"date": "1988-12-31", "symbol": "MDU", "reportedCurrency": "USD", "cik": "0000067716", "fillingDate": "1988-12-31", "acceptedDate": "1988-12-30 19:00:00", "calendarYear": "1988", "period": "FY", "revenue": 343800000, "costOfRevenue": 0, "grossProfit": 343800000, "grossProfitRatio": 1, "researchAndDevelopmentExpenses": 0, "generalAndAdministrativeExpenses": 0, "sellingAndMarketingExpenses": 0, "sellingGeneralAndAdministrativeExpenses": 0, "otherExpenses": 0, "operatingExpenses": 0, "costAndExpenses": 0, "interestIncome": 0, "interestExpense": 0, "depreciationAndAmortization": 0, "ebitda": 343800000, "ebitdaratio": 1, "operatingIncome": 343800000, "operatingIncomeRatio": 1, "totalOtherIncomeExpensesNet": 0, "incomeBeforeTax": 0, "incomeBeforeTaxRatio": 0, "incomeTaxExpense": -34900000, "netIncome": 34900000, "netIncomeRatio": 0.1015125073, "eps": 0.36, "epsdiluted": 0.36, "weightedAverageShsOut": 93935857, "weightedAverageShsOutDil": 93935857, "link": "", "finalLink": "", "calculatedOtherExpenses": 0, "calculatedOperatingExpenses": 0, "calculatedNetInterest": 0, "calculatedOtherIncome": -343800000, "calculatedIncomeNonControlling": 0, "calculatedEbitda": 343800000}, {"date": "1987-12-31", "symbol": "MDU", "reportedCurrency": "USD", "cik": "0000067716", "fillingDate": "1987-12-31", "acceptedDate": "1987-12-30 19:00:00", "calendarYear": "1987", "period": "FY", "revenue": 325500000, "costOfRevenue": 0, "grossProfit": 325500000, "grossProfitRatio": 1, "researchAndDevelopmentExpenses": 0, "generalAndAdministrativeExpenses": 0, "sellingAndMarketingExpenses": 0, "sellingGeneralAndAdministrativeExpenses": 0, "otherExpenses": 0, "operatingExpenses": 0, "costAndExpenses": 0, "interestIncome": 0, "interestExpense": 0, "depreciationAndAmortization": 0, "ebitda": 325500000, "ebitdaratio": 1, "operatingIncome": 325500000, "operatingIncomeRatio": 1, "totalOtherIncomeExpensesNet": 0, "incomeBeforeTax": 0, "incomeBeforeTaxRatio": 0, "incomeTaxExpense": -27900000, "netIncome": 27900000, "netIncomeRatio": 0.0857142857, "eps": 0.29, "epsdiluted": 0.29, "weightedAverageShsOut": 91430471, "weightedAverageShsOutDil": 91430471, "link": "", "finalLink": "", "calculatedOtherExpenses": 0, "calculatedOperatingExpenses": 0, "calculatedNetInterest": 0, "calculatedOtherIncome": -325500000, "calculatedIncomeNonControlling": 0, "calculatedEbitda": 325500000}, {"date": "1986-12-31", "symbol": "MDU", "reportedCurrency": "USD", "cik": "0000067716", "fillingDate": "1986-12-31", "acceptedDate": "1986-12-30 19:00:00", "calendarYear": "1986", "period": "FY", "revenue": 363500000, "costOfRevenue": 0, "grossProfit": 363500000, "grossProfitRatio": 1, "researchAndDevelopmentExpenses": 0, "generalAndAdministrativeExpenses": 0, "sellingAndMarketingExpenses": 0, "sellingGeneralAndAdministrativeExpenses": 0, "otherExpenses": 0, "operatingExpenses": 0, "costAndExpenses": 0, "interestIncome": 0, "interestExpense": 0, "depreciationAndAmortization": 0, "ebitda": 363500000, "ebitdaratio": 1, "operatingIncome": 363500000, "operatingIncomeRatio": 1, "totalOtherIncomeExpensesNet": 0, "incomeBeforeTax": 0, "incomeBeforeTaxRatio": 0, "incomeTaxExpense": -37900000, "netIncome": 37900000, "netIncomeRatio": 0.104264099, "eps": 0.38, "epsdiluted": 0.38, "weightedAverageShsOut": 88720805, "weightedAverageShsOutDil": 88720805, "link": "", "finalLink": "", "calculatedOtherExpenses": 0, "calculatedOperatingExpenses": 0, "calculatedNetInterest": 0, "calculatedOtherIncome": -363500000, "calculatedIncomeNonControlling": 0, "calculatedEbitda": 363500000}, {"date": "1985-12-31", "symbol": "MDU", "reportedCurrency": "USD", "cik": "0000067716", "fillingDate": "1985-12-31", "acceptedDate": "1985-12-30 19:00:00", "calendarYear": "1985", "period": "FY", "revenue": 409100000, "costOfRevenue": 0, "grossProfit": 409100000, "grossProfitRatio": 1, "researchAndDevelopmentExpenses": 0, "generalAndAdministrativeExpenses": 0, "sellingAndMarketingExpenses": 0, "sellingGeneralAndAdministrativeExpenses": 0, "otherExpenses": 0, "operatingExpenses": 0, "costAndExpenses": 0, "interestIncome": 0, "interestExpense": 0, "depreciationAndAmortization": 0, "ebitda": 409100000, "ebitdaratio": 1, "operatingIncome": 409100000, "operatingIncomeRatio": 1, "totalOtherIncomeExpensesNet": 0, "incomeBeforeTax": 0, "incomeBeforeTaxRatio": 0, "incomeTaxExpense": -41200000, "netIncome": 41200000, "netIncomeRatio": 0.1007088731, "eps": 0.42, "epsdiluted": 0.42, "weightedAverageShsOut": 86490636, "weightedAverageShsOutDil": 86490636, "link": "", "finalLink": "", "calculatedOtherExpenses": 0, "calculatedOperatingExpenses": 0, "calculatedNetInterest": 0, "calculatedOtherIncome": -409100000, "calculatedIncomeNonControlling": 0, "calculatedEbitda": 409100000}]}