{"originalCurrency": "USD", "convertedCurrency": "USD", "report": [{"date": "2023-12-31", "symbol": "MEDP", "reportedCurrency": "USD", "cik": "0001668397", "fillingDate": "2024-02-12", "acceptedDate": "2024-02-12 16:15:53", "calendarYear": "2023", "period": "FY", "revenue": 1885842000, "costOfRevenue": 1361337000, "grossProfit": 524505000, "grossProfitRatio": 0.2781277541, "researchAndDevelopmentExpenses": 0, "generalAndAdministrativeExpenses": 159852000, "sellingAndMarketingExpenses": 1500000, "sellingGeneralAndAdministrativeExpenses": 161352000, "otherExpenses": 1274000, "operatingExpenses": 187680000, "costAndExpenses": 1549017000, "interestIncome": 0, "interestExpense": -488000, "depreciationAndAmortization": 26328000, "ebitda": 365082000, "ebitdaratio": 0.1935909795, "operatingIncome": 336825000, "operatingIncomeRatio": 0.1786072216, "totalOtherIncomeExpensesNet": -655000, "incomeBeforeTax": 335682000, "incomeBeforeTaxRatio": 0.1780011263, "incomeTaxExpense": 52872000, "netIncome": 282810000, "netIncomeRatio": 0.1499648433, "eps": 9.2, "epsdiluted": 8.88, "weightedAverageShsOut": 30722000, "weightedAverageShsOutDil": 31841000, "link": "https://www.sec.gov/Archives/edgar/data/1668397/000166839724000008/0001668397-24-000008-index.htm", "finalLink": "https://www.sec.gov/Archives/edgar/data/1668397/000166839724000008/medp-20240212exx991.htm", "calculatedOtherExpenses": 26328000, "calculatedOperatingExpenses": 187680000, "calculatedNetInterest": 488000, "calculatedOtherIncome": -1631000, "calculatedIncomeNonControlling": 0, "calculatedEbitda": 363153000}, {"date": "2022-12-31", "symbol": "MEDP", "reportedCurrency": "USD", "cik": "0001668397", "fillingDate": "2022-12-31", "acceptedDate": "2022-12-31 00:00:00", "calendarYear": "2022", "period": "FY", "revenue": 1459996000, "costOfRevenue": 1027558000, "grossProfit": 432438000, "grossProfitRatio": 0.2961912224, "researchAndDevelopmentExpenses": 0, "generalAndAdministrativeExpenses": 130100000, "sellingAndMarketingExpenses": 1300000, "sellingGeneralAndAdministrativeExpenses": 131400000, "otherExpenses": 22341000, "operatingExpenses": 153741000, "costAndExpenses": 1181299000, "interestIncome": 2905000, "interestExpense": 2905000, "depreciationAndAmortization": 22341000, "ebitda": 301038000, "ebitdaratio": 0.2061909759, "operatingIncome": 278697000, "operatingIncomeRatio": 0.1908888791, "totalOtherIncomeExpensesNet": 4163000, "incomeBeforeTax": 282860000, "incomeBeforeTaxRatio": 0.1937402568, "incomeTaxExpense": 37492000, "netIncome": 245368000, "netIncomeRatio": 0.1680607344, "eps": 7.57, "epsdiluted": 7.28, "weightedAverageShsOut": 32387999, "weightedAverageShsOutDil": 33671000, "link": null, "finalLink": null, "calculatedOtherExpenses": 22341000, "calculatedOperatingExpenses": 153741000, "calculatedNetInterest": 0, "calculatedOtherIncome": 4163000, "calculatedIncomeNonControlling": 0, "calculatedEbitda": 301038000}, {"date": "2021-12-31", "symbol": "MEDP", "reportedCurrency": "USD", "cik": "0001668397", "fillingDate": "2022-02-15", "acceptedDate": "2022-02-15 16:06:17", "calendarYear": "2021", "period": "FY", "revenue": 1142377000, "costOfRevenue": 814222000, "grossProfit": 328155000, "grossProfitRatio": 0.2872563086, "researchAndDevelopmentExpenses": 0, "generalAndAdministrativeExpenses": 107221000, "sellingAndMarketingExpenses": 1200000, "sellingGeneralAndAdministrativeExpenses": 108421000, "otherExpenses": 21119000, "operatingExpenses": 129540000, "costAndExpenses": 943762000, "interestIncome": 105000, "interestExpense": -105000, "depreciationAndAmortization": 21119000, "ebitda": 219734000, "ebitdaratio": 0.1923480602, "operatingIncome": 198615000, "operatingIncomeRatio": 0.1738611684, "totalOtherIncomeExpensesNet": 3237000, "incomeBeforeTax": 201852000, "incomeBeforeTaxRatio": 0.1766947339, "incomeTaxExpense": 20004000, "netIncome": 181848000, "netIncomeRatio": 0.1591838771, "eps": 5.06, "epsdiluted": 4.81, "weightedAverageShsOut": 35862000, "weightedAverageShsOutDil": 37697000, "link": "https://www.sec.gov/Archives/edgar/data/1668397/000095017022001280/0000950170-22-001280-index.htm", "finalLink": "https://www.sec.gov/Archives/edgar/data/1668397/000095017022001280/medp-20211231.htm", "calculatedOtherExpenses": 21119000, "calculatedOperatingExpenses": 129540000, "calculatedNetInterest": 210000, "calculatedOtherIncome": 3027000, "calculatedIncomeNonControlling": 0, "calculatedEbitda": 219734000}, {"date": "2020-12-31", "symbol": "MEDP", "reportedCurrency": "USD", "cik": "0001668397", "fillingDate": "2021-02-16", "acceptedDate": "2021-02-16 16:11:26", "calendarYear": "2020", "period": "FY", "revenue": 925925000, "costOfRevenue": 647199000, "grossProfit": 278726000, "grossProfitRatio": 0.301024381, "researchAndDevelopmentExpenses": 0, "generalAndAdministrativeExpenses": 91456000, "sellingAndMarketingExpenses": 700000, "sellingGeneralAndAdministrativeExpenses": 92156000, "otherExpenses": 19528000, "operatingExpenses": 111684000, "costAndExpenses": 758883000, "interestIncome": 307000, "interestExpense": 307000, "depreciationAndAmortization": 19528000, "ebitda": 186570000, "ebitdaratio": 0.2014958015, "operatingIncome": 167042000, "operatingIncomeRatio": 0.1804055404, "totalOtherIncomeExpensesNet": 1490000, "incomeBeforeTax": 168532000, "incomeBeforeTaxRatio": 0.182014742, "incomeTaxExpense": 23148000, "netIncome": 145384000, "netIncomeRatio": 0.157014877, "eps": 4.07, "epsdiluted": 3.84, "weightedAverageShsOut": 35635000, "weightedAverageShsOutDil": 37708000, "link": "https://www.sec.gov/Archives/edgar/data/1668397/000156459021006072/0001564590-21-006072-index.htm", "finalLink": "https://www.sec.gov/Archives/edgar/data/1668397/000156459021006072/medp-10k_20201231.htm", "calculatedOtherExpenses": 19528000, "calculatedOperatingExpenses": 111684000, "calculatedNetInterest": 0, "calculatedOtherIncome": 1490000, "calculatedIncomeNonControlling": 0, "calculatedEbitda": 186570000}, {"date": "2019-12-31", "symbol": "MEDP", "reportedCurrency": "USD", "cik": "0001668397", "fillingDate": "2020-02-25", "acceptedDate": "2020-02-25 16:07:38", "calendarYear": "2019", "period": "FY", "revenue": 860969000, "costOfRevenue": 615272000, "grossProfit": 245697000, "grossProfitRatio": 0.2853726441, "researchAndDevelopmentExpenses": 0, "generalAndAdministrativeExpenses": 94545000, "sellingAndMarketingExpenses": 700000, "sellingGeneralAndAdministrativeExpenses": 95245000, "otherExpenses": 23189000, "operatingExpenses": 118434000, "costAndExpenses": 733706000, "interestIncome": 1568000, "interestExpense": 1568000, "depreciationAndAmortization": 23189000, "ebitda": 150452000, "ebitdaratio": 0.1747472906, "operatingIncome": 127263000, "operatingIncomeRatio": 0.1478136843, "totalOtherIncomeExpensesNet": -2431000, "incomeBeforeTax": 124832000, "incomeBeforeTaxRatio": 0.1449901216, "incomeTaxExpense": 24389000, "netIncome": 100443000, "netIncomeRatio": 0.116662737, "eps": 2.79, "epsdiluted": 2.67, "weightedAverageShsOut": 35881000, "weightedAverageShsOutDil": 37576000, "link": "https://www.sec.gov/Archives/edgar/data/1668397/000156459020006385/0001564590-20-006385-index.htm", "finalLink": "https://www.sec.gov/Archives/edgar/data/1668397/000156459020006385/medp-10k_20191231.htm", "calculatedOtherExpenses": 23189000, "calculatedOperatingExpenses": 118434000, "calculatedNetInterest": 0, "calculatedOtherIncome": -2431000, "calculatedIncomeNonControlling": 0, "calculatedEbitda": 150452000}, {"date": "2018-12-31", "symbol": "MEDP", "reportedCurrency": "USD", "cik": "0001668397", "fillingDate": "2019-02-26", "acceptedDate": "2019-02-26 16:04:36", "calendarYear": "2018", "period": "FY", "revenue": 704589000, "costOfRevenue": 489059000, "grossProfit": 215530000, "grossProfitRatio": 0.3058946421, "researchAndDevelopmentExpenses": 0, "generalAndAdministrativeExpenses": 75681000, "sellingAndMarketingExpenses": 0, "sellingGeneralAndAdministrativeExpenses": 75681000, "otherExpenses": 1060000, "operatingExpenses": 114482000, "costAndExpenses": 603541000, "interestIncome": 0, "interestExpense": 8157000, "depreciationAndAmortization": 38801000, "ebitda": 140909000, "ebitdaratio": 0.1999875104, "operatingIncome": 101048000, "operatingIncomeRatio": 0.1434141038, "totalOtherIncomeExpensesNet": 1060000, "incomeBeforeTax": 93951000, "incomeBeforeTaxRatio": 0.1333415651, "incomeTaxExpense": 20766000, "netIncome": 73185000, "netIncomeRatio": 0.1038690641, "eps": 2.06, "epsdiluted": 1.98, "weightedAverageShsOut": 35547000, "weightedAverageShsOutDil": 36912000, "link": "https://www.sec.gov/Archives/edgar/data/1668397/000156459019004451/0001564590-19-004451-index.htm", "finalLink": "https://www.sec.gov/Archives/edgar/data/1668397/000156459019004451/medp-10k_20181231.htm", "calculatedOtherExpenses": 38801000, "calculatedOperatingExpenses": 114482000, "calculatedNetInterest": -8157000, "calculatedOtherIncome": 1060000, "calculatedIncomeNonControlling": 0, "calculatedEbitda": 139849000}, {"date": "2017-12-31", "symbol": "MEDP", "reportedCurrency": "USD", "cik": "0001668397", "fillingDate": "2018-02-27", "acceptedDate": "2018-02-27 16:06:52", "calendarYear": "2017", "period": "FY", "revenue": 436152000, "costOfRevenue": 261463000, "grossProfit": 174689000, "grossProfitRatio": 0.4005232121, "researchAndDevelopmentExpenses": 0, "generalAndAdministrativeExpenses": 63357000, "sellingAndMarketingExpenses": 0, "sellingGeneralAndAdministrativeExpenses": 63357000, "otherExpenses": -354000, "operatingExpenses": 109831000, "costAndExpenses": 371294000, "interestIncome": 0, "interestExpense": 7559000, "depreciationAndAmortization": 46474000, "ebitda": 110978000, "ebitdaratio": 0.2544479906, "operatingIncome": 64858000, "operatingIncomeRatio": 0.1487050386, "totalOtherIncomeExpensesNet": -354000, "incomeBeforeTax": 56945000, "incomeBeforeTaxRatio": 0.130562281, "incomeTaxExpense": 17823000, "netIncome": 39122000, "netIncomeRatio": 0.0896980869, "eps": 1, "epsdiluted": 0.98, "weightedAverageShsOut": 39056000, "weightedAverageShsOutDil": 39839000, "link": "https://www.sec.gov/Archives/edgar/data/1668397/000156459018003500/0001564590-18-003500-index.htm", "finalLink": "https://www.sec.gov/Archives/edgar/data/1668397/000156459018003500/medp-10k_20171231.htm", "calculatedOtherExpenses": 46474000, "calculatedOperatingExpenses": 109831000, "calculatedNetInterest": -7559000, "calculatedOtherIncome": -354000, "calculatedIncomeNonControlling": 0, "calculatedEbitda": 111332000}, {"date": "2016-12-31", "symbol": "MEDP", "reportedCurrency": "USD", "cik": "0001668397", "fillingDate": "2017-02-28", "acceptedDate": "2017-02-28 16:02:16", "calendarYear": "2016", "period": "FY", "revenue": 421582000, "costOfRevenue": 249471000, "grossProfit": 172111000, "grossProfitRatio": 0.4082503522, "researchAndDevelopmentExpenses": 0, "generalAndAdministrativeExpenses": 61507000, "sellingAndMarketingExpenses": 0, "sellingGeneralAndAdministrativeExpenses": 61507000, "otherExpenses": -423000, "operatingExpenses": 119621000, "costAndExpenses": 369092000, "interestIncome": 0, "interestExpense": 19384000, "depreciationAndAmortization": 58114000, "ebitda": 110181000, "ebitdaratio": 0.2613512911, "operatingIncome": 52490000, "operatingIncomeRatio": 0.1245072133, "totalOtherIncomeExpensesNet": -11149000, "incomeBeforeTax": 21957000, "incomeBeforeTaxRatio": 0.0520823944, "incomeTaxExpense": 8532000, "netIncome": 13425000, "netIncomeRatio": 0.0318443387, "eps": 0.38, "epsdiluted": 0.37, "weightedAverageShsOut": 35690000, "weightedAverageShsOutDil": 36329000, "link": "https://www.sec.gov/Archives/edgar/data/1668397/000156459017002839/0001564590-17-002839-index.htm", "finalLink": "https://www.sec.gov/Archives/edgar/data/1668397/000156459017002839/medp-10k_20161231.htm", "calculatedOtherExpenses": 58114000, "calculatedOperatingExpenses": 119621000, "calculatedNetInterest": -19384000, "calculatedOtherIncome": -11149000, "calculatedIncomeNonControlling": 0, "calculatedEbitda": 110604000}, {"date": "2015-12-31", "symbol": "MEDP", "reportedCurrency": "USD", "cik": "0001668397", "fillingDate": "2015-12-31", "acceptedDate": "2015-12-31 00:00:00", "calendarYear": "2015", "period": "FY", "revenue": 359059000, "costOfRevenue": 202665000, "grossProfit": 156394000, "grossProfitRatio": 0.4355662997, "researchAndDevelopmentExpenses": 0, "generalAndAdministrativeExpenses": 0, "sellingAndMarketingExpenses": 0, "sellingGeneralAndAdministrativeExpenses": 56998000, "otherExpenses": 174000, "operatingExpenses": 126519000, "costAndExpenses": 329184000, "interestIncome": 0, "interestExpense": 27259000, "depreciationAndAmortization": 69521000, "ebitda": 99570000, "ebitdaratio": 0.2773081861, "operatingIncome": 20562000, "operatingIncomeRatio": 0.0572663546, "totalOtherIncomeExpensesNet": -10446000, "incomeBeforeTax": -7830000, "incomeBeforeTaxRatio": -0.0218070011, "incomeTaxExpense": 843000, "netIncome": -8673000, "netIncomeRatio": -0.0241548046, "eps": -0.22, "epsdiluted": -0.22, "weightedAverageShsOut": 39631000, "weightedAverageShsOutDil": 39631000, "link": null, "finalLink": null, "calculatedOtherExpenses": 78834000, "calculatedOperatingExpenses": 135832000, "calculatedNetInterest": -27259000, "calculatedOtherIncome": -1133000, "calculatedIncomeNonControlling": 0, "calculatedEbitda": 90083000}, {"date": "2013-12-31", "symbol": "MEDP", "reportedCurrency": "USD", "cik": "0001668397", "fillingDate": "2013-12-31", "acceptedDate": "2013-12-31 00:00:00", "calendarYear": "2013", "period": "FY", "revenue": 272890000, "costOfRevenue": 148399000, "grossProfit": 124491000, "grossProfitRatio": 0.4561948038, "researchAndDevelopmentExpenses": 0, "generalAndAdministrativeExpenses": 0, "sellingAndMarketingExpenses": 0, "sellingGeneralAndAdministrativeExpenses": 35109000, "otherExpenses": 2393000, "operatingExpenses": 65628000, "costAndExpenses": 214027000, "interestIncome": 0, "interestExpense": 18000000, "depreciationAndAmortization": 30519000, "ebitda": 91775000, "ebitdaratio": 0.3363076698, "operatingIncome": 58863000, "operatingIncomeRatio": 0.2157022976, "totalOtherIncomeExpensesNet": -1718000, "incomeBeforeTax": 39145000, "incomeBeforeTaxRatio": 0.1434460772, "incomeTaxExpense": 14301000, "netIncome": 24844000, "netIncomeRatio": 0.0910403459, "eps": 0.65, "epsdiluted": 0.65, "weightedAverageShsOut": 38346000, "weightedAverageShsOutDil": 38346000, "link": null, "finalLink": null, "calculatedOtherExpenses": 30519000, "calculatedOperatingExpenses": 65628000, "calculatedNetInterest": -18000000, "calculatedOtherIncome": -1718000, "calculatedIncomeNonControlling": 0, "calculatedEbitda": 89382000}]}