{"originalCurrency": "USD", "convertedCurrency": "USD", "report": [{"date": "2023-12-31", "symbol": "MET", "reportedCurrency": "USD", "cik": "0001099219", "fillingDate": "2024-02-16", "acceptedDate": "2024-02-15 18:42:43", "calendarYear": "2023", "period": "FY", "revenue": 66407000000, "costOfRevenue": 0, "grossProfit": 66407000000, "grossProfitRatio": 1, "researchAndDevelopmentExpenses": 0, "generalAndAdministrativeExpenses": 6177000000, "sellingAndMarketingExpenses": 0, "sellingGeneralAndAdministrativeExpenses": 6177000000, "otherExpenses": -70941000000, "operatingExpenses": -64764000000, "costAndExpenses": 64245000000, "interestIncome": 0, "interestExpense": 1045000000, "depreciationAndAmortization": 718000000, "ebitda": 2361000000, "ebitdaratio": 0.0355534808, "operatingIncome": 1643000000, "operatingIncomeRatio": 0.0247413676, "totalOtherIncomeExpensesNet": 297000000, "incomeBeforeTax": 2162000000, "incomeBeforeTaxRatio": 0.0325568088, "incomeTaxExpense": 560000000, "netIncome": 1578000000, "netIncomeRatio": 0.0237625552, "eps": 1.82, "epsdiluted": 1.81, "weightedAverageShsOut": 757700000, "weightedAverageShsOutDil": 762300000, "link": "https://www.sec.gov/Archives/edgar/data/1099219/000109921924000035/0001099219-24-000035-index.htm", "finalLink": "https://www.sec.gov/Archives/edgar/data/1099219/000109921924000035/met-20231231.htm", "calculatedOtherExpenses": 58587000000, "calculatedOperatingExpenses": 64764000000, "calculatedNetInterest": -1045000000, "calculatedOtherIncome": 1564000000, "calculatedIncomeNonControlling": 24000000, "calculatedEbitda": 2361000000}, {"date": "2022-12-31", "symbol": "MET", "reportedCurrency": "USD", "cik": "0001099219", "fillingDate": "2023-02-23", "acceptedDate": "2023-02-23 17:11:40", "calendarYear": "2022", "period": "FY", "revenue": 69898000000, "costOfRevenue": 0, "grossProfit": 69898000000, "grossProfitRatio": 1, "researchAndDevelopmentExpenses": 0, "generalAndAdministrativeExpenses": 5891000000, "sellingAndMarketingExpenses": 0, "sellingGeneralAndAdministrativeExpenses": 5891000000, "otherExpenses": 67039000000, "operatingExpenses": 67039000000, "costAndExpenses": 67039000000, "interestIncome": 938000000, "interestExpense": 938000000, "depreciationAndAmortization": 673000000, "ebitda": 3778000000, "ebitdaratio": 0.0540501874, "operatingIncome": 3105000000, "operatingIncomeRatio": 0.0444218719, "totalOtherIncomeExpensesNet": -246000000, "incomeBeforeTax": 2859000000, "incomeBeforeTaxRatio": 0.0409024579, "incomeTaxExpense": 301000000, "netIncome": 2354000000, "netIncomeRatio": 0.0336776446, "eps": 2.93, "epsdiluted": 2.91, "weightedAverageShsOut": 803200000, "weightedAverageShsOutDil": 808900000, "link": "https://www.sec.gov/Archives/edgar/data/1099219/000109921923000045/0001099219-23-000045-index.htm", "finalLink": "https://www.sec.gov/Archives/edgar/data/1099219/000109921923000045/met-20221231.htm", "calculatedOtherExpenses": 60902000000, "calculatedOperatingExpenses": 66793000000, "calculatedNetInterest": 0, "calculatedOtherIncome": -246000000, "calculatedIncomeNonControlling": 204000000, "calculatedEbitda": 3778000000}, {"date": "2021-12-31", "symbol": "MET", "reportedCurrency": "USD", "cik": "0001099219", "fillingDate": "2022-02-18", "acceptedDate": "2022-02-17 19:16:46", "calendarYear": "2021", "period": "FY", "revenue": 71080000000, "costOfRevenue": 0, "grossProfit": 71080000000, "grossProfitRatio": 1, "researchAndDevelopmentExpenses": 0, "generalAndAdministrativeExpenses": 5771000000, "sellingAndMarketingExpenses": 0, "sellingGeneralAndAdministrativeExpenses": 5771000000, "otherExpenses": -71365000000, "operatingExpenses": -65594000000, "costAndExpenses": 62954000000, "interestIncome": 920000000, "interestExpense": 920000000, "depreciationAndAmortization": 694000000, "ebitda": 6180000000, "ebitdaratio": 0.0869442881, "operatingIncome": 5486000000, "operatingIncomeRatio": 0.0771806415, "totalOtherIncomeExpensesNet": 2640000000, "incomeBeforeTax": 8126000000, "incomeBeforeTaxRatio": 0.1143218908, "incomeTaxExpense": 1551000000, "netIncome": 6855000000, "netIncomeRatio": 0.0964406303, "eps": 7.36, "epsdiluted": 7.31, "weightedAverageShsOut": 862700000, "weightedAverageShsOutDil": 869400000, "link": "https://www.sec.gov/Archives/edgar/data/1099219/000109921922000014/0001099219-22-000014-index.htm", "finalLink": "https://www.sec.gov/Archives/edgar/data/1099219/000109921922000014/met-20211231.htm", "calculatedOtherExpenses": 59823000000, "calculatedOperatingExpenses": 65594000000, "calculatedNetInterest": 0, "calculatedOtherIncome": 2640000000, "calculatedIncomeNonControlling": -280000000, "calculatedEbitda": 6180000000}, {"date": "2020-12-31", "symbol": "MET", "reportedCurrency": "USD", "cik": "0001099219", "fillingDate": "2021-02-19", "acceptedDate": "2021-02-18 19:36:42", "calendarYear": "2020", "period": "FY", "revenue": 67842000000, "costOfRevenue": 0, "grossProfit": 67842000000, "grossProfitRatio": 1, "researchAndDevelopmentExpenses": 0, "generalAndAdministrativeExpenses": 5775000000, "sellingAndMarketingExpenses": 0, "sellingGeneralAndAdministrativeExpenses": 5775000000, "otherExpenses": -68550000000, "operatingExpenses": -62775000000, "costAndExpenses": 60915000000, "interestIncome": 913000000, "interestExpense": 913000000, "depreciationAndAmortization": 619000000, "ebitda": 5686000000, "ebitdaratio": 0.0838123876, "operatingIncome": 5067000000, "operatingIncomeRatio": 0.0746882462, "totalOtherIncomeExpensesNet": 1860000000, "incomeBeforeTax": 6927000000, "incomeBeforeTaxRatio": 0.1021048908, "incomeTaxExpense": 1509000000, "netIncome": 5407000000, "netIncomeRatio": 0.0796998909, "eps": 5.72, "epsdiluted": 5.68, "weightedAverageShsOut": 907800000, "weightedAverageShsOutDil": 913200000, "link": "https://www.sec.gov/Archives/edgar/data/1099219/000109921921000050/0001099219-21-000050-index.htm", "finalLink": "https://www.sec.gov/Archives/edgar/data/1099219/000109921921000050/met-20201231.htm", "calculatedOtherExpenses": 57000000000, "calculatedOperatingExpenses": 62775000000, "calculatedNetInterest": 0, "calculatedOtherIncome": 1860000000, "calculatedIncomeNonControlling": 11000000, "calculatedEbitda": 5686000000}, {"date": "2019-12-31", "symbol": "MET", "reportedCurrency": "USD", "cik": "0001099219", "fillingDate": "2020-02-21", "acceptedDate": "2020-02-20 19:45:09", "calendarYear": "2019", "period": "FY", "revenue": 69620000000, "costOfRevenue": 0, "grossProfit": 69620000000, "grossProfitRatio": 1, "researchAndDevelopmentExpenses": 0, "generalAndAdministrativeExpenses": 6554000000, "sellingAndMarketingExpenses": 0, "sellingGeneralAndAdministrativeExpenses": 6554000000, "otherExpenses": -71231000000, "operatingExpenses": -64677000000, "costAndExpenses": 62825000000, "interestIncome": 955000000, "interestExpense": 955000000, "depreciationAndAmortization": 630000000, "ebitda": 5573000000, "ebitdaratio": 0.0800488365, "operatingIncome": 4943000000, "operatingIncomeRatio": 0.0709997127, "totalOtherIncomeExpensesNet": 1852000000, "incomeBeforeTax": 6795000000, "incomeBeforeTaxRatio": 0.097601264, "incomeTaxExpense": 886000000, "netIncome": 5899000000, "netIncomeRatio": 0.084731399, "eps": 6.1, "epsdiluted": 6.06, "weightedAverageShsOut": 937600000, "weightedAverageShsOutDil": 944400000, "link": "https://www.sec.gov/Archives/edgar/data/1099219/000109921920000064/0001099219-20-000064-index.htm", "finalLink": "https://www.sec.gov/Archives/edgar/data/1099219/000109921920000064/met-20191231x10k.htm", "calculatedOtherExpenses": 58123000000, "calculatedOperatingExpenses": 64677000000, "calculatedNetInterest": 0, "calculatedOtherIncome": 1852000000, "calculatedIncomeNonControlling": 10000000, "calculatedEbitda": 5573000000}, {"date": "2018-12-31", "symbol": "MET", "reportedCurrency": "USD", "cik": "0001099219", "fillingDate": "2019-02-22", "acceptedDate": "2019-02-21 18:02:55", "calendarYear": "2018", "period": "FY", "revenue": 67941000000, "costOfRevenue": 0, "grossProfit": 67941000000, "grossProfitRatio": 1, "researchAndDevelopmentExpenses": 0, "generalAndAdministrativeExpenses": 6462000000, "sellingAndMarketingExpenses": 0, "sellingGeneralAndAdministrativeExpenses": 6462000000, "otherExpenses": 55172000000, "operatingExpenses": 61634000000, "costAndExpenses": 61634000000, "interestIncome": 0, "interestExpense": 1122000000, "depreciationAndAmortization": 628000000, "ebitda": 8052000000, "ebitdaratio": 0.1185145935, "operatingIncome": 7424000000, "operatingIncomeRatio": 0.1092712795, "totalOtherIncomeExpensesNet": 1880000000, "incomeBeforeTax": 6307000000, "incomeBeforeTaxRatio": 0.0928305441, "incomeTaxExpense": 1179000000, "netIncome": 5123000000, "netIncomeRatio": 0.0754036591, "eps": 5.34, "epsdiluted": 5.34, "weightedAverageShsOut": 958613542, "weightedAverageShsOutDil": 958613542, "link": "https://www.sec.gov/Archives/edgar/data/1099219/000109921919000008/0001099219-19-000008-index.htm", "finalLink": "https://www.sec.gov/Archives/edgar/data/1099219/000109921919000008/met-20181231x10k.htm", "calculatedOtherExpenses": 54055000000, "calculatedOperatingExpenses": 60517000000, "calculatedNetInterest": -1122000000, "calculatedOtherIncome": 5000000, "calculatedIncomeNonControlling": 5000000, "calculatedEbitda": 8052000000}, {"date": "2017-12-31", "symbol": "MET", "reportedCurrency": "USD", "cik": "0001099219", "fillingDate": "2018-03-01", "acceptedDate": "2018-03-01 16:22:57", "calendarYear": "2017", "period": "FY", "revenue": 62308000000, "costOfRevenue": 0, "grossProfit": 62308000000, "grossProfitRatio": 1, "researchAndDevelopmentExpenses": 0, "generalAndAdministrativeExpenses": 6724000000, "sellingAndMarketingExpenses": 0, "sellingGeneralAndAdministrativeExpenses": 6724000000, "otherExpenses": 52048000000, "operatingExpenses": 58772000000, "costAndExpenses": 58772000000, "interestIncome": 0, "interestExpense": 1129000000, "depreciationAndAmortization": 795000000, "ebitda": 4464000000, "ebitdaratio": 0.0716440906, "operatingIncome": 3669000000, "operatingIncomeRatio": 0.0588848944, "totalOtherIncomeExpensesNet": 1341000000, "incomeBeforeTax": 3536000000, "incomeBeforeTaxRatio": 0.056750337, "incomeTaxExpense": -1470000000, "netIncome": 4010000000, "netIncomeRatio": 0.0643577069, "eps": 3.84, "epsdiluted": 3.84, "weightedAverageShsOut": 1043588396, "weightedAverageShsOutDil": 1043588396, "link": "https://www.sec.gov/Archives/edgar/data/1099219/000093783418000005/0000937834-18-000005-index.htm", "finalLink": "https://www.sec.gov/Archives/edgar/data/1099219/000093783418000005/met-20171231x10k.htm", "calculatedOtherExpenses": 51915000000, "calculatedOperatingExpenses": 58639000000, "calculatedNetInterest": -1129000000, "calculatedOtherIncome": 996000000, "calculatedIncomeNonControlling": 996000000, "calculatedEbitda": 4464000000}, {"date": "2016-12-31", "symbol": "MET", "reportedCurrency": "USD", "cik": "0001099219", "fillingDate": "2017-03-01", "acceptedDate": "2017-02-28 19:01:06", "calendarYear": "2016", "period": "FY", "revenue": 60732000000, "costOfRevenue": 0, "grossProfit": 60732000000, "grossProfitRatio": 1, "researchAndDevelopmentExpenses": 0, "generalAndAdministrativeExpenses": 7114000000, "sellingAndMarketingExpenses": 0, "sellingGeneralAndAdministrativeExpenses": 7114000000, "otherExpenses": 49392000000, "operatingExpenses": 56506000000, "costAndExpenses": 63671000000, "interestIncome": 0, "interestExpense": 1201000000, "depreciationAndAmortization": 652000000, "ebitda": 1654000000, "ebitdaratio": 0.0272344069, "operatingIncome": 804000000, "operatingIncomeRatio": 0.0132384904, "totalOtherIncomeExpensesNet": 1759000000, "incomeBeforeTax": -195000000, "incomeBeforeTaxRatio": -0.0032108279, "incomeTaxExpense": -999000000, "netIncome": 800000000, "netIncomeRatio": 0.0131726273, "eps": 0.73, "epsdiluted": 0.73, "weightedAverageShsOut": 1095519005, "weightedAverageShsOutDil": 1095519005, "link": "https://www.sec.gov/Archives/edgar/data/1099219/000093783417000003/0000937834-17-000003-index.htm", "finalLink": "https://www.sec.gov/Archives/edgar/data/1099219/000093783417000003/met-12312016x10k.htm", "calculatedOtherExpenses": 52814000000, "calculatedOperatingExpenses": 59928000000, "calculatedNetInterest": -1201000000, "calculatedOtherIncome": 202000000, "calculatedIncomeNonControlling": 4000000, "calculatedEbitda": 1456000000}, {"date": "2015-12-31", "symbol": "MET", "reportedCurrency": "USD", "cik": "0001099219", "fillingDate": "2016-02-25", "acceptedDate": "2016-02-24 21:18:04", "calendarYear": "2015", "period": "FY", "revenue": 61257000000, "costOfRevenue": 0, "grossProfit": 61257000000, "grossProfitRatio": 1, "researchAndDevelopmentExpenses": 0, "generalAndAdministrativeExpenses": 7177000000, "sellingAndMarketingExpenses": 0, "sellingGeneralAndAdministrativeExpenses": 7177000000, "otherExpenses": 48515000000, "operatingExpenses": 55692000000, "costAndExpenses": 61544000000, "interestIncome": 0, "interestExpense": 1200000000, "depreciationAndAmortization": 693000000, "ebitda": 9359000000, "ebitdaratio": 0.1527825391, "operatingIncome": 5322000000, "operatingIncomeRatio": 0.0868798668, "totalOtherIncomeExpensesNet": 2020000000, "incomeBeforeTax": 7926000000, "incomeBeforeTaxRatio": 0.1293892943, "incomeTaxExpense": 2326000000, "netIncome": 5600000000, "netIncomeRatio": 0.0914181236, "eps": 5.1, "epsdiluted": 5.1, "weightedAverageShsOut": 1098028525, "weightedAverageShsOutDil": 1098028525, "link": "https://www.sec.gov/Archives/edgar/data/1099219/000093783416000077/0000937834-16-000077-index.htm", "finalLink": "https://www.sec.gov/Archives/edgar/data/1099219/000093783416000077/met-12312015x10k.htm", "calculatedOtherExpenses": 48758000000, "calculatedOperatingExpenses": 55935000000, "calculatedNetInterest": -1200000000, "calculatedOtherIncome": 3804000000, "calculatedIncomeNonControlling": 0, "calculatedEbitda": 6015000000}, {"date": "2014-12-31", "symbol": "MET", "reportedCurrency": "USD", "cik": "0001099219", "fillingDate": "2015-02-27", "acceptedDate": "2015-02-26 19:20:05", "calendarYear": "2014", "period": "FY", "revenue": 73265000000, "costOfRevenue": 0, "grossProfit": 73265000000, "grossProfitRatio": 1, "researchAndDevelopmentExpenses": 0, "generalAndAdministrativeExpenses": 7185000000, "sellingAndMarketingExpenses": 0, "sellingGeneralAndAdministrativeExpenses": 7185000000, "otherExpenses": 57327000000, "operatingExpenses": 64512000000, "costAndExpenses": 62020000000, "interestIncome": 0, "interestExpense": 1178000000, "depreciationAndAmortization": 713000000, "ebitda": 10703000000, "ebitdaratio": 0.1460861257, "operatingIncome": 6339000000, "operatingIncomeRatio": 0.0865215314, "totalOtherIncomeExpensesNet": 2033000000, "incomeBeforeTax": 9060000000, "incomeBeforeTaxRatio": 0.1236606838, "incomeTaxExpense": 2378000000, "netIncome": 6682000000, "netIncomeRatio": 0.0912031666, "eps": 5.9, "epsdiluted": 5.9, "weightedAverageShsOut": 1131927894, "weightedAverageShsOutDil": 1131927894, "link": "https://www.sec.gov/Archives/edgar/data/1099219/000093783415000009/0000937834-15-000009-index.htm", "finalLink": "https://www.sec.gov/Archives/edgar/data/1099219/000093783415000009/met-12312014x10k.htm", "calculatedOtherExpenses": 59741000000, "calculatedOperatingExpenses": 66926000000, "calculatedNetInterest": -1178000000, "calculatedOtherIncome": 3899000000, "calculatedIncomeNonControlling": 0, "calculatedEbitda": 7052000000}, {"date": "2013-12-31", "symbol": "MET", "reportedCurrency": "USD", "cik": "0001099219", "fillingDate": "2014-02-27", "acceptedDate": "2014-02-26 20:38:57", "calendarYear": "2013", "period": "FY", "revenue": 69396000000, "costOfRevenue": 0, "grossProfit": 69396000000, "grossProfitRatio": 1, "researchAndDevelopmentExpenses": 0, "generalAndAdministrativeExpenses": 7426000000, "sellingAndMarketingExpenses": 0, "sellingGeneralAndAdministrativeExpenses": 7426000000, "otherExpenses": 56721000000, "operatingExpenses": 64147000000, "costAndExpenses": 60530000000, "interestIncome": 0, "interestExpense": 1159000000, "depreciationAndAmortization": 714000000, "ebitda": 6027000000, "ebitdaratio": 0.0868493861, "operatingIncome": 1314000000, "operatingIncomeRatio": 0.0189348089, "totalOtherIncomeExpensesNet": 1954000000, "incomeBeforeTax": 8768000000, "incomeBeforeTaxRatio": 0.1263473399, "incomeTaxExpense": 2359000000, "netIncome": 6409000000, "netIncomeRatio": 0.0923540262, "eps": 5.71, "epsdiluted": 5.71, "weightedAverageShsOut": 1114777015, "weightedAverageShsOutDil": 1122030137, "link": "https://www.sec.gov/Archives/edgar/data/1099219/000093783414000011/0000937834-14-000011-index.htm", "finalLink": "https://www.sec.gov/Archives/edgar/data/1099219/000093783414000011/met-12312013x10k.htm", "calculatedOtherExpenses": 60656000000, "calculatedOperatingExpenses": 68082000000, "calculatedNetInterest": -1159000000, "calculatedOtherIncome": 8613000000, "calculatedIncomeNonControlling": 0, "calculatedEbitda": 2028000000}, {"date": "2012-12-31", "symbol": "MET", "reportedCurrency": "USD", "cik": "0001099219", "fillingDate": "2013-02-27", "acceptedDate": "2013-02-26 21:13:26", "calendarYear": "2012", "period": "FY", "revenue": 68571000000, "costOfRevenue": 0, "grossProfit": 68571000000, "grossProfitRatio": 1, "researchAndDevelopmentExpenses": 0, "generalAndAdministrativeExpenses": 8076000000, "sellingAndMarketingExpenses": 0, "sellingGeneralAndAdministrativeExpenses": 8076000000, "otherExpenses": 58632000000, "operatingExpenses": 66708000000, "costAndExpenses": 60220000000, "interestIncome": 0, "interestExpense": 1190000000, "depreciationAndAmortization": 596000000, "ebitda": 3482000000, "ebitdaratio": 0.050779484, "operatingIncome": 1314000000, "operatingIncomeRatio": 0.0191626198, "totalOtherIncomeExpensesNet": 1756000000, "incomeBeforeTax": 8131000000, "incomeBeforeTaxRatio": 0.1185778244, "incomeTaxExpense": 2323000000, "netIncome": 5808000000, "netIncomeRatio": 0.0847005294, "eps": 5.32, "epsdiluted": 5.32, "weightedAverageShsOut": 1070756200, "weightedAverageShsOutDil": 1091686736, "link": "https://www.sec.gov/Archives/edgar/data/1099219/000119312513077792/0001193125-13-077792-index.htm", "finalLink": "https://www.sec.gov/Archives/edgar/data/1099219/000119312513077792/d450627d10k.htm", "calculatedOtherExpenses": 59181000000, "calculatedOperatingExpenses": 67257000000, "calculatedNetInterest": -1190000000, "calculatedOtherIncome": 8007000000, "calculatedIncomeNonControlling": 0, "calculatedEbitda": 1910000000}, {"date": "2011-12-31", "symbol": "MET", "reportedCurrency": "USD", "cik": "0001099219", "fillingDate": "2012-02-28", "acceptedDate": "2012-02-28 17:09:43", "calendarYear": "2011", "period": "FY", "revenue": 65384000000, "costOfRevenue": 0, "grossProfit": 65384000000, "grossProfitRatio": 1, "researchAndDevelopmentExpenses": 0, "generalAndAdministrativeExpenses": 7773000000, "sellingAndMarketingExpenses": 6378000000, "sellingGeneralAndAdministrativeExpenses": 14151000000, "otherExpenses": 46906000000, "operatingExpenses": 61057000000, "costAndExpenses": 57674000000, "interestIncome": 0, "interestExpense": 1305000000, "depreciationAndAmortization": 679000000, "ebitda": 11805000000, "ebitdaratio": 0.1805487581, "operatingIncome": 11126000000, "operatingIncomeRatio": 0.1701639545, "totalOtherIncomeExpensesNet": 1911000000, "incomeBeforeTax": 7710000000, "incomeBeforeTaxRatio": 0.1179187569, "incomeTaxExpense": 2230000000, "netIncome": 5480000000, "netIncomeRatio": 0.0838125535, "eps": 5.18, "epsdiluted": 5.18, "weightedAverageShsOut": 1057957028, "weightedAverageShsOutDil": 1057957028, "link": "https://www.sec.gov/Archives/edgar/data/1099219/000119312512085720/0001193125-12-085720-index.htm", "finalLink": "https://www.sec.gov/Archives/edgar/data/1099219/000119312512085720/d302570d10k.htm", "calculatedOtherExpenses": 40107000000, "calculatedOperatingExpenses": 54258000000, "calculatedNetInterest": -1305000000, "calculatedOtherIncome": -2111000000, "calculatedIncomeNonControlling": 0, "calculatedEbitda": 11805000000}, {"date": "2010-12-31", "symbol": "MET", "reportedCurrency": "USD", "cik": "0001099219", "fillingDate": "2011-02-25", "acceptedDate": "2011-02-24 20:25:14", "calendarYear": "2010", "period": "FY", "revenue": 53079000000, "costOfRevenue": 0, "grossProfit": 53079000000, "grossProfitRatio": 1, "researchAndDevelopmentExpenses": 0, "generalAndAdministrativeExpenses": 5375000000, "sellingAndMarketingExpenses": 3646000000, "sellingGeneralAndAdministrativeExpenses": 9021000000, "otherExpenses": 39497000000, "operatingExpenses": 48518000000, "costAndExpenses": 47483000000, "interestIncome": 0, "interestExpense": 1276000000, "depreciationAndAmortization": 585000000, "ebitda": 5508000000, "ebitdaratio": 0.1037698525, "operatingIncome": 4923000000, "operatingIncomeRatio": 0.0927485446, "totalOtherIncomeExpensesNet": 2328000000, "incomeBeforeTax": 5596000000, "incomeBeforeTaxRatio": 0.1054277586, "incomeTaxExpense": 1582000000, "netIncome": 4014000000, "netIncomeRatio": 0.0756231278, "eps": 4.07, "epsdiluted": 4.07, "weightedAverageShsOut": 985837817, "weightedAverageShsOutDil": 985837817, "link": "https://www.sec.gov/Archives/edgar/data/1099219/000095012311018077/0000950123-11-018077-index.htm", "finalLink": "https://www.sec.gov/Archives/edgar/data/1099219/000095012311018077/y87657e10vk.htm", "calculatedOtherExpenses": 39135000000, "calculatedOperatingExpenses": 48156000000, "calculatedNetInterest": -1276000000, "calculatedOtherIncome": 1949000000, "calculatedIncomeNonControlling": 0, "calculatedEbitda": 5508000000}, {"date": "2009-12-31", "symbol": "MET", "reportedCurrency": "USD", "cik": "0001099219", "fillingDate": "2010-02-26", "acceptedDate": "2010-02-26 17:02:31", "calendarYear": "2009", "period": "FY", "revenue": 41058000000, "costOfRevenue": 0, "grossProfit": 41058000000, "grossProfitRatio": 1, "researchAndDevelopmentExpenses": 0, "generalAndAdministrativeExpenses": 4283000000, "sellingAndMarketingExpenses": 3433000000, "sellingGeneralAndAdministrativeExpenses": 7716000000, "otherExpenses": 37302000000, "operatingExpenses": 45018000000, "costAndExpenses": 45391000000, "interestIncome": 0, "interestExpense": 876000000, "depreciationAndAmortization": 520000000, "ebitda": -2865000000, "ebitdaratio": -0.0697793365, "operatingIncome": -2318000000, "operatingIncomeRatio": -0.0564567198, "totalOtherIncomeExpensesNet": 2329000000, "incomeBeforeTax": -4333000000, "incomeBeforeTaxRatio": -0.1055336353, "incomeTaxExpense": -2015000000, "netIncome": -2246000000, "netIncomeRatio": -0.0547031029, "eps": -2.75, "epsdiluted": -2.74, "weightedAverageShsOut": 817302327, "weightedAverageShsOutDil": 818500000, "link": "https://www.sec.gov/Archives/edgar/data/1099219/000095012310018284/0000950123-10-018284-index.htm", "finalLink": "https://www.sec.gov/Archives/edgar/data/1099219/000095012310018284/y81517e10vk.htm", "calculatedOtherExpenses": 35660000000, "calculatedOperatingExpenses": 43376000000, "calculatedNetInterest": -876000000, "calculatedOtherIncome": -1139000000, "calculatedIncomeNonControlling": -72000000, "calculatedEbitda": -1798000000}, {"date": "2008-12-31", "symbol": "MET", "reportedCurrency": "USD", "cik": "0001099219", "fillingDate": "2009-03-02", "acceptedDate": "2009-02-27 20:20:55", "calendarYear": "2008", "period": "FY", "revenue": 50989000000, "costOfRevenue": 0, "grossProfit": 50989000000, "grossProfitRatio": 1, "researchAndDevelopmentExpenses": 0, "generalAndAdministrativeExpenses": 4026000000, "sellingAndMarketingExpenses": 3384000000, "sellingGeneralAndAdministrativeExpenses": 7410000000, "otherExpenses": 38513000000, "operatingExpenses": 45923000000, "costAndExpenses": 45899000000, "interestIncome": 0, "interestExpense": 554000000, "depreciationAndAmortization": 375000000, "ebitda": 5718000000, "ebitdaratio": 0.1121418345, "operatingIncome": 5343000000, "operatingIncomeRatio": 0.1047873071, "totalOtherIncomeExpensesNet": 1586000000, "incomeBeforeTax": 5090000000, "incomeBeforeTaxRatio": 0.0998254525, "incomeTaxExpense": 1580000000, "netIncome": 3209000000, "netIncomeRatio": 0.0629351429, "eps": 4.48, "epsdiluted": 4.31, "weightedAverageShsOut": 716704688, "weightedAverageShsOutDil": 744800000, "link": "https://www.sec.gov/Archives/edgar/data/1099219/000095012309003725/0000950123-09-003725-index.htm", "finalLink": "https://www.sec.gov/Archives/edgar/data/1099219/000095012309003725/y74655e10vk.htm", "calculatedOtherExpenses": 38236000000, "calculatedOperatingExpenses": 45646000000, "calculatedNetInterest": -554000000, "calculatedOtherIncome": 301000000, "calculatedIncomeNonControlling": 301000000, "calculatedEbitda": 5718000000}, {"date": "2007-12-31", "symbol": "MET", "reportedCurrency": "USD", "cik": "0001099219", "fillingDate": "2008-02-28", "acceptedDate": "2008-02-28 17:01:18", "calendarYear": "2007", "period": "FY", "revenue": 53007000000, "costOfRevenue": 0, "grossProfit": 53007000000, "grossProfitRatio": 1, "researchAndDevelopmentExpenses": 0, "generalAndAdministrativeExpenses": 3556000000, "sellingAndMarketingExpenses": 0, "sellingGeneralAndAdministrativeExpenses": 3556000000, "otherExpenses": 37816000000, "operatingExpenses": 41372000000, "costAndExpenses": 46968000000, "interestIncome": 0, "interestExpense": 1116000000, "depreciationAndAmortization": 0, "ebitda": 7192000000, "ebitdaratio": 0.1356801932, "operatingIncome": 7192000000, "operatingIncomeRatio": 0.1356801932, "totalOtherIncomeExpensesNet": 6844000000, "incomeBeforeTax": 6039000000, "incomeBeforeTaxRatio": 0.1139283491, "incomeTaxExpense": 1759000000, "netIncome": 4317000000, "netIncomeRatio": 0.0814420737, "eps": 5.8, "epsdiluted": 5.66, "weightedAverageShsOut": 744153514, "weightedAverageShsOutDil": 762263999, "link": "https://www.sec.gov/Archives/edgar/data/1099219/000095012308002274/0000950123-08-002274-index.htm", "finalLink": "https://www.sec.gov/Archives/edgar/data/1099219/000095012308002274/y48170e10vk.htm", "calculatedOtherExpenses": 42259000000, "calculatedOperatingExpenses": 45815000000, "calculatedNetInterest": -1116000000, "calculatedOtherIncome": -37000000, "calculatedIncomeNonControlling": -37000000, "calculatedEbitda": 7192000000}, {"date": "2006-12-31", "symbol": "MET", "reportedCurrency": "USD", "cik": "0001099219", "fillingDate": "2007-03-01", "acceptedDate": "2007-03-01 16:58:25", "calendarYear": "2006", "period": "FY", "revenue": 48396000000, "costOfRevenue": 0, "grossProfit": 48396000000, "grossProfitRatio": 1, "researchAndDevelopmentExpenses": 0, "generalAndAdministrativeExpenses": 3430000000, "sellingAndMarketingExpenses": 0, "sellingGeneralAndAdministrativeExpenses": 3430000000, "otherExpenses": 35573000000, "operatingExpenses": 39003000000, "costAndExpenses": 44175000000, "interestIncome": 0, "interestExpense": 900000000, "depreciationAndAmortization": -224000000, "ebitda": 8085000000, "ebitdaratio": 0.1670592611, "operatingIncome": 8309000000, "operatingIncomeRatio": 0.1716877428, "totalOtherIncomeExpensesNet": 6142000000, "incomeBeforeTax": 4221000000, "incomeBeforeTaxRatio": 0.0872179519, "incomeTaxExpense": 1116000000, "netIncome": 6293000000, "netIncomeRatio": 0.1300314076, "eps": 8.27, "epsdiluted": 8.16, "weightedAverageShsOut": 761310260, "weightedAverageShsOutDil": 770838548, "link": "https://www.sec.gov/Archives/edgar/data/1099219/000095012307003039/0000950123-07-003039-index.htm", "finalLink": "https://www.sec.gov/Archives/edgar/data/1099219/000095012307003039/y30660e10vk.htm", "calculatedOtherExpenses": 36657000000, "calculatedOperatingExpenses": 40087000000, "calculatedNetInterest": -900000000, "calculatedOtherIncome": -3188000000, "calculatedIncomeNonControlling": -3188000000, "calculatedEbitda": 8085000000}, {"date": "2005-12-31", "symbol": "MET", "reportedCurrency": "USD", "cik": "0001099219", "fillingDate": "2006-02-28", "acceptedDate": "2006-02-28 17:16:22", "calendarYear": "2005", "period": "FY", "revenue": 44776000000, "costOfRevenue": 0, "grossProfit": 44776000000, "grossProfitRatio": 1, "researchAndDevelopmentExpenses": 0, "generalAndAdministrativeExpenses": 3163000000, "sellingAndMarketingExpenses": 0, "sellingGeneralAndAdministrativeExpenses": 3163000000, "otherExpenses": 37173000000, "operatingExpenses": 40336000000, "costAndExpenses": 40377000000, "interestIncome": 0, "interestExpense": 659000000, "depreciationAndAmortization": 352000000, "ebitda": 6985000000, "ebitdaratio": 0.1559987493, "operatingIncome": 6633000000, "operatingIncomeRatio": 0.148137395, "totalOtherIncomeExpensesNet": 1271000000, "incomeBeforeTax": 4399000000, "incomeBeforeTaxRatio": 0.0982445953, "incomeTaxExpense": 1260000000, "netIncome": 4714000000, "netIncomeRatio": 0.1052796141, "eps": 6.29, "epsdiluted": 6.24, "weightedAverageShsOut": 748953301, "weightedAverageShsOutDil": 755032468, "link": "https://www.sec.gov/Archives/edgar/data/1099219/000095012306002375/0000950123-06-002375-index.htm", "finalLink": "https://www.sec.gov/Archives/edgar/data/1099219/000095012306002375/y16723e10vk.txt", "calculatedOtherExpenses": 34980000000, "calculatedOperatingExpenses": 38143000000, "calculatedNetInterest": -659000000, "calculatedOtherIncome": -1575000000, "calculatedIncomeNonControlling": -1575000000, "calculatedEbitda": 6985000000}, {"date": "2004-12-31", "symbol": "MET", "reportedCurrency": "USD", "cik": "0001099219", "fillingDate": "2005-03-07", "acceptedDate": "2005-03-07 08:34:19", "calendarYear": "2004", "period": "FY", "revenue": 39014000000, "costOfRevenue": 0, "grossProfit": 39014000000, "grossProfitRatio": 1, "researchAndDevelopmentExpenses": 0, "generalAndAdministrativeExpenses": 2874000000, "sellingAndMarketingExpenses": 0, "sellingGeneralAndAdministrativeExpenses": 2874000000, "otherExpenses": -37651000000, "operatingExpenses": -34777000000, "costAndExpenses": 35235000000, "interestIncome": 0, "interestExpense": 408000000, "depreciationAndAmortization": 441000000, "ebitda": 4678000000, "ebitdaratio": 0.1199056749, "operatingIncome": 4237000000, "operatingIncomeRatio": 0.1086020403, "totalOtherIncomeExpensesNet": 1198000000, "incomeBeforeTax": 3779000000, "incomeBeforeTaxRatio": 0.0968626647, "incomeTaxExpense": 1071000000, "netIncome": 2758000000, "netIncomeRatio": 0.0706925719, "eps": 3.67, "epsdiluted": 3.65, "weightedAverageShsOut": 751498638, "weightedAverageShsOutDil": 755616438, "link": "https://www.sec.gov/Archives/edgar/data/1099219/000095012305002679/0000950123-05-002679-index.htm", "finalLink": "https://www.sec.gov/Archives/edgar/data/1099219/000095012305002679/y06100e10vk.txt", "calculatedOtherExpenses": 31903000000, "calculatedOperatingExpenses": 34777000000, "calculatedNetInterest": -408000000, "calculatedOtherIncome": -50000000, "calculatedIncomeNonControlling": -50000000, "calculatedEbitda": 4678000000}, {"date": "2003-12-31", "symbol": "MET", "reportedCurrency": "USD", "cik": "0001099219", "fillingDate": "2004-03-05", "acceptedDate": "2004-03-05 17:24:50", "calendarYear": "2003", "period": "FY", "revenue": 35789000000, "costOfRevenue": 0, "grossProfit": 35789000000, "grossProfitRatio": 1, "researchAndDevelopmentExpenses": 0, "generalAndAdministrativeExpenses": 2685000000, "sellingAndMarketingExpenses": 0, "sellingGeneralAndAdministrativeExpenses": 2685000000, "otherExpenses": -35092000000, "operatingExpenses": -32407000000, "costAndExpenses": 33159000000, "interestIncome": 0, "interestExpense": 478000000, "depreciationAndAmortization": 478000000, "ebitda": 3860000000, "ebitdaratio": 0.1078543687, "operatingIncome": 3382000000, "operatingIncomeRatio": 0.0944983095, "totalOtherIncomeExpensesNet": 1342000000, "incomeBeforeTax": 2630000000, "incomeBeforeTaxRatio": 0.0734862667, "incomeTaxExpense": 687000000, "netIncome": 2217000000, "netIncomeRatio": 0.0619464081, "eps": 3, "epsdiluted": 2.97, "weightedAverageShsOut": 739393939, "weightedAverageShsOutDil": 746938776, "link": "https://www.sec.gov/Archives/edgar/data/1099219/000095012304002912/0000950123-04-002912-index.htm", "finalLink": "https://www.sec.gov/Archives/edgar/data/1099219/000095012304002912/y94438e10vk.txt", "calculatedOtherExpenses": 29722000000, "calculatedOperatingExpenses": 32407000000, "calculatedNetInterest": -478000000, "calculatedOtherIncome": -274000000, "calculatedIncomeNonControlling": -274000000, "calculatedEbitda": 3860000000}, {"date": "2002-12-31", "symbol": "MET", "reportedCurrency": "USD", "cik": "0001099219", "fillingDate": "2003-03-19", "acceptedDate": "2003-03-19 17:15:18", "calendarYear": "2002", "period": "FY", "revenue": 33147000000, "costOfRevenue": 0, "grossProfit": 33147000000, "grossProfitRatio": 1, "researchAndDevelopmentExpenses": 0, "generalAndAdministrativeExpenses": 0, "sellingAndMarketingExpenses": 0, "sellingGeneralAndAdministrativeExpenses": 0, "otherExpenses": -31026000000, "operatingExpenses": -31026000000, "costAndExpenses": 31476000000, "interestIncome": 0, "interestExpense": 0, "depreciationAndAmortization": -70000000, "ebitda": 2051000000, "ebitdaratio": 0.0618758862, "operatingIncome": 2121000000, "operatingIncomeRatio": 0.0639876912, "totalOtherIncomeExpensesNet": 1377000000, "incomeBeforeTax": 1671000000, "incomeBeforeTaxRatio": 0.050411802, "incomeTaxExpense": 516000000, "netIncome": 1605000000, "netIncomeRatio": 0.0484206716, "eps": 2.28, "epsdiluted": 2.2, "weightedAverageShsOut": 703947368, "weightedAverageShsOutDil": 729545455, "link": "https://www.sec.gov/Archives/edgar/data/1099219/000095012303002997/0000950123-03-002997-index.htm", "finalLink": "https://www.sec.gov/Archives/edgar/data/1099219/000095012303002997/y84177e10vk.txt", "calculatedOtherExpenses": 31026000000, "calculatedOperatingExpenses": 31026000000, "calculatedNetInterest": 0, "calculatedOtherIncome": -450000000, "calculatedIncomeNonControlling": -450000000, "calculatedEbitda": 2051000000}, {"date": "2001-12-31", "symbol": "MET", "reportedCurrency": "USD", "cik": "0001099219", "fillingDate": "2002-03-18", "acceptedDate": "2002-03-18 00:00:00", "calendarYear": "2001", "period": "FY", "revenue": 31928000000, "costOfRevenue": 0, "grossProfit": 31928000000, "grossProfitRatio": 1, "researchAndDevelopmentExpenses": 0, "generalAndAdministrativeExpenses": 0, "sellingAndMarketingExpenses": 0, "sellingGeneralAndAdministrativeExpenses": 0, "otherExpenses": -31189000000, "operatingExpenses": -31189000000, "costAndExpenses": 31189000000, "interestIncome": 0, "interestExpense": 0, "depreciationAndAmortization": -87000000, "ebitda": 652000000, "ebitdaratio": 0.0204209471, "operatingIncome": 739000000, "operatingIncomeRatio": 0.0231458281, "totalOtherIncomeExpensesNet": 1507000000, "incomeBeforeTax": 739000000, "incomeBeforeTaxRatio": 0.0231458281, "incomeTaxExpense": 266000000, "netIncome": 473000000, "netIncomeRatio": 0.0148145828, "eps": 0.64, "epsdiluted": 0.62, "weightedAverageShsOut": 739062500, "weightedAverageShsOutDil": 762903226, "link": "https://www.sec.gov/Archives/edgar/data/1099219/000095012302002601/0000950123-02-002601-index.htm", "finalLink": "https://www.sec.gov/Archives/edgar/data/1099219/000095012302002601/e54297e10-k405.txt", "calculatedOtherExpenses": 31189000000, "calculatedOperatingExpenses": 31189000000, "calculatedNetInterest": 0, "calculatedOtherIncome": 0, "calculatedIncomeNonControlling": 0, "calculatedEbitda": 652000000}, {"date": "2000-12-31", "symbol": "MET", "reportedCurrency": "USD", "cik": "0001099219", "fillingDate": "2001-03-14", "acceptedDate": "2001-03-14 00:00:00", "calendarYear": "2000", "period": "FY", "revenue": 31947000000, "costOfRevenue": 0, "grossProfit": 31947000000, "grossProfitRatio": 1, "researchAndDevelopmentExpenses": 0, "generalAndAdministrativeExpenses": 0, "sellingAndMarketingExpenses": 0, "sellingGeneralAndAdministrativeExpenses": 0, "otherExpenses": -30531000000, "operatingExpenses": -30531000000, "costAndExpenses": 30531000000, "interestIncome": 0, "interestExpense": 0, "depreciationAndAmortization": 510000000, "ebitda": 1926000000, "ebitdaratio": 0.0602873509, "operatingIncome": 1416000000, "operatingIncomeRatio": 0.0443234106, "totalOtherIncomeExpensesNet": 2432000000, "incomeBeforeTax": 1416000000, "incomeBeforeTaxRatio": 0.0443234106, "incomeTaxExpense": 463000000, "netIncome": 953000000, "netIncomeRatio": 0.029830657, "eps": 1.52, "epsdiluted": 1.49, "weightedAverageShsOut": 626973684, "weightedAverageShsOutDil": 639597315, "link": "https://www.sec.gov/Archives/edgar/data/1099219/000095012301500230/0000950123-01-500230-index.htm", "finalLink": "https://www.sec.gov/Archives/edgar/data/1099219/000095012301500230/y45204e10-k405.txt", "calculatedOtherExpenses": 30531000000, "calculatedOperatingExpenses": 30531000000, "calculatedNetInterest": 0, "calculatedOtherIncome": 0, "calculatedIncomeNonControlling": 0, "calculatedEbitda": 1926000000}, {"date": "1999-12-31", "symbol": "MET", "reportedCurrency": "USD", "cik": "0001099219", "fillingDate": "1999-12-31", "acceptedDate": "1999-12-30 19:00:00", "calendarYear": "1999", "period": "FY", "revenue": 24748000000, "costOfRevenue": 0, "grossProfit": 24748000000, "grossProfitRatio": 1, "researchAndDevelopmentExpenses": 0, "generalAndAdministrativeExpenses": 0, "sellingAndMarketingExpenses": 0, "sellingGeneralAndAdministrativeExpenses": 0, "otherExpenses": -24131000000, "operatingExpenses": -24131000000, "costAndExpenses": 23701000000, "interestIncome": 0, "interestExpense": 0, "depreciationAndAmortization": 173000000, "ebitda": 790000000, "ebitdaratio": 0.0319217715, "operatingIncome": 617000000, "operatingIncomeRatio": 0.0249313076, "totalOtherIncomeExpensesNet": 13945000000, "incomeBeforeTax": 1047000000, "incomeBeforeTaxRatio": 0.042306449, "incomeTaxExpense": 13945000000, "netIncome": 617000000, "netIncomeRatio": 0.0249313076, "eps": 0.79, "epsdiluted": 0.79, "weightedAverageShsOut": 782391173, "weightedAverageShsOutDil": 782391173, "link": "", "finalLink": "", "calculatedOtherExpenses": 24131000000, "calculatedOperatingExpenses": 24131000000, "calculatedNetInterest": 0, "calculatedOtherIncome": 430000000, "calculatedIncomeNonControlling": -13515000000, "calculatedEbitda": 790000000}, {"date": "1998-12-31", "symbol": "MET", "reportedCurrency": "USD", "cik": "0001099219", "fillingDate": "1998-12-31", "acceptedDate": "1998-12-30 19:00:00", "calendarYear": "1998", "period": "FY", "revenue": 26525000000, "costOfRevenue": 0, "grossProfit": 26525000000, "grossProfitRatio": 1, "researchAndDevelopmentExpenses": 0, "generalAndAdministrativeExpenses": 0, "sellingAndMarketingExpenses": 0, "sellingGeneralAndAdministrativeExpenses": 0, "otherExpenses": -25182000000, "operatingExpenses": -25182000000, "costAndExpenses": 24550000000, "interestIncome": 0, "interestExpense": 0, "depreciationAndAmortization": 56000000, "ebitda": 1399000000, "ebitdaratio": 0.0527426956, "operatingIncome": 1343000000, "operatingIncomeRatio": 0.0506314797, "totalOtherIncomeExpensesNet": 15309000000, "incomeBeforeTax": 1975000000, "incomeBeforeTaxRatio": 0.0744580584, "incomeTaxExpense": 15309000000, "netIncome": 1343000000, "netIncomeRatio": 0.0506314797, "eps": 1.72, "epsdiluted": 1.72, "weightedAverageShsOut": 782391173, "weightedAverageShsOutDil": 782391173, "link": "", "finalLink": "", "calculatedOtherExpenses": 25182000000, "calculatedOperatingExpenses": 25182000000, "calculatedNetInterest": 0, "calculatedOtherIncome": 632000000, "calculatedIncomeNonControlling": -14677000000, "calculatedEbitda": 1399000000}, {"date": "1997-12-31", "symbol": "MET", "reportedCurrency": "USD", "cik": "0001099219", "fillingDate": "1997-12-31", "acceptedDate": "1997-12-30 19:00:00", "calendarYear": "1997", "period": "FY", "revenue": 1418000000, "costOfRevenue": 0, "grossProfit": 1418000000, "grossProfitRatio": 1, "researchAndDevelopmentExpenses": 0, "generalAndAdministrativeExpenses": 4765000000, "sellingAndMarketingExpenses": 0, "sellingGeneralAndAdministrativeExpenses": 4765000000, "otherExpenses": 17576000000, "operatingExpenses": 22341000000, "costAndExpenses": 22341000000, "interestIncome": 0, "interestExpense": -453000000, "depreciationAndAmortization": -36000000, "ebitda": 1182000000, "ebitdaratio": 0.8335684062, "operatingIncome": 2124000000, "operatingIncomeRatio": 1.4978843441, "totalOtherIncomeExpensesNet": -453000000, "incomeBeforeTax": 1671000000, "incomeBeforeTaxRatio": 1.1784203103, "incomeTaxExpense": 468000000, "netIncome": 1203000000, "netIncomeRatio": 0.8483779972, "eps": 1.61, "epsdiluted": 1.61, "weightedAverageShsOut": 745000000, "weightedAverageShsOutDil": 745000000, "link": "", "finalLink": "", "calculatedOtherExpenses": -5471000000, "calculatedOperatingExpenses": -706000000, "calculatedNetInterest": 453000000, "calculatedOtherIncome": -906000000, "calculatedIncomeNonControlling": 0, "calculatedEbitda": 2088000000}, {"date": "1996-12-31", "symbol": "MET", "reportedCurrency": "USD", "cik": "0001099219", "fillingDate": "1996-12-31", "acceptedDate": "1996-12-30 19:00:00", "calendarYear": "1996", "period": "FY", "revenue": 1243000000, "costOfRevenue": 0, "grossProfit": 1243000000, "grossProfitRatio": 1, "researchAndDevelopmentExpenses": 0, "generalAndAdministrativeExpenses": 1728000000, "sellingAndMarketingExpenses": 0, "sellingGeneralAndAdministrativeExpenses": 1728000000, "otherExpenses": 19909000000, "operatingExpenses": 21637000000, "costAndExpenses": 21637000000, "interestIncome": 0, "interestExpense": 0, "depreciationAndAmortization": -71000000, "ebitda": 1335000000, "ebitdaratio": 1.0740144811, "operatingIncome": 1406000000, "operatingIncomeRatio": 1.1311343524, "totalOtherIncomeExpensesNet": 0, "incomeBeforeTax": 1406000000, "incomeBeforeTaxRatio": 1.1311343524, "incomeTaxExpense": 482000000, "netIncome": 853000000, "netIncomeRatio": 0.6862429606, "eps": 1.14, "epsdiluted": 1.14, "weightedAverageShsOut": 745000000, "weightedAverageShsOutDil": 745000000, "link": "", "finalLink": "", "calculatedOtherExpenses": -1891000000, "calculatedOperatingExpenses": -163000000, "calculatedNetInterest": 0, "calculatedOtherIncome": 0, "calculatedIncomeNonControlling": 71000000, "calculatedEbitda": 1335000000}, {"date": "1995-12-31", "symbol": "MET", "reportedCurrency": "USD", "cik": "0001099219", "fillingDate": "1995-12-31", "acceptedDate": "1995-12-30 19:00:00", "calendarYear": "1995", "period": "FY", "revenue": 1177000000, "costOfRevenue": 0, "grossProfit": 1177000000, "grossProfitRatio": 1, "researchAndDevelopmentExpenses": 0, "generalAndAdministrativeExpenses": 1786000000, "sellingAndMarketingExpenses": 0, "sellingGeneralAndAdministrativeExpenses": 1786000000, "otherExpenses": 19339000000, "operatingExpenses": 21125000000, "costAndExpenses": 21125000000, "interestIncome": 0, "interestExpense": 0, "depreciationAndAmortization": 362000000, "ebitda": 1106000000, "ebitdaratio": 0.9396771453, "operatingIncome": 744000000, "operatingIncomeRatio": 0.632115548, "totalOtherIncomeExpensesNet": 0, "incomeBeforeTax": 744000000, "incomeBeforeTaxRatio": 0.632115548, "incomeTaxExpense": 407000000, "netIncome": 699000000, "netIncomeRatio": 0.5938827528, "eps": 0.94, "epsdiluted": 0.94, "weightedAverageShsOut": 745000000, "weightedAverageShsOutDil": 745000000, "link": "", "finalLink": "", "calculatedOtherExpenses": -1353000000, "calculatedOperatingExpenses": 433000000, "calculatedNetInterest": 0, "calculatedOtherIncome": 0, "calculatedIncomeNonControlling": -362000000, "calculatedEbitda": 1106000000}]}