{"originalCurrency": "USD", "convertedCurrency": "USD", "report": [{"date": "2023-12-31", "symbol": "META", "reportedCurrency": "USD", "cik": "0001326801", "fillingDate": "2024-02-02", "acceptedDate": "2024-02-01 19:39:02", "calendarYear": "2023", "period": "FY", "revenue": 134902000000, "costOfRevenue": 25959000000, "grossProfit": 108943000000, "grossProfitRatio": 0.8075714222, "researchAndDevelopmentExpenses": 38483000000, "generalAndAdministrativeExpenses": 11408000000, "sellingAndMarketingExpenses": 12301000000, "sellingGeneralAndAdministrativeExpenses": 23709000000, "otherExpenses": 0, "operatingExpenses": 62192000000, "costAndExpenses": 88151000000, "interestIncome": 1639000000, "interestExpense": 446000000, "depreciationAndAmortization": 11178000000, "ebitda": 57929000000, "ebitdaratio": 0.4294154275, "operatingIncome": 46751000000, "operatingIncomeRatio": 0.3465552772, "totalOtherIncomeExpensesNet": -366000000, "incomeBeforeTax": 47428000000, "incomeBeforeTaxRatio": 0.351573735, "incomeTaxExpense": 8330000000, "netIncome": 39098000000, "netIncomeRatio": 0.2898252064, "eps": 15.19, "epsdiluted": 14.87, "weightedAverageShsOut": 2574000000, "weightedAverageShsOutDil": 2629000000, "link": "https://www.sec.gov/Archives/edgar/data/1326801/000132680124000012/0001326801-24-000012-index.htm", "finalLink": "https://www.sec.gov/Archives/edgar/data/1326801/000132680124000012/meta-20231231.htm", "calculatedOtherExpenses": 0, "calculatedOperatingExpenses": 62192000000, "calculatedNetInterest": 1193000000, "calculatedOtherIncome": -516000000, "calculatedIncomeNonControlling": 0, "calculatedEbitda": 57929000000}, {"date": "2022-12-31", "symbol": "META", "reportedCurrency": "USD", "cik": "0001326801", "fillingDate": "2023-02-02", "acceptedDate": "2023-02-01 20:26:31", "calendarYear": "2022", "period": "FY", "revenue": 116609000000, "costOfRevenue": 25249000000, "grossProfit": 91360000000, "grossProfitRatio": 0.7834729738, "researchAndDevelopmentExpenses": 35338000000, "generalAndAdministrativeExpenses": 11816000000, "sellingAndMarketingExpenses": 15262000000, "sellingGeneralAndAdministrativeExpenses": 27078000000, "otherExpenses": -320000000, "operatingExpenses": 62416000000, "costAndExpenses": 87665000000, "interestIncome": 276000000, "interestExpense": 276000000, "depreciationAndAmortization": 8686000000, "ebitda": 37630000000, "ebitdaratio": 0.3227023643, "operatingIncome": 28944000000, "operatingIncomeRatio": 0.2482141173, "totalOtherIncomeExpensesNet": -401000000, "incomeBeforeTax": 28819000000, "incomeBeforeTaxRatio": 0.2471421588, "incomeTaxExpense": 5619000000, "netIncome": 23200000000, "netIncomeRatio": 0.1989554837, "eps": 8.63, "epsdiluted": 8.59, "weightedAverageShsOut": 2687000000, "weightedAverageShsOutDil": 2702000000, "link": "https://www.sec.gov/Archives/edgar/data/1326801/000132680123000013/0001326801-23-000013-index.htm", "finalLink": "https://www.sec.gov/Archives/edgar/data/1326801/000132680123000013/meta-20221231.htm", "calculatedOtherExpenses": 0, "calculatedOperatingExpenses": 62416000000, "calculatedNetInterest": 0, "calculatedOtherIncome": -125000000, "calculatedIncomeNonControlling": 0, "calculatedEbitda": 37630000000}, {"date": "2021-12-31", "symbol": "META", "reportedCurrency": "USD", "cik": "0001326801", "fillingDate": "2022-02-03", "acceptedDate": "2022-02-02 21:11:04", "calendarYear": "2021", "period": "FY", "revenue": 117929000000, "costOfRevenue": 22649000000, "grossProfit": 95280000000, "grossProfitRatio": 0.8079437628, "researchAndDevelopmentExpenses": 24655000000, "generalAndAdministrativeExpenses": 9829000000, "sellingAndMarketingExpenses": 14043000000, "sellingGeneralAndAdministrativeExpenses": 23872000000, "otherExpenses": 210000000, "operatingExpenses": 48527000000, "costAndExpenses": 71176000000, "interestIncome": 531000000, "interestExpense": 461000000, "depreciationAndAmortization": 7967000000, "ebitda": 54720000000, "ebitdaratio": 0.4640080048, "operatingIncome": 46753000000, "operatingIncomeRatio": 0.3964504066, "totalOtherIncomeExpensesNet": 70000000, "incomeBeforeTax": 47284000000, "incomeBeforeTaxRatio": 0.4009531159, "incomeTaxExpense": 7914000000, "netIncome": 39370000000, "netIncomeRatio": 0.3338449406, "eps": 13.99, "epsdiluted": 13.77, "weightedAverageShsOut": 2815000000, "weightedAverageShsOutDil": 2859000000, "link": "https://www.sec.gov/Archives/edgar/data/1326801/000132680122000018/0001326801-22-000018-index.htm", "finalLink": "https://www.sec.gov/Archives/edgar/data/1326801/000132680122000018/fb-20211231.htm", "calculatedOtherExpenses": 0, "calculatedOperatingExpenses": 48527000000, "calculatedNetInterest": 70000000, "calculatedOtherIncome": 461000000, "calculatedIncomeNonControlling": 0, "calculatedEbitda": 54720000000}, {"date": "2020-12-31", "symbol": "META", "reportedCurrency": "USD", "cik": "0001326801", "fillingDate": "2021-01-28", "acceptedDate": "2021-01-27 21:13:48", "calendarYear": "2020", "period": "FY", "revenue": 85965000000, "costOfRevenue": 16692000000, "grossProfit": 69273000000, "grossProfitRatio": 0.8058279532, "researchAndDevelopmentExpenses": 18447000000, "generalAndAdministrativeExpenses": 6564000000, "sellingAndMarketingExpenses": 11591000000, "sellingGeneralAndAdministrativeExpenses": 18155000000, "otherExpenses": -34000000, "operatingExpenses": 36602000000, "costAndExpenses": 53294000000, "interestIncome": 509000000, "interestExpense": 672000000, "depreciationAndAmortization": 6862000000, "ebitda": 39533000000, "ebitdaratio": 0.4598732042, "operatingIncome": 32671000000, "operatingIncomeRatio": 0.3800500204, "totalOtherIncomeExpensesNet": -163000000, "incomeBeforeTax": 33180000000, "incomeBeforeTaxRatio": 0.3859710347, "incomeTaxExpense": 4034000000, "netIncome": 29146000000, "netIncomeRatio": 0.3390449602, "eps": 10.22, "epsdiluted": 10.09, "weightedAverageShsOut": 2851000000, "weightedAverageShsOutDil": 2888000000, "link": "https://www.sec.gov/Archives/edgar/data/1326801/000132680121000014/0001326801-21-000014-index.htm", "finalLink": "https://www.sec.gov/Archives/edgar/data/1326801/000132680121000014/fb-20201231.htm", "calculatedOtherExpenses": 0, "calculatedOperatingExpenses": 36602000000, "calculatedNetInterest": -163000000, "calculatedOtherIncome": 672000000, "calculatedIncomeNonControlling": 0, "calculatedEbitda": 39533000000}, {"date": "2019-12-31", "symbol": "META", "reportedCurrency": "USD", "cik": "0001326801", "fillingDate": "2020-01-30", "acceptedDate": "2020-01-29 21:12:14", "calendarYear": "2019", "period": "FY", "revenue": 70697000000, "costOfRevenue": 12770000000, "grossProfit": 57927000000, "grossProfitRatio": 0.8193699874, "researchAndDevelopmentExpenses": 13600000000, "generalAndAdministrativeExpenses": 10465000000, "sellingAndMarketingExpenses": 9876000000, "sellingGeneralAndAdministrativeExpenses": 20341000000, "otherExpenses": 27000000, "operatingExpenses": 33941000000, "costAndExpenses": 46711000000, "interestIncome": 924000000, "interestExpense": 20000000, "depreciationAndAmortization": 5741000000, "ebitda": 29727000000, "ebitdaratio": 0.4204846033, "operatingIncome": 23986000000, "operatingIncomeRatio": 0.3392788944, "totalOtherIncomeExpensesNet": -78000000, "incomeBeforeTax": 24812000000, "incomeBeforeTaxRatio": 0.3509625585, "incomeTaxExpense": 6327000000, "netIncome": 18485000000, "netIncomeRatio": 0.2614679548, "eps": 6.48, "epsdiluted": 6.43, "weightedAverageShsOut": 2854000000, "weightedAverageShsOutDil": 2876000000, "link": "https://www.sec.gov/Archives/edgar/data/1326801/000132680120000013/0001326801-20-000013-index.htm", "finalLink": "https://www.sec.gov/Archives/edgar/data/1326801/000132680120000013/fb-12312019x10k.htm", "calculatedOtherExpenses": 0, "calculatedOperatingExpenses": 33941000000, "calculatedNetInterest": 904000000, "calculatedOtherIncome": -78000000, "calculatedIncomeNonControlling": 0, "calculatedEbitda": 29727000000}, {"date": "2018-12-31", "symbol": "META", "reportedCurrency": "USD", "cik": "0001326801", "fillingDate": "2019-01-31", "acceptedDate": "2019-01-31 16:58:29", "calendarYear": "2018", "period": "FY", "revenue": 55838000000, "costOfRevenue": 9355000000, "grossProfit": 46483000000, "grossProfitRatio": 0.8324617644, "researchAndDevelopmentExpenses": 10273000000, "generalAndAdministrativeExpenses": 3451000000, "sellingAndMarketingExpenses": 7846000000, "sellingGeneralAndAdministrativeExpenses": 11297000000, "otherExpenses": 9000000, "operatingExpenses": 21570000000, "costAndExpenses": 30925000000, "interestIncome": 661000000, "interestExpense": 9000000, "depreciationAndAmortization": 4315000000, "ebitda": 29228000000, "ebitdaratio": 0.5234428167, "operatingIncome": 24913000000, "operatingIncomeRatio": 0.4461656936, "totalOtherIncomeExpensesNet": -204000000, "incomeBeforeTax": 25361000000, "incomeBeforeTaxRatio": 0.4541889036, "incomeTaxExpense": 3249000000, "netIncome": 22112000000, "netIncomeRatio": 0.3960027222, "eps": 7.65, "epsdiluted": 7.57, "weightedAverageShsOut": 2890000023, "weightedAverageShsOutDil": 2921000000, "link": "https://www.sec.gov/Archives/edgar/data/1326801/000132680119000009/0001326801-19-000009-index.htm", "finalLink": "https://www.sec.gov/Archives/edgar/data/1326801/000132680119000009/fb-12312018x10k.htm", "calculatedOtherExpenses": 0, "calculatedOperatingExpenses": 21570000000, "calculatedNetInterest": 652000000, "calculatedOtherIncome": -204000000, "calculatedIncomeNonControlling": 0, "calculatedEbitda": 29228000000}, {"date": "2017-12-31", "symbol": "META", "reportedCurrency": "USD", "cik": "0001326801", "fillingDate": "2018-02-01", "acceptedDate": "2018-02-01 16:58:26", "calendarYear": "2017", "period": "FY", "revenue": 40653000000, "costOfRevenue": 5454000000, "grossProfit": 35199000000, "grossProfitRatio": 0.8658401594, "researchAndDevelopmentExpenses": 7754000000, "generalAndAdministrativeExpenses": 2517000000, "sellingAndMarketingExpenses": 4725000000, "sellingGeneralAndAdministrativeExpenses": 7242000000, "otherExpenses": 5000000, "operatingExpenses": 14996000000, "costAndExpenses": 20450000000, "interestIncome": 398000000, "interestExpense": 6000000, "depreciationAndAmortization": 3025000000, "ebitda": 23228000000, "ebitdaratio": 0.5713723464, "operatingIncome": 20203000000, "operatingIncomeRatio": 0.4969620938, "totalOtherIncomeExpensesNet": -1000000, "incomeBeforeTax": 20594000000, "incomeBeforeTaxRatio": 0.5065800802, "incomeTaxExpense": 4660000000, "netIncome": 15934000000, "netIncomeRatio": 0.3919513935, "eps": 5.49, "epsdiluted": 5.39, "weightedAverageShsOut": 2953403017, "weightedAverageShsOutDil": 2956000000, "link": "https://www.sec.gov/Archives/edgar/data/1326801/000132680118000009/0001326801-18-000009-index.htm", "finalLink": "https://www.sec.gov/Archives/edgar/data/1326801/000132680118000009/fb-12312017x10k.htm", "calculatedOtherExpenses": 0, "calculatedOperatingExpenses": 14996000000, "calculatedNetInterest": 392000000, "calculatedOtherIncome": -1000000, "calculatedIncomeNonControlling": 0, "calculatedEbitda": 23228000000}, {"date": "2016-12-31", "symbol": "META", "reportedCurrency": "USD", "cik": "0001326801", "fillingDate": "2017-02-03", "acceptedDate": "2017-02-02 21:13:52", "calendarYear": "2016", "period": "FY", "revenue": 27638000000, "costOfRevenue": 3789000000, "grossProfit": 23849000000, "grossProfitRatio": 0.8629061437, "researchAndDevelopmentExpenses": 5919000000, "generalAndAdministrativeExpenses": 1731000000, "sellingAndMarketingExpenses": 3772000000, "sellingGeneralAndAdministrativeExpenses": 5503000000, "otherExpenses": 1000000, "operatingExpenses": 11422000000, "costAndExpenses": 15211000000, "interestIncome": 176000000, "interestExpense": 10000000, "depreciationAndAmortization": 2342000000, "ebitda": 14769000000, "ebitdaratio": 0.5343729648, "operatingIncome": 12427000000, "operatingIncomeRatio": 0.4496345611, "totalOtherIncomeExpensesNet": -75000000, "incomeBeforeTax": 12518000000, "incomeBeforeTaxRatio": 0.4529271293, "incomeTaxExpense": 2301000000, "netIncome": 10217000000, "netIncomeRatio": 0.3696721905, "eps": 3.56, "epsdiluted": 3.49, "weightedAverageShsOut": 2916698039, "weightedAverageShsOutDil": 2925000000, "link": "https://www.sec.gov/Archives/edgar/data/1326801/000132680117000007/0001326801-17-000007-index.htm", "finalLink": "https://www.sec.gov/Archives/edgar/data/1326801/000132680117000007/fb-12312016x10k.htm", "calculatedOtherExpenses": 0, "calculatedOperatingExpenses": 11422000000, "calculatedNetInterest": 166000000, "calculatedOtherIncome": -75000000, "calculatedIncomeNonControlling": 0, "calculatedEbitda": 14769000000}, {"date": "2015-12-31", "symbol": "META", "reportedCurrency": "USD", "cik": "0001326801", "fillingDate": "2016-01-28", "acceptedDate": "2016-01-28 16:17:07", "calendarYear": "2015", "period": "FY", "revenue": 17928000000, "costOfRevenue": 2867000000, "grossProfit": 15061000000, "grossProfitRatio": 0.8400825524, "researchAndDevelopmentExpenses": 4816000000, "generalAndAdministrativeExpenses": 1295000000, "sellingAndMarketingExpenses": 2725000000, "sellingGeneralAndAdministrativeExpenses": 4020000000, "otherExpenses": 6000000, "operatingExpenses": 8836000000, "costAndExpenses": 11703000000, "interestIncome": 52000000, "interestExpense": 23000000, "depreciationAndAmortization": 1945000000, "ebitda": 8170000000, "ebitdaratio": 0.4557117358, "operatingIncome": 6225000000, "operatingIncomeRatio": 0.3472222222, "totalOtherIncomeExpensesNet": -60000000, "incomeBeforeTax": 6194000000, "incomeBeforeTaxRatio": 0.3454930834, "incomeTaxExpense": 2506000000, "netIncome": 3688000000, "netIncomeRatio": 0.2057117358, "eps": 1.31, "epsdiluted": 1.29, "weightedAverageShsOut": 2838302619, "weightedAverageShsOutDil": 2853000000, "link": "https://www.sec.gov/Archives/edgar/data/1326801/000132680116000043/0001326801-16-000043-index.htm", "finalLink": "https://www.sec.gov/Archives/edgar/data/1326801/000132680116000043/fb-12312015x10k.htm", "calculatedOtherExpenses": 0, "calculatedOperatingExpenses": 8836000000, "calculatedNetInterest": 29000000, "calculatedOtherIncome": -60000000, "calculatedIncomeNonControlling": 0, "calculatedEbitda": 8170000000}, {"date": "2014-12-31", "symbol": "META", "reportedCurrency": "USD", "cik": "0001326801", "fillingDate": "2015-01-29", "acceptedDate": "2015-01-29 16:35:58", "calendarYear": "2014", "period": "FY", "revenue": 12466000000, "costOfRevenue": 2153000000, "grossProfit": 10313000000, "grossProfitRatio": 0.8272902294, "researchAndDevelopmentExpenses": 2666000000, "generalAndAdministrativeExpenses": 973000000, "sellingAndMarketingExpenses": 1680000000, "sellingGeneralAndAdministrativeExpenses": 2653000000, "otherExpenses": -1000000, "operatingExpenses": 5319000000, "costAndExpenses": 7472000000, "interestIncome": 27000000, "interestExpense": 23000000, "depreciationAndAmortization": 1243000000, "ebitda": 6237000000, "ebitdaratio": 0.5003208728, "operatingIncome": 4994000000, "operatingIncomeRatio": 0.4006096583, "totalOtherIncomeExpensesNet": -88000000, "incomeBeforeTax": 4910000000, "incomeBeforeTaxRatio": 0.39387133, "incomeTaxExpense": 1970000000, "netIncome": 2940000000, "netIncomeRatio": 0.2358414888, "eps": 1.12, "epsdiluted": 1.1, "weightedAverageShsOut": 2650409612, "weightedAverageShsOutDil": 2664000000, "link": "https://www.sec.gov/Archives/edgar/data/1326801/000132680115000006/0001326801-15-000006-index.htm", "finalLink": "https://www.sec.gov/Archives/edgar/data/1326801/000132680115000006/fb-12312014x10k.htm", "calculatedOtherExpenses": 0, "calculatedOperatingExpenses": 5319000000, "calculatedNetInterest": 4000000, "calculatedOtherIncome": -88000000, "calculatedIncomeNonControlling": 0, "calculatedEbitda": 6237000000}, {"date": "2013-12-31", "symbol": "META", "reportedCurrency": "USD", "cik": "0001326801", "fillingDate": "2014-01-31", "acceptedDate": "2014-01-31 16:10:34", "calendarYear": "2013", "period": "FY", "revenue": 7872000000, "costOfRevenue": 1875000000, "grossProfit": 5997000000, "grossProfitRatio": 0.7618140244, "researchAndDevelopmentExpenses": 1415000000, "generalAndAdministrativeExpenses": 781000000, "sellingAndMarketingExpenses": 997000000, "sellingGeneralAndAdministrativeExpenses": 1778000000, "otherExpenses": 6000000, "operatingExpenses": 3193000000, "costAndExpenses": 5068000000, "interestIncome": 19000000, "interestExpense": 56000000, "depreciationAndAmortization": 1011000000, "ebitda": 3821000000, "ebitdaratio": 0.4853912602, "operatingIncome": 2804000000, "operatingIncomeRatio": 0.356199187, "totalOtherIncomeExpensesNet": 6000000, "incomeBeforeTax": 2754000000, "incomeBeforeTaxRatio": 0.349847561, "incomeTaxExpense": 1254000000, "netIncome": 1500000000, "netIncomeRatio": 0.1905487805, "eps": 0.62, "epsdiluted": 0.6, "weightedAverageShsOut": 2501900336, "weightedAverageShsOutDil": 2517000000, "link": "https://www.sec.gov/Archives/edgar/data/1326801/000132680114000007/0001326801-14-000007-index.htm", "finalLink": "https://www.sec.gov/Archives/edgar/data/1326801/000132680114000007/fb-12312013x10k.htm", "calculatedOtherExpenses": 0, "calculatedOperatingExpenses": 3193000000, "calculatedNetInterest": -37000000, "calculatedOtherIncome": -13000000, "calculatedIncomeNonControlling": 0, "calculatedEbitda": 3815000000}, {"date": "2012-12-31", "symbol": "META", "reportedCurrency": "USD", "cik": "0001326801", "fillingDate": "2013-02-01", "acceptedDate": "2013-02-01 16:43:01", "calendarYear": "2012", "period": "FY", "revenue": 5089000000, "costOfRevenue": 1364000000, "grossProfit": 3725000000, "grossProfitRatio": 0.7319709177, "researchAndDevelopmentExpenses": 1399000000, "generalAndAdministrativeExpenses": 892000000, "sellingAndMarketingExpenses": 896000000, "sellingGeneralAndAdministrativeExpenses": 1788000000, "otherExpenses": 7000000, "operatingExpenses": 3187000000, "costAndExpenses": 4551000000, "interestIncome": 14000000, "interestExpense": 51000000, "depreciationAndAmortization": 649000000, "ebitda": 1194000000, "ebitdaratio": 0.2346236982, "operatingIncome": 538000000, "operatingIncomeRatio": 0.1057182158, "totalOtherIncomeExpensesNet": 7000000, "incomeBeforeTax": 494000000, "incomeBeforeTaxRatio": 0.0970721163, "incomeTaxExpense": 441000000, "netIncome": 53000000, "netIncomeRatio": 0.0104146198, "eps": 0.02, "epsdiluted": 0.01, "weightedAverageShsOut": 3200000000, "weightedAverageShsOutDil": 2166000000, "link": "https://www.sec.gov/Archives/edgar/data/1326801/000132680113000003/0001326801-13-000003-index.htm", "finalLink": "https://www.sec.gov/Archives/edgar/data/1326801/000132680113000003/fb-12312012x10k.htm", "calculatedOtherExpenses": 0, "calculatedOperatingExpenses": 3187000000, "calculatedNetInterest": -37000000, "calculatedOtherIncome": -7000000, "calculatedIncomeNonControlling": 0, "calculatedEbitda": 1187000000}, {"date": "2011-12-31", "symbol": "META", "reportedCurrency": "USD", "cik": "0001326801", "fillingDate": "2011-12-31", "acceptedDate": "2011-12-31 00:00:00", "calendarYear": "2011", "period": "FY", "revenue": 3711000000, "costOfRevenue": 860000000, "grossProfit": 2851000000, "grossProfitRatio": 0.7682565346, "researchAndDevelopmentExpenses": 388000000, "generalAndAdministrativeExpenses": 280000000, "sellingAndMarketingExpenses": 427000000, "sellingGeneralAndAdministrativeExpenses": 707000000, "otherExpenses": 0, "operatingExpenses": 1095000000, "costAndExpenses": 1955000000, "interestIncome": 0, "interestExpense": 42000000, "depreciationAndAmortization": 323000000, "ebitda": 2079000000, "ebitdaratio": 0.5602263541, "operatingIncome": 1756000000, "operatingIncomeRatio": 0.47318782, "totalOtherIncomeExpensesNet": -19000000, "incomeBeforeTax": 1695000000, "incomeBeforeTaxRatio": 0.4567502021, "incomeTaxExpense": 695000000, "netIncome": 1000000000, "netIncomeRatio": 0.2694691458, "eps": 0.28, "epsdiluted": 0.28, "weightedAverageShsOut": 2420000019, "weightedAverageShsOutDil": 2517000020, "link": null, "finalLink": null, "calculatedOtherExpenses": 0, "calculatedOperatingExpenses": 1095000000, "calculatedNetInterest": -42000000, "calculatedOtherIncome": -19000000, "calculatedIncomeNonControlling": 0, "calculatedEbitda": 2079000000}, {"date": "2010-12-31", "symbol": "META", "reportedCurrency": "USD", "cik": "0001326801", "fillingDate": "2010-12-31", "acceptedDate": "2010-12-31 00:00:00", "calendarYear": "2010", "period": "FY", "revenue": 1974000000, "costOfRevenue": 493000000, "grossProfit": 1481000000, "grossProfitRatio": 0.7502532928, "researchAndDevelopmentExpenses": 144000000, "generalAndAdministrativeExpenses": 138000000, "sellingAndMarketingExpenses": 167000000, "sellingGeneralAndAdministrativeExpenses": 305000000, "otherExpenses": -2000000, "operatingExpenses": 449000000, "costAndExpenses": 942000000, "interestIncome": 1000000, "interestExpense": 22000000, "depreciationAndAmortization": 139000000, "ebitda": 1170000000, "ebitdaratio": 0.5927051672, "operatingIncome": 1032000000, "operatingIncomeRatio": 0.5227963526, "totalOtherIncomeExpensesNet": -3000000, "incomeBeforeTax": 1008000000, "incomeBeforeTaxRatio": 0.5106382979, "incomeTaxExpense": 402000000, "netIncome": 606000000, "netIncomeRatio": 0.3069908815, "eps": 0.15, "epsdiluted": 0.15, "weightedAverageShsOut": 2420000019, "weightedAverageShsOutDil": 2517000020, "link": null, "finalLink": null, "calculatedOtherExpenses": 0, "calculatedOperatingExpenses": 449000000, "calculatedNetInterest": -21000000, "calculatedOtherIncome": -3000000, "calculatedIncomeNonControlling": 0, "calculatedEbitda": 1171000000}]}