{"originalCurrency": "CAD", "convertedCurrency": "CAD", "report": [{"date": "2023-12-31", "symbol": "MFC", "reportedCurrency": "CAD", "cik": "0001086888", "fillingDate": "2023-12-31", "acceptedDate": "2023-12-30 19:00:00", "calendarYear": "2023", "period": "FY", "revenue": 42309000000, "costOfRevenue": 0, "grossProfit": 42309000000, "grossProfitRatio": 1, "researchAndDevelopmentExpenses": 0, "generalAndAdministrativeExpenses": 4330000000, "sellingAndMarketingExpenses": 0, "sellingGeneralAndAdministrativeExpenses": 4330000000, "otherExpenses": -6562000000, "operatingExpenses": 6562000000, "costAndExpenses": 35857000000, "interestIncome": 16120000000, "interestExpense": 1554000000, "depreciationAndAmortization": -1417000000, "ebitda": 4099000000, "ebitdaratio": 0.09688246, "operatingIncome": 5516000000, "operatingIncomeRatio": 0.1303741521, "totalOtherIncomeExpensesNet": 129000000, "incomeBeforeTax": 6452000000, "incomeBeforeTaxRatio": 0.1524971046, "incomeTaxExpense": 845000000, "netIncome": 5463000000, "netIncomeRatio": 0.1291214635, "eps": 2.62, "epsdiluted": 2.61, "weightedAverageShsOut": 1834000000, "weightedAverageShsOutDil": 1838000000, "link": null, "finalLink": null, "calculatedOtherExpenses": 32463000000, "calculatedOperatingExpenses": 36793000000, "calculatedNetInterest": 14566000000, "calculatedOtherIncome": -13630000000, "calculatedIncomeNonControlling": 144000000, "calculatedEbitda": 4099000000}, {"date": "2022-12-31", "symbol": "MFC", "reportedCurrency": "CAD", "cik": "0001086888", "fillingDate": "2022-12-31", "acceptedDate": "2022-12-30 19:00:00", "calendarYear": "2022", "period": "FY", "revenue": 15284000000, "costOfRevenue": 0, "grossProfit": 15284000000, "grossProfitRatio": 1, "researchAndDevelopmentExpenses": 0, "generalAndAdministrativeExpenses": 7782000000, "sellingAndMarketingExpenses": 0, "sellingGeneralAndAdministrativeExpenses": 7782000000, "otherExpenses": -12968000000, "operatingExpenses": -5186000000, "costAndExpenses": 6537000000, "interestIncome": 16133000000, "interestExpense": 1350000000, "depreciationAndAmortization": 538000000, "ebitda": 10636000000, "ebitdaratio": 0.695891128, "operatingIncome": 10098000000, "operatingIncomeRatio": 0.6606909186, "totalOtherIncomeExpensesNet": -1351000000, "incomeBeforeTax": 8747000000, "incomeBeforeTaxRatio": 0.5722978278, "incomeTaxExpense": 1565000000, "netIncome": 7183000000, "netIncomeRatio": 0.4699685946, "eps": 3.76, "epsdiluted": 3.76, "weightedAverageShsOut": 1910000000, "weightedAverageShsOutDil": 1910000000, "link": "", "finalLink": "", "calculatedOtherExpenses": -2596000000, "calculatedOperatingExpenses": 5186000000, "calculatedNetInterest": 14783000000, "calculatedOtherIncome": -16134000000, "calculatedIncomeNonControlling": -1000000, "calculatedEbitda": 10636000000}, {"date": "2021-12-31", "symbol": "MFC", "reportedCurrency": "CAD", "cik": "0001086888", "fillingDate": "2021-12-31", "acceptedDate": "2021-12-31 00:00:00", "calendarYear": "2021", "period": "FY", "revenue": 59841000000, "costOfRevenue": 0, "grossProfit": 59841000000, "grossProfitRatio": 1, "researchAndDevelopmentExpenses": 0, "generalAndAdministrativeExpenses": 7828000000, "sellingAndMarketingExpenses": 0, "sellingGeneralAndAdministrativeExpenses": 7828000000, "otherExpenses": -62230000000, "operatingExpenses": -54402000000, "costAndExpenses": 51716000000, "interestIncome": 15697000000, "interestExpense": 1011000000, "depreciationAndAmortization": 529000000, "ebitda": 5968000000, "ebitdaratio": 0.0997309537, "operatingIncome": 5439000000, "operatingIncomeRatio": 0.0908908608, "totalOtherIncomeExpensesNet": 2686000000, "incomeBeforeTax": 8125000000, "incomeBeforeTaxRatio": 0.1357764743, "incomeTaxExpense": 1213000000, "netIncome": 6657000000, "netIncomeRatio": 0.1112447987, "eps": 3.55, "epsdiluted": 3.54, "weightedAverageShsOut": 1942000000, "weightedAverageShsOutDil": 1946000000, "link": null, "finalLink": null, "calculatedOtherExpenses": 46574000000, "calculatedOperatingExpenses": 54402000000, "calculatedNetInterest": 14686000000, "calculatedOtherIncome": -12000000000, "calculatedIncomeNonControlling": 255000000, "calculatedEbitda": 5968000000}, {"date": "2020-12-31", "symbol": "MFC", "reportedCurrency": "CAD", "cik": "0001086888", "fillingDate": "2020-12-31", "acceptedDate": "2020-12-31 00:00:00", "calendarYear": "2020", "period": "FY", "revenue": 77121000000, "costOfRevenue": 0, "grossProfit": 77121000000, "grossProfitRatio": 1, "researchAndDevelopmentExpenses": 0, "generalAndAdministrativeExpenses": 7510000000, "sellingAndMarketingExpenses": 0, "sellingGeneralAndAdministrativeExpenses": 7510000000, "otherExpenses": -80984000000, "operatingExpenses": -73474000000, "costAndExpenses": 70350000000, "interestIncome": 14271000000, "interestExpense": 1181000000, "depreciationAndAmortization": 656000000, "ebitda": 4303000000, "ebitdaratio": 0.0557954383, "operatingIncome": 3647000000, "operatingIncomeRatio": 0.0472893246, "totalOtherIncomeExpensesNet": 3124000000, "incomeBeforeTax": 6771000000, "incomeBeforeTaxRatio": 0.0877970981, "incomeTaxExpense": 1195000000, "netIncome": 5326000000, "netIncomeRatio": 0.0690603078, "eps": 2.94, "epsdiluted": 2.93, "weightedAverageShsOut": 1941000000, "weightedAverageShsOutDil": 1943000000, "link": null, "finalLink": null, "calculatedOtherExpenses": 65964000000, "calculatedOperatingExpenses": 73474000000, "calculatedNetInterest": 13090000000, "calculatedOtherIncome": -9966000000, "calculatedIncomeNonControlling": 250000000, "calculatedEbitda": 4303000000}, {"date": "2019-12-31", "symbol": "MFC", "reportedCurrency": "CAD", "cik": "0001086888", "fillingDate": "2019-12-31", "acceptedDate": "2019-12-31 00:00:00", "calendarYear": "2019", "period": "FY", "revenue": 77822000000, "costOfRevenue": 0, "grossProfit": 77822000000, "grossProfitRatio": 1, "researchAndDevelopmentExpenses": 0, "generalAndAdministrativeExpenses": 7686000000, "sellingAndMarketingExpenses": 0, "sellingGeneralAndAdministrativeExpenses": 7686000000, "otherExpenses": -89920000000, "operatingExpenses": -82234000000, "costAndExpenses": 71602000000, "interestIncome": 14476000000, "interestExpense": 1319000000, "depreciationAndAmortization": 626000000, "ebitda": -3786000000, "ebitdaratio": -0.0486494822, "operatingIncome": -4412000000, "operatingIncomeRatio": -0.05669348, "totalOtherIncomeExpensesNet": 10632000000, "incomeBeforeTax": 6220000000, "incomeBeforeTaxRatio": 0.0799259849, "incomeTaxExpense": 718000000, "netIncome": 5269000000, "netIncomeRatio": 0.0677057901, "eps": 2.77, "epsdiluted": 2.77, "weightedAverageShsOut": 1958000000, "weightedAverageShsOutDil": 1962000000, "link": null, "finalLink": null, "calculatedOtherExpenses": 74548000000, "calculatedOperatingExpenses": 82234000000, "calculatedNetInterest": 13157000000, "calculatedOtherIncome": -2525000000, "calculatedIncomeNonControlling": 233000000, "calculatedEbitda": -3786000000}, {"date": "2018-12-31", "symbol": "MFC", "reportedCurrency": "CAD", "cik": "0001086888", "fillingDate": "2019-02-13", "acceptedDate": "2019-02-13 17:24:18", "calendarYear": "2018", "period": "FY", "revenue": 37264000000, "costOfRevenue": 0, "grossProfit": 37264000000, "grossProfitRatio": 1, "researchAndDevelopmentExpenses": 0, "generalAndAdministrativeExpenses": 7957000000, "sellingAndMarketingExpenses": 0, "sellingGeneralAndAdministrativeExpenses": 7957000000, "otherExpenses": -38641000000, "operatingExpenses": -30684000000, "costAndExpenses": 31745000000, "interestIncome": 13910000000, "interestExpense": 1275000000, "depreciationAndAmortization": 747000000, "ebitda": 7327000000, "ebitdaratio": 0.1966240876, "operatingIncome": 6580000000, "operatingIncomeRatio": 0.1765779304, "totalOtherIncomeExpensesNet": 10428000000, "incomeBeforeTax": 5519000000, "incomeBeforeTaxRatio": 0.14810541, "incomeTaxExpense": 632000000, "netIncome": 4673000000, "netIncomeRatio": 0.1254025333, "eps": 2.36, "epsdiluted": 2.35, "weightedAverageShsOut": 1979487179, "weightedAverageShsOutDil": 1987982833, "link": "https://www.sec.gov/Archives/edgar/data/1086888/000119312519038265/0001193125-19-038265-index.html", "finalLink": "https://www.sec.gov/Archives/edgar/data/1086888/000119312519038265/d661375d40f.htm", "calculatedOtherExpenses": 22727000000, "calculatedOperatingExpenses": 30684000000, "calculatedNetInterest": 12635000000, "calculatedOtherIncome": -13696000000, "calculatedIncomeNonControlling": 214000000, "calculatedEbitda": 7327000000}, {"date": "2017-12-31", "symbol": "MFC", "reportedCurrency": "CAD", "cik": "0001086888", "fillingDate": "2018-02-07", "acceptedDate": "2018-02-07 17:21:52", "calendarYear": "2017", "period": "FY", "revenue": 56650000000, "costOfRevenue": 0, "grossProfit": 56650000000, "grossProfitRatio": 1, "researchAndDevelopmentExpenses": 0, "generalAndAdministrativeExpenses": 7233000000, "sellingAndMarketingExpenses": 0, "sellingGeneralAndAdministrativeExpenses": 7233000000, "otherExpenses": -60437000000, "operatingExpenses": -53204000000, "costAndExpenses": 54149000000, "interestIncome": 13387000000, "interestExpense": 1139000000, "depreciationAndAmortization": 560000000, "ebitda": 4006000000, "ebitdaratio": 0.0707149162, "operatingIncome": 3446000000, "operatingIncomeRatio": 0.0608296558, "totalOtherIncomeExpensesNet": 10746000000, "incomeBeforeTax": 2501000000, "incomeBeforeTaxRatio": 0.0441482789, "incomeTaxExpense": 239000000, "netIncome": 2068000000, "netIncomeRatio": 0.0365048544, "eps": 0.98, "epsdiluted": 0.98, "weightedAverageShsOut": 1978000000, "weightedAverageShsOutDil": 1986000000, "link": "https://www.sec.gov/Archives/edgar/data/1086888/000119312518034890/0001193125-18-034890-index.html", "finalLink": "https://www.sec.gov/Archives/edgar/data/1086888/000119312518034890/d489903d40f.htm", "calculatedOtherExpenses": 45971000000, "calculatedOperatingExpenses": 53204000000, "calculatedNetInterest": 12248000000, "calculatedOtherIncome": -13193000000, "calculatedIncomeNonControlling": 194000000, "calculatedEbitda": 4006000000}, {"date": "2016-12-31", "symbol": "MFC", "reportedCurrency": "CAD", "cik": "0001086888", "fillingDate": "2017-02-09", "acceptedDate": "2017-02-09 09:27:03", "calendarYear": "2016", "period": "FY", "revenue": 51691000000, "costOfRevenue": 0, "grossProfit": 51691000000, "grossProfitRatio": 1, "researchAndDevelopmentExpenses": 0, "generalAndAdministrativeExpenses": 6995000000, "sellingAndMarketingExpenses": 0, "sellingGeneralAndAdministrativeExpenses": 6995000000, "otherExpenses": -54487000000, "operatingExpenses": -47492000000, "costAndExpenses": 48362000000, "interestIncome": 12810000000, "interestExpense": 1013000000, "depreciationAndAmortization": 693000000, "ebitda": 4892000000, "ebitdaratio": 0.0946392989, "operatingIncome": 4199000000, "operatingIncomeRatio": 0.0812327098, "totalOtherIncomeExpensesNet": 11181000000, "incomeBeforeTax": 3329000000, "incomeBeforeTaxRatio": 0.0644019268, "incomeTaxExpense": 196000000, "netIncome": 2990000000, "netIncomeRatio": 0.0578437252, "eps": 1.42, "epsdiluted": 1.41, "weightedAverageShsOut": 1973000000, "weightedAverageShsOutDil": 1977000000, "link": "https://www.sec.gov/Archives/edgar/data/1086888/000119312517035458/0001193125-17-035458-index.html", "finalLink": "https://www.sec.gov/Archives/edgar/data/1086888/000119312517035458/d324094d40f.htm", "calculatedOtherExpenses": 40497000000, "calculatedOperatingExpenses": 47492000000, "calculatedNetInterest": 11797000000, "calculatedOtherIncome": -12667000000, "calculatedIncomeNonControlling": 143000000, "calculatedEbitda": 4892000000}, {"date": "2015-12-31", "symbol": "MFC", "reportedCurrency": "CAD", "cik": "0001086888", "fillingDate": "2016-02-18", "acceptedDate": "2016-02-18 08:55:43", "calendarYear": "2015", "period": "FY", "revenue": 32815000000, "costOfRevenue": 0, "grossProfit": 32815000000, "grossProfitRatio": 1, "researchAndDevelopmentExpenses": 0, "generalAndAdministrativeExpenses": 6221000000, "sellingAndMarketingExpenses": 0, "sellingGeneralAndAdministrativeExpenses": 6221000000, "otherExpenses": -35386000000, "operatingExpenses": -29165000000, "costAndExpenses": 30197000000, "interestIncome": 12007000000, "interestExpense": 1101000000, "depreciationAndAmortization": 580000000, "ebitda": 4230000000, "ebitdaratio": 0.1289044644, "operatingIncome": 3650000000, "operatingIncomeRatio": 0.1112296206, "totalOtherIncomeExpensesNet": 10098000000, "incomeBeforeTax": 2618000000, "incomeBeforeTaxRatio": 0.0797805881, "incomeTaxExpense": 328000000, "netIncome": 2221000000, "netIncomeRatio": 0.0676824623, "eps": 1.06, "epsdiluted": 1.05, "weightedAverageShsOut": 1957547170, "weightedAverageShsOutDil": 1976190476, "link": "https://www.sec.gov/Archives/edgar/data/1086888/000119312516467782/0001193125-16-467782-index.html", "finalLink": "https://www.sec.gov/Archives/edgar/data/1086888/000119312516467782/d171619d40f.htm", "calculatedOtherExpenses": 22944000000, "calculatedOperatingExpenses": 29165000000, "calculatedNetInterest": 10906000000, "calculatedOtherIncome": -11938000000, "calculatedIncomeNonControlling": 69000000, "calculatedEbitda": 4230000000}, {"date": "2014-12-31", "symbol": "MFC", "reportedCurrency": "CAD", "cik": "0001086888", "fillingDate": "2015-02-19", "acceptedDate": "2015-02-18 19:00:00", "calendarYear": "2014", "period": "FY", "revenue": 53203000000, "costOfRevenue": 0, "grossProfit": 53203000000, "grossProfitRatio": 1, "researchAndDevelopmentExpenses": 0, "generalAndAdministrativeExpenses": 4772000000, "sellingAndMarketingExpenses": 0, "sellingGeneralAndAdministrativeExpenses": 4772000000, "otherExpenses": -52651000000, "operatingExpenses": -47879000000, "costAndExpenses": 48939000000, "interestIncome": 10823000000, "interestExpense": 1131000000, "depreciationAndAmortization": 462000000, "ebitda": 5786000000, "ebitdaratio": 0.1087532658, "operatingIncome": 5324000000, "operatingIncomeRatio": 0.100069545, "totalOtherIncomeExpensesNet": 8739000000, "incomeBeforeTax": 4264000000, "incomeBeforeTaxRatio": 0.0801458564, "incomeTaxExpense": 671000000, "netIncome": 3522000000, "netIncomeRatio": 0.0661992745, "eps": 1.82, "epsdiluted": 1.8, "weightedAverageShsOut": 1854395604, "weightedAverageShsOutDil": 1875000000, "link": "", "finalLink": "", "calculatedOtherExpenses": 43107000000, "calculatedOperatingExpenses": 47879000000, "calculatedNetInterest": 9692000000, "calculatedOtherIncome": -10752000000, "calculatedIncomeNonControlling": 71000000, "calculatedEbitda": 5786000000}, {"date": "2013-12-31", "symbol": "MFC", "reportedCurrency": "CAD", "cik": "0001086888", "fillingDate": "2014-02-26", "acceptedDate": "2014-02-25 19:00:00", "calendarYear": "2013", "period": "FY", "revenue": 17500000000, "costOfRevenue": 0, "grossProfit": 17500000000, "grossProfitRatio": 1, "researchAndDevelopmentExpenses": 0, "generalAndAdministrativeExpenses": 4624000000, "sellingAndMarketingExpenses": 0, "sellingGeneralAndAdministrativeExpenses": 4624000000, "otherExpenses": -17380000000, "operatingExpenses": -12756000000, "costAndExpenses": 13753000000, "interestIncome": 10095000000, "interestExpense": 1045000000, "depreciationAndAmortization": 426000000, "ebitda": 5170000000, "ebitdaratio": 0.2954285714, "operatingIncome": 4744000000, "operatingIncomeRatio": 0.2710857143, "totalOtherIncomeExpensesNet": 8909000000, "incomeBeforeTax": 3747000000, "incomeBeforeTaxRatio": 0.2141142857, "incomeTaxExpense": 581000000, "netIncome": 3118000000, "netIncomeRatio": 0.1781714286, "eps": 1.63, "epsdiluted": 1.62, "weightedAverageShsOut": 1839877301, "weightedAverageShsOutDil": 1851234568, "link": "", "finalLink": "", "calculatedOtherExpenses": 8132000000, "calculatedOperatingExpenses": 12756000000, "calculatedNetInterest": 9050000000, "calculatedOtherIncome": -10047000000, "calculatedIncomeNonControlling": 48000000, "calculatedEbitda": 5170000000}, {"date": "2012-12-31", "symbol": "MFC", "reportedCurrency": "CAD", "cik": "0001086888", "fillingDate": "2013-03-15", "acceptedDate": "2013-03-15 15:39:11", "calendarYear": "2012", "period": "FY", "revenue": 28841000000, "costOfRevenue": 0, "grossProfit": 28841000000, "grossProfitRatio": 1, "researchAndDevelopmentExpenses": 0, "generalAndAdministrativeExpenses": 4531000000, "sellingAndMarketingExpenses": 0, "sellingGeneralAndAdministrativeExpenses": 4531000000, "otherExpenses": -31295000000, "operatingExpenses": -26764000000, "costAndExpenses": 27672000000, "interestIncome": 9922000000, "interestExpense": 967000000, "depreciationAndAmortization": 390000000, "ebitda": 2467000000, "ebitdaratio": 0.0855379494, "operatingIncome": 2077000000, "operatingIncomeRatio": 0.0720155334, "totalOtherIncomeExpensesNet": 7356000000, "incomeBeforeTax": 1169000000, "incomeBeforeTaxRatio": 0.0405325752, "incomeTaxExpense": -523000000, "netIncome": 1633000000, "netIncomeRatio": 0.0566207829, "eps": 0.9, "epsdiluted": 0.88, "weightedAverageShsOut": 1812000000, "weightedAverageShsOutDil": 1888000000, "link": "https://www.sec.gov/Archives/edgar/data/1086888/000119312513109818/0001193125-13-109818-index.html", "finalLink": "https://www.sec.gov/Archives/edgar/data/1086888/000119312513109818/d472821d40f.htm", "calculatedOtherExpenses": 22233000000, "calculatedOperatingExpenses": 26764000000, "calculatedNetInterest": 8955000000, "calculatedOtherIncome": -9863000000, "calculatedIncomeNonControlling": 59000000, "calculatedEbitda": 2467000000}, {"date": "2011-12-31", "symbol": "MFC", "reportedCurrency": "CAD", "cik": "0001086888", "fillingDate": "2012-03-16", "acceptedDate": "2012-03-16 13:31:36", "calendarYear": "2011", "period": "FY", "revenue": 50983000000, "costOfRevenue": 0, "grossProfit": 50983000000, "grossProfitRatio": 1, "researchAndDevelopmentExpenses": 0, "generalAndAdministrativeExpenses": 4061000000, "sellingAndMarketingExpenses": 3813000000, "sellingGeneralAndAdministrativeExpenses": 7874000000, "otherExpenses": -57576000000, "operatingExpenses": -49702000000, "costAndExpenses": 50835000000, "interestIncome": 0, "interestExpense": 1249000000, "depreciationAndAmortization": 345000000, "ebitda": 1626000000, "ebitdaratio": 0.0318929839, "operatingIncome": 1281000000, "operatingIncomeRatio": 0.0251260224, "totalOtherIncomeExpensesNet": 7242000000, "incomeBeforeTax": 148000000, "incomeBeforeTaxRatio": 0.0029029284, "incomeTaxExpense": -97000000, "netIncome": 129000000, "netIncomeRatio": 0.0025302552, "eps": 0.02, "epsdiluted": 0.02, "weightedAverageShsOut": 1786000000, "weightedAverageShsOutDil": 1789000000, "link": "https://www.sec.gov/Archives/edgar/data/1086888/000119312512119245/0001193125-12-119245-index.html", "finalLink": "https://www.sec.gov/Archives/edgar/data/1086888/000119312512119245/d284012d40f.htm", "calculatedOtherExpenses": 41828000000, "calculatedOperatingExpenses": 49702000000, "calculatedNetInterest": -1249000000, "calculatedOtherIncome": 116000000, "calculatedIncomeNonControlling": 116000000, "calculatedEbitda": 1626000000}, {"date": "2010-12-31", "symbol": "MFC", "reportedCurrency": "CAD", "cik": "0001086888", "fillingDate": "2011-03-18", "acceptedDate": "2011-03-17 20:00:00", "calendarYear": "2010", "period": "FY", "revenue": 37633000000, "costOfRevenue": 0, "grossProfit": 37633000000, "grossProfitRatio": 1, "researchAndDevelopmentExpenses": 0, "generalAndAdministrativeExpenses": 3732000000, "sellingAndMarketingExpenses": 3756000000, "sellingGeneralAndAdministrativeExpenses": 7488000000, "otherExpenses": -45295000000, "operatingExpenses": -37807000000, "costAndExpenses": 38805000000, "interestIncome": 0, "interestExpense": 1077000000, "depreciationAndAmortization": 280000000, "ebitda": 106000000, "ebitdaratio": 0.0028166769, "operatingIncome": -174000000, "operatingIncomeRatio": -0.0046236016, "totalOtherIncomeExpensesNet": 6260000000, "incomeBeforeTax": -1172000000, "incomeBeforeTaxRatio": -0.0311428799, "incomeTaxExpense": -860000000, "netIncome": -391000000, "netIncomeRatio": -0.0103898174, "eps": -0.22, "epsdiluted": -0.22, "weightedAverageShsOut": 1765000000, "weightedAverageShsOutDil": 1765000000, "link": "", "finalLink": "", "calculatedOtherExpenses": 30319000000, "calculatedOperatingExpenses": 37807000000, "calculatedNetInterest": -1077000000, "calculatedOtherIncome": 79000000, "calculatedIncomeNonControlling": 79000000, "calculatedEbitda": 106000000}, {"date": "2009-12-31", "symbol": "MFC", "reportedCurrency": "CAD", "cik": "0001086888", "fillingDate": "2010-03-19", "acceptedDate": "2010-03-19 16:17:11", "calendarYear": "2009", "period": "FY", "revenue": 40107000000, "costOfRevenue": 0, "grossProfit": 40107000000, "grossProfitRatio": 1, "researchAndDevelopmentExpenses": 0, "generalAndAdministrativeExpenses": 3682000000, "sellingAndMarketingExpenses": 3980000000, "sellingGeneralAndAdministrativeExpenses": 7662000000, "otherExpenses": -46638000000, "operatingExpenses": -38976000000, "costAndExpenses": 40259000000, "interestIncome": 0, "interestExpense": 1301000000, "depreciationAndAmortization": 304000000, "ebitda": 1435000000, "ebitdaratio": 0.0357792904, "operatingIncome": 1131000000, "operatingIncomeRatio": 0.0281995662, "totalOtherIncomeExpensesNet": 5858000000, "incomeBeforeTax": -152000000, "incomeBeforeTaxRatio": -0.0037898621, "incomeTaxExpense": -1572000000, "netIncome": 1402000000, "netIncomeRatio": 0.0349564914, "eps": 0.82, "epsdiluted": 0.82, "weightedAverageShsOut": 1626000000, "weightedAverageShsOutDil": 1631000000, "link": "https://www.sec.gov/Archives/edgar/data/1086888/000119312510061831/0001193125-10-061831-index.html", "finalLink": "https://www.sec.gov/Archives/edgar/data/1086888/000119312510061831/d40f.htm", "calculatedOtherExpenses": 31314000000, "calculatedOperatingExpenses": 38976000000, "calculatedNetInterest": -1301000000, "calculatedOtherIncome": 18000000, "calculatedIncomeNonControlling": 18000000, "calculatedEbitda": 1435000000}, {"date": "2008-12-31", "symbol": "MFC", "reportedCurrency": "CAD", "cik": "0001086888", "fillingDate": "2009-03-26", "acceptedDate": "2009-03-26 16:20:58", "calendarYear": "2008", "period": "FY", "revenue": 33003000000, "costOfRevenue": 0, "grossProfit": 33003000000, "grossProfitRatio": 1, "researchAndDevelopmentExpenses": 0, "generalAndAdministrativeExpenses": 3546000000, "sellingAndMarketingExpenses": 4235000000, "sellingGeneralAndAdministrativeExpenses": 7781000000, "otherExpenses": -39000000000, "operatingExpenses": -31219000000, "costAndExpenses": 32426000000, "interestIncome": 0, "interestExpense": 1187000000, "depreciationAndAmortization": 283000000, "ebitda": 2067000000, "ebitdaratio": 0.0626306699, "operatingIncome": 1784000000, "operatingIncomeRatio": 0.0540556919, "totalOtherIncomeExpensesNet": 5453000000, "incomeBeforeTax": 577000000, "incomeBeforeTaxRatio": 0.0174832591, "incomeTaxExpense": 80000000, "netIncome": 517000000, "netIncomeRatio": 0.0156652426, "eps": 0.32, "epsdiluted": 0.32, "weightedAverageShsOut": 1502000000, "weightedAverageShsOutDil": 1512000000, "link": "https://www.sec.gov/Archives/edgar/data/1086888/000119312509064264/0001193125-09-064264-index.html", "finalLink": "https://www.sec.gov/Archives/edgar/data/1086888/000119312509064264/d40f.htm", "calculatedOtherExpenses": 23438000000, "calculatedOperatingExpenses": 31219000000, "calculatedNetInterest": -1187000000, "calculatedOtherIncome": -20000000, "calculatedIncomeNonControlling": -20000000, "calculatedEbitda": 2067000000}, {"date": "2007-12-31", "symbol": "MFC", "reportedCurrency": "CAD", "cik": "0001086888", "fillingDate": "2007-12-31", "acceptedDate": "2007-12-30 19:00:00", "calendarYear": "2007", "period": "FY", "revenue": 35533000000, "costOfRevenue": 0, "grossProfit": 35533000000, "grossProfitRatio": 1, "researchAndDevelopmentExpenses": 0, "generalAndAdministrativeExpenses": 0, "sellingAndMarketingExpenses": 0, "sellingGeneralAndAdministrativeExpenses": 3387000000, "otherExpenses": -32282000000, "operatingExpenses": -28895000000, "costAndExpenses": 29927000000, "interestIncome": 0, "interestExpense": 1032000000, "depreciationAndAmortization": 281000000, "ebitda": 6919000000, "ebitdaratio": 0.1947204008, "operatingIncome": 6638000000, "operatingIncomeRatio": 0.186812259, "totalOtherIncomeExpensesNet": 5448000000, "incomeBeforeTax": 5606000000, "incomeBeforeTaxRatio": 0.1577688346, "incomeTaxExpense": 1377000000, "netIncome": 4229000000, "netIncomeRatio": 0.1190161259, "eps": 2.81, "epsdiluted": 2.78, "weightedAverageShsOut": 1522000000, "weightedAverageShsOutDil": 1537000000, "link": "", "finalLink": "", "calculatedOtherExpenses": 25508000000, "calculatedOperatingExpenses": 28895000000, "calculatedNetInterest": -1032000000, "calculatedOtherIncome": 0, "calculatedIncomeNonControlling": 0, "calculatedEbitda": 6919000000}, {"date": "2006-12-31", "symbol": "MFC", "reportedCurrency": "CAD", "cik": "0001086888", "fillingDate": "2007-03-27", "acceptedDate": "2007-03-26 20:00:00", "calendarYear": "2006", "period": "FY", "revenue": 34194000000, "costOfRevenue": 0, "grossProfit": 34194000000, "grossProfitRatio": 1, "researchAndDevelopmentExpenses": 0, "generalAndAdministrativeExpenses": 0, "sellingAndMarketingExpenses": 0, "sellingGeneralAndAdministrativeExpenses": 3271000000, "otherExpenses": -31167000000, "operatingExpenses": -27896000000, "costAndExpenses": 28858000000, "interestIncome": 0, "interestExpense": 962000000, "depreciationAndAmortization": -937000000, "ebitda": 5361000000, "ebitdaratio": 0.1567818916, "operatingIncome": 6298000000, "operatingIncomeRatio": 0.1841843598, "totalOtherIncomeExpensesNet": 4657000000, "incomeBeforeTax": 5336000000, "incomeBeforeTaxRatio": 0.1560507691, "incomeTaxExpense": 1366000000, "netIncome": 3970000000, "netIncomeRatio": 0.1161022402, "eps": 2.53, "epsdiluted": 2.51, "weightedAverageShsOut": 1563000000, "weightedAverageShsOutDil": 1579000000, "link": "https://www.sec.gov/Archives/edgar/data/1086888/000090956707000484/o35367exv99w3.htm", "finalLink": "https://www.sec.gov/Archives/edgar/data/1086888/000090956707000484/o35367exv99w3.htm", "calculatedOtherExpenses": 24625000000, "calculatedOperatingExpenses": 27896000000, "calculatedNetInterest": -962000000, "calculatedOtherIncome": 0, "calculatedIncomeNonControlling": 0, "calculatedEbitda": 5361000000}, {"date": "2005-12-31", "symbol": "MFC", "reportedCurrency": "CAD", "cik": "0001086888", "fillingDate": "2006-03-23", "acceptedDate": "2006-03-22 19:00:00", "calendarYear": "2005", "period": "FY", "revenue": 32047000000, "costOfRevenue": 0, "grossProfit": 32047000000, "grossProfitRatio": 1, "researchAndDevelopmentExpenses": 0, "generalAndAdministrativeExpenses": 0, "sellingAndMarketingExpenses": 0, "sellingGeneralAndAdministrativeExpenses": 3576000000, "otherExpenses": -30513000000, "operatingExpenses": -26937000000, "costAndExpenses": 27725000000, "interestIncome": 0, "interestExpense": 788000000, "depreciationAndAmortization": -749000000, "ebitda": 4361000000, "ebitdaratio": 0.1360813805, "operatingIncome": 5110000000, "operatingIncomeRatio": 0.159453303, "totalOtherIncomeExpensesNet": 3842000000, "incomeBeforeTax": 4322000000, "incomeBeforeTaxRatio": 0.1348644179, "incomeTaxExpense": 1031000000, "netIncome": 3291000000, "netIncomeRatio": 0.1026929198, "eps": 2.05, "epsdiluted": 2.03, "weightedAverageShsOut": 1597000000, "weightedAverageShsOutDil": 1612000000, "link": "https://www.sec.gov/Archives/edgar/data/1086888/000090956706000444/o30701exv99w3.htm", "finalLink": "https://www.sec.gov/Archives/edgar/data/1086888/000090956706000444/o30701exv99w3.htm", "calculatedOtherExpenses": 23361000000, "calculatedOperatingExpenses": 26937000000, "calculatedNetInterest": -788000000, "calculatedOtherIncome": 0, "calculatedIncomeNonControlling": 0, "calculatedEbitda": 4361000000}, {"date": "2004-12-31", "symbol": "MFC", "reportedCurrency": "CAD", "cik": "0001086888", "fillingDate": "2005-03-29", "acceptedDate": "2005-03-28 20:49:26", "calendarYear": "2004", "period": "FY", "revenue": 27150000000, "costOfRevenue": 0, "grossProfit": 27150000000, "grossProfitRatio": 1, "researchAndDevelopmentExpenses": 0, "generalAndAdministrativeExpenses": 0, "sellingAndMarketingExpenses": 0, "sellingGeneralAndAdministrativeExpenses": 3233000000, "otherExpenses": -26450000000, "operatingExpenses": -23217000000, "costAndExpenses": 23711000000, "interestIncome": 0, "interestExpense": 494000000, "depreciationAndAmortization": -675000000, "ebitda": 3258000000, "ebitdaratio": 0.12, "operatingIncome": 3933000000, "operatingIncomeRatio": 0.1448618785, "totalOtherIncomeExpensesNet": 3040000000, "incomeBeforeTax": 3439000000, "incomeBeforeTaxRatio": 0.1266666667, "incomeTaxExpense": 874000000, "netIncome": 2565000000, "netIncomeRatio": 0.0944751381, "eps": 1.83, "epsdiluted": 1.81, "weightedAverageShsOut": 1396000000, "weightedAverageShsOutDil": 1408000000, "link": "https://www.sec.gov/Archives/edgar/data/1086888/000090956705000658/0000909567-05-000658-index.html", "finalLink": "https://www.sec.gov/Archives/edgar/data/1086888/000090956705000658/t16142e40vf.htm", "calculatedOtherExpenses": 19984000000, "calculatedOperatingExpenses": 23217000000, "calculatedNetInterest": -494000000, "calculatedOtherIncome": 0, "calculatedIncomeNonControlling": 0, "calculatedEbitda": 3258000000}, {"date": "2003-12-31", "symbol": "MFC", "reportedCurrency": "CAD", "cik": "0001086888", "fillingDate": "2004-04-01", "acceptedDate": "2004-04-01 14:13:01", "calendarYear": "2003", "period": "FY", "revenue": 16656000000, "costOfRevenue": 0, "grossProfit": 16656000000, "grossProfitRatio": 1, "researchAndDevelopmentExpenses": 0, "generalAndAdministrativeExpenses": 2559000000, "sellingAndMarketingExpenses": 0, "sellingGeneralAndAdministrativeExpenses": 2559000000, "otherExpenses": -17110000000, "operatingExpenses": -14551000000, "costAndExpenses": 14804000000, "interestIncome": 0, "interestExpense": 253000000, "depreciationAndAmortization": 0, "ebitda": 2105000000, "ebitdaratio": 0.1263808838, "operatingIncome": 2105000000, "operatingIncomeRatio": 0.1263808838, "totalOtherIncomeExpensesNet": 1555000000, "incomeBeforeTax": 1852000000, "incomeBeforeTaxRatio": 0.1111911623, "incomeTaxExpense": 316000000, "netIncome": 1536000000, "netIncomeRatio": 0.0922190202, "eps": 1.66, "epsdiluted": 1.66, "weightedAverageShsOut": 926000000, "weightedAverageShsOutDil": 929909366, "link": "https://www.sec.gov/Archives/edgar/data/1086888/000090956704000460/0000909567-04-000460-index.html", "finalLink": "https://www.sec.gov/Archives/edgar/data/1086888/000090956704000460/t12457e40vf.htm", "calculatedOtherExpenses": 11992000000, "calculatedOperatingExpenses": 14551000000, "calculatedNetInterest": -253000000, "calculatedOtherIncome": 0, "calculatedIncomeNonControlling": 0, "calculatedEbitda": 2105000000}, {"date": "2002-12-31", "symbol": "MFC", "reportedCurrency": "CAD", "cik": "0001086888", "fillingDate": "2003-03-31", "acceptedDate": "2003-03-31 13:28:06", "calendarYear": "2002", "period": "FY", "revenue": 16532000000, "costOfRevenue": 0, "grossProfit": 16532000000, "grossProfitRatio": 1, "researchAndDevelopmentExpenses": 0, "generalAndAdministrativeExpenses": 0, "sellingAndMarketingExpenses": 0, "sellingGeneralAndAdministrativeExpenses": 2490000000, "otherExpenses": -17105000000, "operatingExpenses": -14615000000, "costAndExpenses": 14858000000, "interestIncome": 0, "interestExpense": 243000000, "depreciationAndAmortization": 0, "ebitda": 1917000000, "ebitdaratio": 0.115956932, "operatingIncome": 1917000000, "operatingIncomeRatio": 0.115956932, "totalOtherIncomeExpensesNet": 1518000000, "incomeBeforeTax": 1674000000, "incomeBeforeTaxRatio": 0.101258166, "incomeTaxExpense": 304000000, "netIncome": 1370000000, "netIncomeRatio": 0.0828695863, "eps": 1.45, "epsdiluted": 1.44, "weightedAverageShsOut": 952000000, "weightedAverageShsOutDil": 958000000, "link": "https://www.sec.gov/Archives/edgar/data/1086888/000090956703000463/0000909567-03-000463-index.html", "finalLink": "https://www.sec.gov/Archives/edgar/data/1086888/000090956703000463/t09368e40vf.htm", "calculatedOtherExpenses": 12125000000, "calculatedOperatingExpenses": 14615000000, "calculatedNetInterest": -243000000, "calculatedOtherIncome": 0, "calculatedIncomeNonControlling": 0, "calculatedEbitda": 1917000000}, {"date": "2001-12-31", "symbol": "MFC", "reportedCurrency": "CAD", "cik": "0001086888", "fillingDate": "2001-12-31", "acceptedDate": "2001-12-30 19:00:00", "calendarYear": "2001", "period": "FY", "revenue": 16231000000, "costOfRevenue": 0, "grossProfit": 16231000000, "grossProfitRatio": 1, "researchAndDevelopmentExpenses": 0, "generalAndAdministrativeExpenses": 0, "sellingAndMarketingExpenses": 0, "sellingGeneralAndAdministrativeExpenses": 2478000000, "otherExpenses": -17089000000, "operatingExpenses": -14611000000, "costAndExpenses": 14868000000, "interestIncome": 0, "interestExpense": 257000000, "depreciationAndAmortization": 0, "ebitda": 1620000000, "ebitdaratio": 0.0998090075, "operatingIncome": 1620000000, "operatingIncomeRatio": 0.0998090075, "totalOtherIncomeExpensesNet": 1505000000, "incomeBeforeTax": 1363000000, "incomeBeforeTaxRatio": 0.0839751094, "incomeTaxExpense": 196000000, "netIncome": 1167000000, "netIncomeRatio": 0.0718994517, "eps": 1.2, "epsdiluted": 1.19, "weightedAverageShsOut": 964000000, "weightedAverageShsOutDil": 972000000, "link": "", "finalLink": "", "calculatedOtherExpenses": 12133000000, "calculatedOperatingExpenses": 14611000000, "calculatedNetInterest": -257000000, "calculatedOtherIncome": 0, "calculatedIncomeNonControlling": 0, "calculatedEbitda": 1620000000}, {"date": "2000-12-31", "symbol": "MFC", "reportedCurrency": "CAD", "cik": "0001086888", "fillingDate": "2000-12-31", "acceptedDate": "2000-12-30 19:00:00", "calendarYear": "2000", "period": "FY", "revenue": 14174468370, "costOfRevenue": 0, "grossProfit": 14174468370, "grossProfitRatio": 1, "researchAndDevelopmentExpenses": 0, "generalAndAdministrativeExpenses": 0, "sellingAndMarketingExpenses": 0, "sellingGeneralAndAdministrativeExpenses": 0, "otherExpenses": -12640916160, "operatingExpenses": -12640916160, "costAndExpenses": 1278210510, "interestIncome": 0, "interestExpense": 190755270, "depreciationAndAmortization": 0, "ebitda": 1533552210, "ebitdaratio": 0.1081911624, "operatingIncome": 1533552210, "operatingIncomeRatio": 0.1081911624, "totalOtherIncomeExpensesNet": 5646055590, "incomeBeforeTax": 7179607800, "incomeBeforeTaxRatio": 0.5065169016, "incomeTaxExpense": 273365820, "netIncome": 1069431120, "netIncomeRatio": 0.0754477058, "eps": 1.11, "epsdiluted": 1.11, "weightedAverageShsOut": 966000000, "weightedAverageShsOutDil": 968000000, "link": "", "finalLink": "", "calculatedOtherExpenses": 12640916160, "calculatedOperatingExpenses": 12640916160, "calculatedNetInterest": -190755270, "calculatedOtherIncome": 5836810860, "calculatedIncomeNonControlling": 5836810860, "calculatedEbitda": 1533552210}, {"date": "1999-12-31", "symbol": "MFC", "reportedCurrency": "CAD", "cik": "0001086888", "fillingDate": "1999-12-31", "acceptedDate": "1999-12-30 19:00:00", "calendarYear": "1999", "period": "FY", "revenue": 14107362999, "costOfRevenue": 0, "grossProfit": 14107362999, "grossProfitRatio": 1, "researchAndDevelopmentExpenses": 0, "generalAndAdministrativeExpenses": 0, "sellingAndMarketingExpenses": 0, "sellingGeneralAndAdministrativeExpenses": 0, "otherExpenses": -12756174769, "operatingExpenses": -12756174769, "costAndExpenses": 1068324013, "interestIncome": 0, "interestExpense": 179529521, "depreciationAndAmortization": 0, "ebitda": 1351188230, "ebitdaratio": 0.0957789369, "operatingIncome": 1351188230, "operatingIncomeRatio": 0.0957789369, "totalOtherIncomeExpensesNet": 5407945846, "incomeBeforeTax": 6759134076, "incomeBeforeTaxRatio": 0.4791210148, "incomeTaxExpense": 302892571, "netIncome": 868766138, "netIncomeRatio": 0.0615824614, "eps": 0.88, "epsdiluted": 0.88, "weightedAverageShsOut": 990082250, "weightedAverageShsOutDil": 990082250, "link": "", "finalLink": "", "calculatedOtherExpenses": 12756174769, "calculatedOperatingExpenses": 12756174769, "calculatedNetInterest": -179529521, "calculatedOtherIncome": 5587475367, "calculatedIncomeNonControlling": 5587475367, "calculatedEbitda": 1351188230}, {"date": "1998-12-31", "symbol": "MFC", "reportedCurrency": "CAD", "cik": "0001086888", "fillingDate": "1998-12-31", "acceptedDate": "1998-12-30 19:00:00", "calendarYear": "1998", "period": "FY", "revenue": 10528407918, "costOfRevenue": 0, "grossProfit": 10528407918, "grossProfitRatio": 1, "researchAndDevelopmentExpenses": 0, "generalAndAdministrativeExpenses": 0, "sellingAndMarketingExpenses": 0, "sellingGeneralAndAdministrativeExpenses": 0, "otherExpenses": -9427906908, "operatingExpenses": -9427906908, "costAndExpenses": 908969292, "interestIncome": 0, "interestExpense": 156819474, "depreciationAndAmortization": 0, "ebitda": 1100501010, "ebitdaratio": 0.104526821, "operatingIncome": 1100501010, "operatingIncomeRatio": 0.104526821, "totalOtherIncomeExpensesNet": 4876763094, "incomeBeforeTax": 5977264104, "incomeBeforeTaxRatio": 0.5677272528, "incomeTaxExpense": 239145858, "netIncome": 704535678, "netIncomeRatio": 0.0669175894, "eps": 0.73, "epsdiluted": 0.73, "weightedAverageShsOut": 965683549, "weightedAverageShsOutDil": 965683549, "link": "", "finalLink": "", "calculatedOtherExpenses": 9427906908, "calculatedOperatingExpenses": 9427906908, "calculatedNetInterest": -156819474, "calculatedOtherIncome": 5033582568, "calculatedIncomeNonControlling": 5033582568, "calculatedEbitda": 1100501010}]}