{"originalCurrency": "USD", "convertedCurrency": "USD", "report": [{"date": "2023-12-31", "symbol": "MGA", "reportedCurrency": "USD", "cik": "0000749098", "fillingDate": "2023-12-31", "acceptedDate": "2023-12-29 19:00:00", "calendarYear": "2023", "period": "FY", "revenue": 43614433110, "costOfRevenue": 39309914939, "grossProfit": 4304518171, "grossProfitRatio": 0.0986948096, "researchAndDevelopmentExpenses": 877808058, "generalAndAdministrativeExpenses": 0, "sellingAndMarketingExpenses": 0, "sellingGeneralAndAdministrativeExpenses": 1209786512, "otherExpenses": 0, "operatingExpenses": 2087594570, "costAndExpenses": 41397509510, "interestIncome": 86000000, "interestExpense": 242000000, "depreciationAndAmortization": 1780056248, "ebitda": 3996979843, "ebitdaratio": 0.0916435124, "operatingIncome": 2216923598, "operatingIncomeRatio": 0.050830045, "totalOtherIncomeExpensesNet": -581471461, "incomeBeforeTax": 1635452137, "incomeBeforeTaxRatio": 0.037497957, "incomeTaxExpense": 325868420, "netIncome": 1213000000, "netIncomeRatio": 0.0278118942, "eps": 4.32, "epsdiluted": 4.31, "weightedAverageShsOut": 286200000, "weightedAverageShsOutDil": 286600000, "link": null, "finalLink": null, "calculatedOtherExpenses": 3, "calculatedOperatingExpenses": 2087594573, "calculatedNetInterest": -156000000, "calculatedOtherIncome": -425471461, "calculatedIncomeNonControlling": 96583717, "calculatedEbitda": 3996979846}, {"date": "2022-12-31", "symbol": "MGA", "reportedCurrency": "USD", "cik": "0000749098", "fillingDate": "2022-12-31", "acceptedDate": "2022-12-31 00:00:00", "calendarYear": "2022", "period": "FY", "revenue": 37840000000, "costOfRevenue": 33188000000, "grossProfit": 4652000000, "grossProfitRatio": 0.1229386892, "researchAndDevelopmentExpenses": 623284879, "generalAndAdministrativeExpenses": 0, "sellingAndMarketingExpenses": 0, "sellingGeneralAndAdministrativeExpenses": 1660000000, "otherExpenses": 1419000000, "operatingExpenses": 3079000000, "costAndExpenses": 36267000000, "interestIncome": 45000000, "interestExpense": 126000000, "depreciationAndAmortization": 1419000000, "ebitda": 3126000000, "ebitdaratio": 0.0826109937, "operatingIncome": 1707000000, "operatingIncomeRatio": 0.0451109937, "totalOtherIncomeExpensesNet": -829000000, "incomeBeforeTax": 878000000, "incomeBeforeTaxRatio": 0.0232029598, "incomeTaxExpense": 237000000, "netIncome": 592000000, "netIncomeRatio": 0.0156448203, "eps": 1.96, "epsdiluted": 1.95, "weightedAverageShsOut": 290400000, "weightedAverageShsOutDil": 291200000, "link": null, "finalLink": null, "calculatedOtherExpenses": 661715121, "calculatedOperatingExpenses": 2945000000, "calculatedNetInterest": -81000000, "calculatedOtherIncome": -748000000, "calculatedIncomeNonControlling": 49000000, "calculatedEbitda": 3126000000}, {"date": "2021-12-31", "symbol": "MGA", "reportedCurrency": "USD", "cik": "0000749098", "fillingDate": "2021-12-31", "acceptedDate": "2021-12-31 00:00:00", "calendarYear": "2021", "period": "FY", "revenue": 36242000000, "costOfRevenue": 31097000000, "grossProfit": 5145000000, "grossProfitRatio": 0.1419623641, "researchAndDevelopmentExpenses": 628421442, "generalAndAdministrativeExpenses": 0, "sellingAndMarketingExpenses": 0, "sellingGeneralAndAdministrativeExpenses": 1717000000, "otherExpenses": 1512000000, "operatingExpenses": 3229000000, "costAndExpenses": 34326000000, "interestIncome": 44000000, "interestExpense": 122000000, "depreciationAndAmortization": 1672000000, "ebitda": 3620000000, "ebitdaratio": 0.0998841124, "operatingIncome": 1948000000, "operatingIncomeRatio": 0.0537497931, "totalOtherIncomeExpensesNet": 110000000, "incomeBeforeTax": 1948000000, "incomeBeforeTaxRatio": 0.0537497931, "incomeTaxExpense": 395000000, "netIncome": 1514000000, "netIncomeRatio": 0.0417747365, "eps": 4.99, "epsdiluted": 4.96, "weightedAverageShsOut": 300600000, "weightedAverageShsOutDil": 302800000, "link": null, "finalLink": null, "calculatedOtherExpenses": 851578558, "calculatedOperatingExpenses": 3197000000, "calculatedNetInterest": -78000000, "calculatedOtherIncome": 78000000, "calculatedIncomeNonControlling": 39000000, "calculatedEbitda": 3620000000}, {"date": "2020-12-31", "symbol": "MGA", "reportedCurrency": "USD", "cik": "0000749098", "fillingDate": "2020-12-31", "acceptedDate": "2020-12-31 00:00:00", "calendarYear": "2020", "period": "FY", "revenue": 32647000000, "costOfRevenue": 28207000000, "grossProfit": 4440000000, "grossProfitRatio": 0.136000245, "researchAndDevelopmentExpenses": 873846123, "generalAndAdministrativeExpenses": 0, "sellingAndMarketingExpenses": 0, "sellingGeneralAndAdministrativeExpenses": 1587000000, "otherExpenses": 1366000000, "operatingExpenses": 2953000000, "costAndExpenses": 31160000000, "interestIncome": 19000000, "interestExpense": 105000000, "depreciationAndAmortization": 1366000000, "ebitda": 3061000000, "ebitdaratio": 0.0937605293, "operatingIncome": 1695000000, "operatingIncomeRatio": 0.0519190125, "totalOtherIncomeExpensesNet": -689000000, "incomeBeforeTax": 1006000000, "incomeBeforeTaxRatio": 0.0308144699, "incomeTaxExpense": 329000000, "netIncome": 757000000, "netIncomeRatio": 0.0231874292, "eps": 2.66, "epsdiluted": 2.65, "weightedAverageShsOut": 299700000, "weightedAverageShsOutDil": 300400000, "link": null, "finalLink": null, "calculatedOtherExpenses": 284153877, "calculatedOperatingExpenses": 2745000000, "calculatedNetInterest": -86000000, "calculatedOtherIncome": -603000000, "calculatedIncomeNonControlling": -80000000, "calculatedEbitda": 3061000000}, {"date": "2019-12-31", "symbol": "MGA", "reportedCurrency": "USD", "cik": "0000749098", "fillingDate": "2019-12-31", "acceptedDate": "2019-12-31 00:00:00", "calendarYear": "2019", "period": "FY", "revenue": 39431000000, "costOfRevenue": 34022000000, "grossProfit": 5409000000, "grossProfitRatio": 0.1371763333, "researchAndDevelopmentExpenses": 654879034, "generalAndAdministrativeExpenses": 0, "sellingAndMarketingExpenses": 0, "sellingGeneralAndAdministrativeExpenses": 1697000000, "otherExpenses": 1345000000, "operatingExpenses": 3042000000, "costAndExpenses": 37064000000, "interestIncome": 22000000, "interestExpense": 104000000, "depreciationAndAmortization": 1345000000, "ebitda": 3912000000, "ebitdaratio": 0.0992112805, "operatingIncome": 2567000000, "operatingIncomeRatio": 0.0651010626, "totalOtherIncomeExpensesNet": -344000000, "incomeBeforeTax": 2223000000, "incomeBeforeTaxRatio": 0.0563769623, "incomeTaxExpense": 591000000, "netIncome": 1765000000, "netIncomeRatio": 0.0447617357, "eps": 5.74, "epsdiluted": 5.72, "weightedAverageShsOut": 314700000, "weightedAverageShsOutDil": 315800000, "link": null, "finalLink": null, "calculatedOtherExpenses": 490120966, "calculatedOperatingExpenses": 2842000000, "calculatedNetInterest": -82000000, "calculatedOtherIncome": -262000000, "calculatedIncomeNonControlling": -133000000, "calculatedEbitda": 3912000000}, {"date": "2018-12-31", "symbol": "MGA", "reportedCurrency": "USD", "cik": "0000749098", "fillingDate": "2018-12-31", "acceptedDate": "2018-12-31 00:00:00", "calendarYear": "2018", "period": "FY", "revenue": 40827000000, "costOfRevenue": 35055000000, "grossProfit": 5772000000, "grossProfitRatio": 0.1413770299, "researchAndDevelopmentExpenses": 558013662, "generalAndAdministrativeExpenses": 1664000000, "sellingAndMarketingExpenses": 0, "sellingGeneralAndAdministrativeExpenses": 1664000000, "otherExpenses": 1278000000, "operatingExpenses": 2942000000, "costAndExpenses": 37997000000, "interestIncome": 20000000, "interestExpense": 113000000, "depreciationAndAmortization": 1278000000, "ebitda": 4405000000, "ebitdaratio": 0.1078942856, "operatingIncome": 3127000000, "operatingIncomeRatio": 0.0765914713, "totalOtherIncomeExpensesNet": 214000000, "incomeBeforeTax": 2951000000, "incomeBeforeTaxRatio": 0.0722805986, "incomeTaxExpense": 619000000, "netIncome": 2296000000, "netIncomeRatio": 0.0562372939, "eps": 6.65, "epsdiluted": 6.61, "weightedAverageShsOut": 345400000, "weightedAverageShsOutDil": 347500000, "link": null, "finalLink": null, "calculatedOtherExpenses": 422986338, "calculatedOperatingExpenses": 2645000000, "calculatedNetInterest": -93000000, "calculatedOtherIncome": -83000000, "calculatedIncomeNonControlling": 36000000, "calculatedEbitda": 4405000000}, {"date": "2017-12-31", "symbol": "MGA", "reportedCurrency": "USD", "cik": "0000749098", "fillingDate": "2017-12-31", "acceptedDate": "2017-12-31 00:00:00", "calendarYear": "2017", "period": "FY", "revenue": 38946000000, "costOfRevenue": 33258000000, "grossProfit": 5688000000, "grossProfitRatio": 0.1460483747, "researchAndDevelopmentExpenses": 540772800, "generalAndAdministrativeExpenses": 1668000000, "sellingAndMarketingExpenses": 0, "sellingGeneralAndAdministrativeExpenses": 1668000000, "otherExpenses": -39000000, "operatingExpenses": 2841000000, "costAndExpenses": 36099000000, "interestIncome": 20000000, "interestExpense": 90000000, "depreciationAndAmortization": 1173000000, "ebitda": 4301000000, "ebitdaratio": 0.1104349612, "operatingIncome": 3173000000, "operatingIncomeRatio": 0.0814717814, "totalOtherIncomeExpensesNet": 222000000, "incomeBeforeTax": 2999000000, "incomeBeforeTaxRatio": 0.0770040569, "incomeTaxExpense": 744000000, "netIncome": 2206000000, "netIncomeRatio": 0.0566425307, "eps": 5.93, "epsdiluted": 5.9, "weightedAverageShsOut": 371800000, "weightedAverageShsOutDil": 373900000, "link": null, "finalLink": null, "calculatedOtherExpenses": 306227200, "calculatedOperatingExpenses": 2515000000, "calculatedNetInterest": -70000000, "calculatedOtherIncome": -104000000, "calculatedIncomeNonControlling": 49000000, "calculatedEbitda": 4346000000}, {"date": "2016-12-31", "symbol": "MGA", "reportedCurrency": "USD", "cik": "0000749098", "fillingDate": "2016-12-31", "acceptedDate": "2016-12-31 00:00:00", "calendarYear": "2016", "period": "FY", "revenue": 36445000000, "costOfRevenue": 31123000000, "grossProfit": 5322000000, "grossProfitRatio": 0.1460282618, "researchAndDevelopmentExpenses": 460000000, "generalAndAdministrativeExpenses": 1601000000, "sellingAndMarketingExpenses": 0, "sellingGeneralAndAdministrativeExpenses": 1601000000, "otherExpenses": -30000000, "operatingExpenses": 2657000000, "costAndExpenses": 33780000000, "interestIncome": 12000000, "interestExpense": 88000000, "depreciationAndAmortization": 1056000000, "ebitda": 3954000000, "ebitdaratio": 0.1084922486, "operatingIncome": 2880000000, "operatingIncomeRatio": 0.0790231856, "totalOtherIncomeExpensesNet": 203000000, "incomeBeforeTax": 2780000000, "incomeBeforeTaxRatio": 0.076279325, "incomeTaxExpense": 706000000, "netIncome": 2031000000, "netIncomeRatio": 0.055727809, "eps": 5.19, "epsdiluted": 5.16, "weightedAverageShsOut": 391000000, "weightedAverageShsOutDil": 393200000, "link": null, "finalLink": null, "calculatedOtherExpenses": 381000000, "calculatedOperatingExpenses": 2442000000, "calculatedNetInterest": -76000000, "calculatedOtherIncome": -24000000, "calculatedIncomeNonControlling": 43000000, "calculatedEbitda": 3936000000}, {"date": "2015-12-31", "symbol": "MGA", "reportedCurrency": "USD", "cik": "0000749098", "fillingDate": "2015-12-31", "acceptedDate": "2015-12-31 00:00:00", "calendarYear": "2015", "period": "FY", "revenue": 32134000000, "costOfRevenue": 27559000000, "grossProfit": 4575000000, "grossProfitRatio": 0.1423725649, "researchAndDevelopmentExpenses": 0, "generalAndAdministrativeExpenses": 1448000000, "sellingAndMarketingExpenses": 0, "sellingGeneralAndAdministrativeExpenses": 1448000000, "otherExpenses": 166000000, "operatingExpenses": 2250000000, "costAndExpenses": 29809000000, "interestIncome": 14000000, "interestExpense": 58000000, "depreciationAndAmortization": 802000000, "ebitda": 3345000000, "ebitdaratio": 0.1040953507, "operatingIncome": 2543000000, "operatingIncomeRatio": 0.0791373623, "totalOtherIncomeExpensesNet": 370000000, "incomeBeforeTax": 2651000000, "incomeBeforeTaxRatio": 0.0824982884, "incomeTaxExpense": 711000000, "netIncome": 2013000000, "netIncomeRatio": 0.0626439285, "eps": 4.94, "epsdiluted": 4.88, "weightedAverageShsOut": 407500000, "weightedAverageShsOutDil": 412700000, "link": null, "finalLink": null, "calculatedOtherExpenses": 584000000, "calculatedOperatingExpenses": 2032000000, "calculatedNetInterest": -44000000, "calculatedOtherIncome": 152000000, "calculatedIncomeNonControlling": -73000000, "calculatedEbitda": 3345000000}, {"date": "2014-12-31", "symbol": "MGA", "reportedCurrency": "USD", "cik": "0000749098", "fillingDate": "2014-12-31", "acceptedDate": "2014-12-31 00:00:00", "calendarYear": "2014", "period": "FY", "revenue": 36641000000, "costOfRevenue": 31623000000, "grossProfit": 5018000000, "grossProfitRatio": 0.1369504107, "researchAndDevelopmentExpenses": 0, "generalAndAdministrativeExpenses": 1707000000, "sellingAndMarketingExpenses": 0, "sellingGeneralAndAdministrativeExpenses": 1707000000, "otherExpenses": -64000000, "operatingExpenses": 2597000000, "costAndExpenses": 34220000000, "interestIncome": 18000000, "interestExpense": 47000000, "depreciationAndAmortization": 890000000, "ebitda": 3540000000, "ebitdaratio": 0.0966130837, "operatingIncome": 2650000000, "operatingIncomeRatio": 0.0723233536, "totalOtherIncomeExpensesNet": 147000000, "incomeBeforeTax": 2539000000, "incomeBeforeTaxRatio": 0.0692939603, "incomeTaxExpense": 659000000, "netIncome": 1882000000, "netIncomeRatio": 0.051363227, "eps": 4.41, "epsdiluted": 4.35, "weightedAverageShsOut": 427200000, "weightedAverageShsOutDil": 433200000, "link": null, "finalLink": null, "calculatedOtherExpenses": 661000000, "calculatedOperatingExpenses": 2368000000, "calculatedNetInterest": -29000000, "calculatedOtherIncome": -82000000, "calculatedIncomeNonControlling": -2000000, "calculatedEbitda": 3540000000}, {"date": "2013-12-31", "symbol": "MGA", "reportedCurrency": "USD", "cik": "0000749098", "fillingDate": "2013-12-31", "acceptedDate": "2013-12-31 00:00:00", "calendarYear": "2013", "period": "FY", "revenue": 34835000000, "costOfRevenue": 30287000000, "grossProfit": 4548000000, "grossProfitRatio": 0.1305583465, "researchAndDevelopmentExpenses": 0, "generalAndAdministrativeExpenses": 1616000000, "sellingAndMarketingExpenses": 0, "sellingGeneralAndAdministrativeExpenses": 1616000000, "otherExpenses": -144000000, "operatingExpenses": 2679000000, "costAndExpenses": 32966000000, "interestIncome": 18000000, "interestExpense": 34000000, "depreciationAndAmortization": 1063000000, "ebitda": 3146000000, "ebitdaratio": 0.0903114684, "operatingIncome": 2083000000, "operatingIncomeRatio": 0.059796182, "totalOtherIncomeExpensesNet": 52000000, "incomeBeforeTax": 1905000000, "incomeBeforeTaxRatio": 0.0546863786, "incomeTaxExpense": 360000000, "netIncome": 1561000000, "netIncomeRatio": 0.0448112531, "eps": 3.43, "epsdiluted": 3.38, "weightedAverageShsOut": 455800000, "weightedAverageShsOutDil": 461600000, "link": null, "finalLink": null, "calculatedOtherExpenses": 849000000, "calculatedOperatingExpenses": 2465000000, "calculatedNetInterest": -16000000, "calculatedOtherIncome": -162000000, "calculatedIncomeNonControlling": -16000000, "calculatedEbitda": 3146000000}, {"date": "2012-12-31", "symbol": "MGA", "reportedCurrency": "USD", "cik": "0000749098", "fillingDate": "2012-12-31", "acceptedDate": "2012-12-31 00:00:00", "calendarYear": "2012", "period": "FY", "revenue": 30837000000, "costOfRevenue": 27010000000, "grossProfit": 3827000000, "grossProfitRatio": 0.1241041606, "researchAndDevelopmentExpenses": 0, "generalAndAdministrativeExpenses": 1519000000, "sellingAndMarketingExpenses": 0, "sellingGeneralAndAdministrativeExpenses": 1519000000, "otherExpenses": 108000000, "operatingExpenses": 2320000000, "costAndExpenses": 29330000000, "interestIncome": 18000000, "interestExpense": 34000000, "depreciationAndAmortization": 801000000, "ebitda": 2585000000, "ebitdaratio": 0.0838278691, "operatingIncome": 1676000000, "operatingIncomeRatio": 0.0543502935, "totalOtherIncomeExpensesNet": 259000000, "incomeBeforeTax": 1750000000, "incomeBeforeTaxRatio": 0.0567500081, "incomeTaxExpense": 324000000, "netIncome": 1433000000, "netIncomeRatio": 0.0464701495, "eps": 3.09, "epsdiluted": 3.05, "weightedAverageShsOut": 464800000, "weightedAverageShsOutDil": 470400000, "link": null, "finalLink": null, "calculatedOtherExpenses": 632000000, "calculatedOperatingExpenses": 2151000000, "calculatedNetInterest": -16000000, "calculatedOtherIncome": 90000000, "calculatedIncomeNonControlling": -7000000, "calculatedEbitda": 2477000000}, {"date": "2011-12-31", "symbol": "MGA", "reportedCurrency": "USD", "cik": "0000749098", "fillingDate": "2011-12-31", "acceptedDate": "2011-12-31 00:00:00", "calendarYear": "2011", "period": "FY", "revenue": 28748000000, "costOfRevenue": 25401000000, "grossProfit": 3347000000, "grossProfitRatio": 0.1164254905, "researchAndDevelopmentExpenses": 0, "generalAndAdministrativeExpenses": 1415000000, "sellingAndMarketingExpenses": 0, "sellingGeneralAndAdministrativeExpenses": 1415000000, "otherExpenses": 686000000, "operatingExpenses": 2101000000, "costAndExpenses": 27502000000, "interestIncome": 25000000, "interestExpense": 19000000, "depreciationAndAmortization": 686000000, "ebitda": 1766000000, "ebitdaratio": 0.0614303604, "operatingIncome": 1080000000, "operatingIncomeRatio": 0.0375678308, "totalOtherIncomeExpensesNet": 35000000, "incomeBeforeTax": 1217000000, "incomeBeforeTaxRatio": 0.0423333797, "incomeTaxExpense": 202000000, "netIncome": 1018000000, "netIncomeRatio": 0.035411159, "eps": 2.13, "epsdiluted": 2.1, "weightedAverageShsOut": 478600000, "weightedAverageShsOutDil": 485600000, "link": null, "finalLink": null, "calculatedOtherExpenses": 852000000, "calculatedOperatingExpenses": 2267000000, "calculatedNetInterest": 6000000, "calculatedOtherIncome": 131000000, "calculatedIncomeNonControlling": -3000000, "calculatedEbitda": 1766000000}, {"date": "2010-12-31", "symbol": "MGA", "reportedCurrency": "USD", "cik": "0000749098", "fillingDate": "2010-12-31", "acceptedDate": "2010-12-31 00:00:00", "calendarYear": "2010", "period": "FY", "revenue": 24102000000, "costOfRevenue": 20924000000, "grossProfit": 3178000000, "grossProfitRatio": 0.1318562775, "researchAndDevelopmentExpenses": 0, "generalAndAdministrativeExpenses": 1340000000, "sellingAndMarketingExpenses": 0, "sellingGeneralAndAdministrativeExpenses": 1340000000, "otherExpenses": 628000000, "operatingExpenses": 1968000000, "costAndExpenses": 22892000000, "interestIncome": 22000000, "interestExpense": 12000000, "depreciationAndAmortization": 661000000, "ebitda": 1893000000, "ebitdaratio": 0.0785411999, "operatingIncome": 1232000000, "operatingIncomeRatio": 0.05111609, "totalOtherIncomeExpensesNet": -23000000, "incomeBeforeTax": 1197000000, "incomeBeforeTaxRatio": 0.0496639283, "incomeTaxExpense": 236000000, "netIncome": 973000000, "netIncomeRatio": 0.0403700938, "eps": 2.12, "epsdiluted": 2.09, "weightedAverageShsOut": 460000000, "weightedAverageShsOutDil": 466000000, "link": null, "finalLink": null, "calculatedOtherExpenses": 606000000, "calculatedOperatingExpenses": 1946000000, "calculatedNetInterest": 10000000, "calculatedOtherIncome": -45000000, "calculatedIncomeNonControlling": -12000000, "calculatedEbitda": 1893000000}, {"date": "2009-12-31", "symbol": "MGA", "reportedCurrency": "USD", "cik": "0000749098", "fillingDate": "2009-12-31", "acceptedDate": "2009-12-31 00:00:00", "calendarYear": "2009", "period": "FY", "revenue": 17367000000, "costOfRevenue": 15697000000, "grossProfit": 1670000000, "grossProfitRatio": 0.0961593827, "researchAndDevelopmentExpenses": 0, "generalAndAdministrativeExpenses": 1261000000, "sellingAndMarketingExpenses": 0, "sellingGeneralAndAdministrativeExpenses": 1261000000, "otherExpenses": 730000000, "operatingExpenses": 1991000000, "costAndExpenses": 17688000000, "interestIncome": 20000000, "interestExpense": 27000000, "depreciationAndAmortization": 737000000, "ebitda": 436000000, "ebitdaratio": 0.0251050844, "operatingIncome": -301000000, "operatingIncomeRatio": -0.0173317211, "totalOtherIncomeExpensesNet": -183000000, "incomeBeforeTax": -511000000, "incomeBeforeTaxRatio": -0.0294236195, "incomeTaxExpense": -18000000, "netIncome": -493000000, "netIncomeRatio": -0.0283871711, "eps": -1.1, "epsdiluted": -1.1, "weightedAverageShsOut": 447200000, "weightedAverageShsOutDil": 447200000, "link": null, "finalLink": null, "calculatedOtherExpenses": 710000000, "calculatedOperatingExpenses": 1971000000, "calculatedNetInterest": -7000000, "calculatedOtherIncome": -203000000, "calculatedIncomeNonControlling": 0, "calculatedEbitda": 436000000}, {"date": "2008-12-31", "symbol": "MGA", "reportedCurrency": "USD", "cik": "0000749098", "fillingDate": "2008-12-31", "acceptedDate": "2008-12-31 00:00:00", "calendarYear": "2008", "period": "FY", "revenue": 23704000000, "costOfRevenue": 20982000000, "grossProfit": 2722000000, "grossProfitRatio": 0.1148329396, "researchAndDevelopmentExpenses": 0, "generalAndAdministrativeExpenses": 1319000000, "sellingAndMarketingExpenses": 0, "sellingGeneralAndAdministrativeExpenses": 1319000000, "otherExpenses": 1075000000, "operatingExpenses": 2394000000, "costAndExpenses": 23376000000, "interestIncome": 0, "interestExpense": 283000000, "depreciationAndAmortization": 873000000, "ebitda": 1484000000, "ebitdaratio": 0.0626054674, "operatingIncome": 611000000, "operatingIncomeRatio": 0.0257762403, "totalOtherIncomeExpensesNet": -264000000, "incomeBeforeTax": 328000000, "incomeBeforeTaxRatio": 0.013837327, "incomeTaxExpense": 257000000, "netIncome": 71000000, "netIncomeRatio": 0.0029952751, "eps": 0.16, "epsdiluted": 0.16, "weightedAverageShsOut": 451200000, "weightedAverageShsOutDil": 455600000, "link": null, "finalLink": null, "calculatedOtherExpenses": 792000000, "calculatedOperatingExpenses": 2111000000, "calculatedNetInterest": -283000000, "calculatedOtherIncome": 0, "calculatedIncomeNonControlling": 0, "calculatedEbitda": 1484000000}, {"date": "2007-12-31", "symbol": "MGA", "reportedCurrency": "USD", "cik": "0000749098", "fillingDate": "2007-12-31", "acceptedDate": "2007-12-31 00:00:00", "calendarYear": "2007", "period": "FY", "revenue": 26067000000, "costOfRevenue": 22599000000, "grossProfit": 3468000000, "grossProfitRatio": 0.133041777, "researchAndDevelopmentExpenses": 0, "generalAndAdministrativeExpenses": 1461000000, "sellingAndMarketingExpenses": 0, "sellingGeneralAndAdministrativeExpenses": 1461000000, "otherExpenses": 855000000, "operatingExpenses": 2316000000, "costAndExpenses": 24915000000, "interestIncome": 0, "interestExpense": 56000000, "depreciationAndAmortization": 872000000, "ebitda": 2080000000, "ebitdaratio": 0.079794376, "operatingIncome": 1208000000, "operatingIncomeRatio": 0.0463421184, "totalOtherIncomeExpensesNet": -45000000, "incomeBeforeTax": 1152000000, "incomeBeforeTaxRatio": 0.0441938083, "incomeTaxExpense": 489000000, "netIncome": 663000000, "netIncomeRatio": 0.0254344574, "eps": 1.49, "epsdiluted": 1.47, "weightedAverageShsOut": 445600000, "weightedAverageShsOutDil": 456400000, "link": null, "finalLink": null, "calculatedOtherExpenses": 799000000, "calculatedOperatingExpenses": 2260000000, "calculatedNetInterest": -56000000, "calculatedOtherIncome": 0, "calculatedIncomeNonControlling": 0, "calculatedEbitda": 2080000000}, {"date": "2006-12-31", "symbol": "MGA", "reportedCurrency": "USD", "cik": "0000749098", "fillingDate": "2006-12-31", "acceptedDate": "2006-12-31 00:00:00", "calendarYear": "2006", "period": "FY", "revenue": 24180000000, "costOfRevenue": 21211000000, "grossProfit": 2969000000, "grossProfitRatio": 0.1227874276, "researchAndDevelopmentExpenses": 0, "generalAndAdministrativeExpenses": 1360000000, "sellingAndMarketingExpenses": 0, "sellingGeneralAndAdministrativeExpenses": 1360000000, "otherExpenses": 817000000, "operatingExpenses": 2177000000, "costAndExpenses": 23388000000, "interestIncome": 0, "interestExpense": 54000000, "depreciationAndAmortization": 790000000, "ebitda": 1636000000, "ebitdaratio": 0.0676592225, "operatingIncome": 846000000, "operatingIncomeRatio": 0.0349875931, "totalOtherIncomeExpensesNet": -41000000, "incomeBeforeTax": 792000000, "incomeBeforeTaxRatio": 0.0327543424, "incomeTaxExpense": 264000000, "netIncome": 528000000, "netIncomeRatio": 0.0218362283, "eps": 1.22, "epsdiluted": 1.2, "weightedAverageShsOut": 434400000, "weightedAverageShsOutDil": 445600000, "link": null, "finalLink": null, "calculatedOtherExpenses": 763000000, "calculatedOperatingExpenses": 2123000000, "calculatedNetInterest": -54000000, "calculatedOtherIncome": 0, "calculatedIncomeNonControlling": 0, "calculatedEbitda": 1636000000}, {"date": "2005-12-31", "symbol": "MGA", "reportedCurrency": "USD", "cik": "0000749098", "fillingDate": "2005-12-31", "acceptedDate": "2005-12-31 00:00:00", "calendarYear": "2005", "period": "FY", "revenue": 22811000000, "costOfRevenue": 19831000000, "grossProfit": 2980000000, "grossProfitRatio": 0.1306387269, "researchAndDevelopmentExpenses": 0, "generalAndAdministrativeExpenses": 1198000000, "sellingAndMarketingExpenses": 0, "sellingGeneralAndAdministrativeExpenses": 1198000000, "otherExpenses": 840000000, "operatingExpenses": 2038000000, "costAndExpenses": 21869000000, "interestIncome": 0, "interestExpense": 142000000, "depreciationAndAmortization": 711000000, "ebitda": 1784000000, "ebitdaratio": 0.0782078822, "operatingIncome": 1073000000, "operatingIncomeRatio": 0.0470387094, "totalOtherIncomeExpensesNet": -123000000, "incomeBeforeTax": 931000000, "incomeBeforeTaxRatio": 0.0408136425, "incomeTaxExpense": 292000000, "netIncome": 639000000, "netIncomeRatio": 0.0280128008, "eps": 1.5, "epsdiluted": 1.48, "weightedAverageShsOut": 426800000, "weightedAverageShsOutDil": 436000000, "link": null, "finalLink": null, "calculatedOtherExpenses": 709000000, "calculatedOperatingExpenses": 1907000000, "calculatedNetInterest": -142000000, "calculatedOtherIncome": 0, "calculatedIncomeNonControlling": 0, "calculatedEbitda": 1784000000}, {"date": "2004-12-31", "symbol": "MGA", "reportedCurrency": "USD", "cik": "0000749098", "fillingDate": "2004-12-31", "acceptedDate": "2004-12-31 00:00:00", "calendarYear": "2004", "period": "FY", "revenue": 20653000000, "costOfRevenue": 17696000000, "grossProfit": 2957000000, "grossProfitRatio": 0.1431753256, "researchAndDevelopmentExpenses": 0, "generalAndAdministrativeExpenses": 1186000000, "sellingAndMarketingExpenses": 0, "sellingGeneralAndAdministrativeExpenses": 1186000000, "otherExpenses": 598000000, "operatingExpenses": 1784000000, "costAndExpenses": 19480000000, "interestIncome": 35000000, "interestExpense": 30000000, "depreciationAndAmortization": 598000000, "ebitda": 1820000000, "ebitdaratio": 0.0881227909, "operatingIncome": 1222000000, "operatingIncomeRatio": 0.0591681596, "totalOtherIncomeExpensesNet": -22000000, "incomeBeforeTax": 1156000000, "incomeBeforeTaxRatio": 0.0559724979, "incomeTaxExpense": 398000000, "netIncome": 692000000, "netIncomeRatio": 0.0335060282, "eps": 1.75, "epsdiluted": 1.74, "weightedAverageShsOut": 386800000, "weightedAverageShsOutDil": 389200000, "link": null, "finalLink": null, "calculatedOtherExpenses": 549000000, "calculatedOperatingExpenses": 1735000000, "calculatedNetInterest": 5000000, "calculatedOtherIncome": -71000000, "calculatedIncomeNonControlling": 66000000, "calculatedEbitda": 1820000000}, {"date": "2003-12-31", "symbol": "MGA", "reportedCurrency": "USD", "cik": "0000749098", "fillingDate": "2003-12-31", "acceptedDate": "2003-12-31 00:00:00", "calendarYear": "2003", "period": "FY", "revenue": 15345000000, "costOfRevenue": 12805000000, "grossProfit": 2540000000, "grossProfitRatio": 0.16552623, "researchAndDevelopmentExpenses": 0, "generalAndAdministrativeExpenses": 1007000000, "sellingAndMarketingExpenses": 0, "sellingGeneralAndAdministrativeExpenses": 1007000000, "otherExpenses": 493000000, "operatingExpenses": 1500000000, "costAndExpenses": 14305000000, "interestIncome": 0, "interestExpense": 168000000, "depreciationAndAmortization": 505000000, "ebitda": 1568000000, "ebitdaratio": 0.1021831215, "operatingIncome": 1063000000, "operatingIncomeRatio": 0.069273379, "totalOtherIncomeExpensesNet": -7000000, "incomeBeforeTax": 962000000, "incomeBeforeTaxRatio": 0.0626914304, "incomeTaxExpense": 373000000, "netIncome": 522000000, "netIncomeRatio": 0.0340175953, "eps": 1.3, "epsdiluted": 1.3, "weightedAverageShsOut": 383600000, "weightedAverageShsOutDil": 385200000, "link": null, "finalLink": null, "calculatedOtherExpenses": 470000000, "calculatedOperatingExpenses": 1477000000, "calculatedNetInterest": -168000000, "calculatedOtherIncome": 67000000, "calculatedIncomeNonControlling": 67000000, "calculatedEbitda": 1568000000}, {"date": "2002-12-31", "symbol": "MGA", "reportedCurrency": "USD", "cik": "0000749098", "fillingDate": "2002-12-31", "acceptedDate": "2002-12-31 00:00:00", "calendarYear": "2002", "period": "FY", "revenue": 12971000000, "costOfRevenue": 10827000000, "grossProfit": 2144000000, "grossProfitRatio": 0.1652918048, "researchAndDevelopmentExpenses": 0, "generalAndAdministrativeExpenses": 780000000, "sellingAndMarketingExpenses": 0, "sellingGeneralAndAdministrativeExpenses": 780000000, "otherExpenses": 422000000, "operatingExpenses": 1202000000, "costAndExpenses": 12029000000, "interestIncome": 46000000, "interestExpense": 33000000, "depreciationAndAmortization": 445000000, "ebitda": 1456000000, "ebitdaratio": 0.1122504047, "operatingIncome": 1011000000, "operatingIncomeRatio": 0.0779431038, "totalOtherIncomeExpensesNet": -27000000, "incomeBeforeTax": 928000000, "incomeBeforeTaxRatio": 0.071544214, "incomeTaxExpense": 317000000, "netIncome": 554000000, "netIncomeRatio": 0.0427106622, "eps": 1.45, "epsdiluted": 1.45, "weightedAverageShsOut": 354800000, "weightedAverageShsOutDil": 368000000, "link": null, "finalLink": null, "calculatedOtherExpenses": 353000000, "calculatedOperatingExpenses": 1133000000, "calculatedNetInterest": 13000000, "calculatedOtherIncome": -96000000, "calculatedIncomeNonControlling": 57000000, "calculatedEbitda": 1456000000}, {"date": "2001-12-31", "symbol": "MGA", "reportedCurrency": "USD", "cik": "0000749098", "fillingDate": "2001-12-31", "acceptedDate": "2001-12-31 00:00:00", "calendarYear": "2001", "period": "FY", "revenue": 11026000000, "costOfRevenue": 8588000000, "grossProfit": 2438000000, "grossProfitRatio": 0.2211137312, "researchAndDevelopmentExpenses": 0, "generalAndAdministrativeExpenses": 685000000, "sellingAndMarketingExpenses": 0, "sellingGeneralAndAdministrativeExpenses": 685000000, "otherExpenses": 399000000, "operatingExpenses": 1084000000, "costAndExpenses": 9672000000, "interestIncome": 33000000, "interestExpense": 35000000, "depreciationAndAmortization": 425000000, "ebitda": 1828000000, "ebitdaratio": 0.165789951, "operatingIncome": 1403000000, "operatingIncomeRatio": 0.1272446944, "totalOtherIncomeExpensesNet": -434000000, "incomeBeforeTax": 918000000, "incomeBeforeTaxRatio": 0.0832577544, "incomeTaxExpense": 290000000, "netIncome": 580000000, "netIncomeRatio": 0.0526029385, "eps": 1.64, "epsdiluted": 1.55, "weightedAverageShsOut": 320400000, "weightedAverageShsOutDil": 365600000, "link": null, "finalLink": null, "calculatedOtherExpenses": 350000000, "calculatedOperatingExpenses": 1035000000, "calculatedNetInterest": -2000000, "calculatedOtherIncome": -483000000, "calculatedIncomeNonControlling": 48000000, "calculatedEbitda": 1828000000}, {"date": "2000-12-31", "symbol": "MGA", "reportedCurrency": "USD", "cik": "0000749098", "fillingDate": "2000-12-31", "acceptedDate": "2000-12-31 00:00:00", "calendarYear": "2000", "period": "FY", "revenue": 10513000000, "costOfRevenue": 8264000000, "grossProfit": 2249000000, "grossProfitRatio": 0.2139256159, "researchAndDevelopmentExpenses": 0, "generalAndAdministrativeExpenses": 655000000, "sellingAndMarketingExpenses": 0, "sellingGeneralAndAdministrativeExpenses": 655000000, "otherExpenses": 372000000, "operatingExpenses": 1027000000, "costAndExpenses": 9291000000, "interestIncome": 32000000, "interestExpense": 45000000, "depreciationAndAmortization": 392000000, "ebitda": 1660000000, "ebitdaratio": 0.1578997432, "operatingIncome": 1268000000, "operatingIncomeRatio": 0.1206125749, "totalOtherIncomeExpensesNet": -237000000, "incomeBeforeTax": 972000000, "incomeBeforeTaxRatio": 0.0924569581, "incomeTaxExpense": 348000000, "netIncome": 598000000, "netIncomeRatio": 0.0568819557, "eps": 1.76, "epsdiluted": 1.61, "weightedAverageShsOut": 314000000, "weightedAverageShsOutDil": 366000000, "link": null, "finalLink": null, "calculatedOtherExpenses": 326000000, "calculatedOperatingExpenses": 981000000, "calculatedNetInterest": -13000000, "calculatedOtherIncome": -283000000, "calculatedIncomeNonControlling": 26000000, "calculatedEbitda": 1660000000}, {"date": "1999-12-31", "symbol": "MGA", "reportedCurrency": "USD", "cik": "0000749098", "fillingDate": "1999-12-31", "acceptedDate": "1999-12-31 00:00:00", "calendarYear": "1999", "period": "FY", "revenue": 9359000000, "costOfRevenue": 7622000000, "grossProfit": 1737000000, "grossProfitRatio": 0.1855967518, "researchAndDevelopmentExpenses": 0, "generalAndAdministrativeExpenses": 607000000, "sellingAndMarketingExpenses": 0, "sellingGeneralAndAdministrativeExpenses": 607000000, "otherExpenses": 354000000, "operatingExpenses": 961000000, "costAndExpenses": 8583000000, "interestIncome": 27000000, "interestExpense": 43000000, "depreciationAndAmortization": 362000000, "ebitda": 1182000000, "ebitdaratio": 0.1262955444, "operatingIncome": 820000000, "operatingIncomeRatio": 0.0876161983, "totalOtherIncomeExpensesNet": -78000000, "incomeBeforeTax": 682000000, "incomeBeforeTaxRatio": 0.0728710332, "incomeTaxExpense": 233000000, "netIncome": 430000000, "netIncomeRatio": 0.0459450796, "eps": 1.24, "epsdiluted": 1.16, "weightedAverageShsOut": 314000000, "weightedAverageShsOutDil": 364400000, "link": null, "finalLink": null, "calculatedOtherExpenses": 310000000, "calculatedOperatingExpenses": 917000000, "calculatedNetInterest": -16000000, "calculatedOtherIncome": -122000000, "calculatedIncomeNonControlling": 19000000, "calculatedEbitda": 1182000000}, {"date": "1998-12-31", "symbol": "MGA", "reportedCurrency": "USD", "cik": "0000749098", "fillingDate": "1998-12-31", "acceptedDate": "1998-12-31 00:00:00", "calendarYear": "1998", "period": "FY", "revenue": 3396000000, "costOfRevenue": 2833000000, "grossProfit": 563000000, "grossProfitRatio": 0.1657832744, "researchAndDevelopmentExpenses": 0, "generalAndAdministrativeExpenses": 0, "sellingAndMarketingExpenses": 0, "sellingGeneralAndAdministrativeExpenses": 229000000, "otherExpenses": 126000000, "operatingExpenses": 355000000, "costAndExpenses": 3188000000, "interestIncome": 0, "interestExpense": -9000000, "depreciationAndAmortization": 126000000, "ebitda": 327000000, "ebitdaratio": 0.0962897527, "operatingIncome": 201000000, "operatingIncomeRatio": 0.0591872792, "totalOtherIncomeExpensesNet": 7000000, "incomeBeforeTax": 210000000, "incomeBeforeTaxRatio": 0.0618374558, "incomeTaxExpense": 73000000, "netIncome": 137000000, "netIncomeRatio": 0.0403415783, "eps": 0.41, "epsdiluted": 0.39, "weightedAverageShsOut": 338271605, "weightedAverageShsOutDil": 353548387, "link": null, "finalLink": null, "calculatedOtherExpenses": 133000000, "calculatedOperatingExpenses": 362000000, "calculatedNetInterest": 9000000, "calculatedOtherIncome": 0, "calculatedIncomeNonControlling": 0, "calculatedEbitda": 327000000}, {"date": "1997-07-31", "symbol": "MGA", "reportedCurrency": "USD", "cik": "0000749098", "fillingDate": "1997-07-31", "acceptedDate": "1997-07-31 00:00:00", "calendarYear": "1997", "period": "FY", "revenue": 5580400000, "costOfRevenue": 4618700000, "grossProfit": 961700000, "grossProfitRatio": 0.1723353165, "researchAndDevelopmentExpenses": 0, "generalAndAdministrativeExpenses": 349500000, "sellingAndMarketingExpenses": 0, "sellingGeneralAndAdministrativeExpenses": 349500000, "otherExpenses": 168400000, "operatingExpenses": 517900000, "costAndExpenses": 5136600000, "interestIncome": 0, "interestExpense": -335200000, "depreciationAndAmortization": 168400000, "ebitda": 439700000, "ebitdaratio": 0.0787936349, "operatingIncome": 271300000, "operatingIncomeRatio": 0.0486165866, "totalOtherIncomeExpensesNet": 172500000, "incomeBeforeTax": 606500000, "incomeBeforeTaxRatio": 0.1086839653, "incomeTaxExpense": 168700000, "netIncome": 437800000, "netIncomeRatio": 0.0784531575, "eps": 1.35, "epsdiluted": 1.27, "weightedAverageShsOut": 281600000, "weightedAverageShsOutDil": 317200000, "link": null, "finalLink": null, "calculatedOtherExpenses": 340900000, "calculatedOperatingExpenses": 690400000, "calculatedNetInterest": 335200000, "calculatedOtherIncome": 0, "calculatedIncomeNonControlling": 0, "calculatedEbitda": 439700000}, {"date": "1996-07-31", "symbol": "MGA", "reportedCurrency": "USD", "cik": "0000749098", "fillingDate": "1996-07-31", "acceptedDate": "1996-07-31 00:00:00", "calendarYear": "1996", "period": "FY", "revenue": 4261600000, "costOfRevenue": 3501100000, "grossProfit": 760500000, "grossProfitRatio": 0.1784541017, "researchAndDevelopmentExpenses": 0, "generalAndAdministrativeExpenses": 274900000, "sellingAndMarketingExpenses": 0, "sellingGeneralAndAdministrativeExpenses": 274900000, "otherExpenses": 138500000, "operatingExpenses": 413400000, "costAndExpenses": 3914500000, "interestIncome": 0, "interestExpense": -5500000, "depreciationAndAmortization": 138500000, "ebitda": 471400000, "ebitdaratio": 0.1106157312, "operatingIncome": 332900000, "operatingIncomeRatio": 0.0781162005, "totalOtherIncomeExpensesNet": 14200000, "incomeBeforeTax": 338400000, "incomeBeforeTaxRatio": 0.0794067956, "incomeTaxExpense": 113500000, "netIncome": 224900000, "netIncomeRatio": 0.0527736062, "eps": 0.8, "epsdiluted": 0.77, "weightedAverageShsOut": 248800000, "weightedAverageShsOutDil": 278400000, "link": null, "finalLink": null, "calculatedOtherExpenses": 152700000, "calculatedOperatingExpenses": 427600000, "calculatedNetInterest": 5500000, "calculatedOtherIncome": 0, "calculatedIncomeNonControlling": 0, "calculatedEbitda": 471400000}, {"date": "1995-07-31", "symbol": "MGA", "reportedCurrency": "USD", "cik": "0000749098", "fillingDate": "1995-07-31", "acceptedDate": "1995-07-31 00:00:00", "calendarYear": "1995", "period": "FY", "revenue": 3309600000, "costOfRevenue": 2677600000, "grossProfit": 632000000, "grossProfitRatio": 0.1909596326, "researchAndDevelopmentExpenses": 0, "generalAndAdministrativeExpenses": 219200000, "sellingAndMarketingExpenses": 0, "sellingGeneralAndAdministrativeExpenses": 219200000, "otherExpenses": 108800000, "operatingExpenses": 328000000, "costAndExpenses": 3005600000, "interestIncome": 0, "interestExpense": -71300000, "depreciationAndAmortization": 108800000, "ebitda": 373300000, "ebitdaratio": 0.1127930868, "operatingIncome": 264500000, "operatingIncomeRatio": 0.0799190234, "totalOtherIncomeExpensesNet": 39500000, "incomeBeforeTax": 335800000, "incomeBeforeTaxRatio": 0.1014624124, "incomeTaxExpense": 103300000, "netIncome": 232500000, "netIncomeRatio": 0.0702501813, "eps": 0.95, "epsdiluted": 0.94, "weightedAverageShsOut": 243846154, "weightedAverageShsOutDil": 245736434, "link": null, "finalLink": null, "calculatedOtherExpenses": 148300000, "calculatedOperatingExpenses": 367500000, "calculatedNetInterest": 71300000, "calculatedOtherIncome": 0, "calculatedIncomeNonControlling": 0, "calculatedEbitda": 373300000}, {"date": "1994-07-31", "symbol": "MGA", "reportedCurrency": "USD", "cik": "0000749098", "fillingDate": "1994-07-31", "acceptedDate": "1994-07-31 00:00:00", "calendarYear": "1994", "period": "FY", "revenue": 2573600000, "costOfRevenue": 2055400000, "grossProfit": 518200000, "grossProfitRatio": 0.2013521915, "researchAndDevelopmentExpenses": 0, "generalAndAdministrativeExpenses": 0, "sellingAndMarketingExpenses": 0, "sellingGeneralAndAdministrativeExpenses": 177300000, "otherExpenses": 85900000, "operatingExpenses": 263200000, "costAndExpenses": 2318600000, "interestIncome": 0, "interestExpense": -30800000, "depreciationAndAmortization": 85900000, "ebitda": 317000000, "ebitdaratio": 0.1231737644, "operatingIncome": 231100000, "operatingIncomeRatio": 0.0897963942, "totalOtherIncomeExpensesNet": 23900000, "incomeBeforeTax": 261900000, "incomeBeforeTaxRatio": 0.1017640659, "incomeTaxExpense": 92900000, "netIncome": 169000000, "netIncomeRatio": 0.0656667703, "eps": 0.76, "epsdiluted": 0.7, "weightedAverageShsOut": 224306220, "weightedAverageShsOutDil": 242273902, "link": null, "finalLink": null, "calculatedOtherExpenses": 109800000, "calculatedOperatingExpenses": 287100000, "calculatedNetInterest": 30800000, "calculatedOtherIncome": 0, "calculatedIncomeNonControlling": 0, "calculatedEbitda": 317000000}, {"date": "1993-07-31", "symbol": "MGA", "reportedCurrency": "USD", "cik": "0000749098", "fillingDate": "1993-07-31", "acceptedDate": "1993-07-31 00:00:00", "calendarYear": "1993", "period": "FY", "revenue": 2028300000, "costOfRevenue": 1637300000, "grossProfit": 391000000, "grossProfitRatio": 0.1927722723, "researchAndDevelopmentExpenses": 0, "generalAndAdministrativeExpenses": 0, "sellingAndMarketingExpenses": 0, "sellingGeneralAndAdministrativeExpenses": 139400000, "otherExpenses": 81300000, "operatingExpenses": 220700000, "costAndExpenses": 1858000000, "interestIncome": 0, "interestExpense": -300000, "depreciationAndAmortization": 81300000, "ebitda": 237400000, "ebitdaratio": 0.1170438298, "operatingIncome": 156100000, "operatingIncomeRatio": 0.0769610018, "totalOtherIncomeExpensesNet": 14200000, "incomeBeforeTax": 156400000, "incomeBeforeTaxRatio": 0.0771089089, "incomeTaxExpense": 47200000, "netIncome": 109200000, "netIncomeRatio": 0.0538381896, "eps": 0.6, "epsdiluted": 0.5, "weightedAverageShsOut": 182000000, "weightedAverageShsOutDil": 220606061, "link": null, "finalLink": null, "calculatedOtherExpenses": 95500000, "calculatedOperatingExpenses": 234900000, "calculatedNetInterest": 300000, "calculatedOtherIncome": 0, "calculatedIncomeNonControlling": 0, "calculatedEbitda": 237400000}, {"date": "1992-07-31", "symbol": "MGA", "reportedCurrency": "USD", "cik": "0000749098", "fillingDate": "1992-07-31", "acceptedDate": "1992-07-31 00:00:00", "calendarYear": "1992", "period": "FY", "revenue": 1854500000, "costOfRevenue": 1481900000, "grossProfit": 372600000, "grossProfitRatio": 0.2009166891, "researchAndDevelopmentExpenses": 0, "generalAndAdministrativeExpenses": 0, "sellingAndMarketingExpenses": 0, "sellingGeneralAndAdministrativeExpenses": 122600000, "otherExpenses": 80500000, "operatingExpenses": 203100000, "costAndExpenses": 1685000000, "interestIncome": 0, "interestExpense": 53900000, "depreciationAndAmortization": 80500000, "ebitda": 250600000, "ebitdaratio": 0.135130763, "operatingIncome": 170100000, "operatingIncomeRatio": 0.0917228363, "totalOtherIncomeExpensesNet": -600000, "incomeBeforeTax": 116200000, "incomeBeforeTaxRatio": 0.0626583985, "incomeTaxExpense": 39200000, "netIncome": 77000000, "netIncomeRatio": 0.0415206255, "eps": 0.57, "epsdiluted": 0.41, "weightedAverageShsOut": 134497817, "weightedAverageShsOutDil": 187804878, "link": null, "finalLink": null, "calculatedOtherExpenses": 79900000, "calculatedOperatingExpenses": 202500000, "calculatedNetInterest": -53900000, "calculatedOtherIncome": 0, "calculatedIncomeNonControlling": 0, "calculatedEbitda": 250600000}, {"date": "1991-07-31", "symbol": "MGA", "reportedCurrency": "USD", "cik": "0000749098", "fillingDate": "1991-07-31", "acceptedDate": "1991-07-31 00:00:00", "calendarYear": "1991", "period": "FY", "revenue": 1752500000, "costOfRevenue": 1409500000, "grossProfit": 343000000, "grossProfitRatio": 0.1957203994, "researchAndDevelopmentExpenses": 0, "generalAndAdministrativeExpenses": 0, "sellingAndMarketingExpenses": 0, "sellingGeneralAndAdministrativeExpenses": 134100000, "otherExpenses": 91500000, "operatingExpenses": 225600000, "costAndExpenses": 1635100000, "interestIncome": 0, "interestExpense": 81900000, "depreciationAndAmortization": 91500000, "ebitda": 211200000, "ebitdaratio": 0.1205135521, "operatingIncome": 119700000, "operatingIncomeRatio": 0.0683024251, "totalOtherIncomeExpensesNet": -2300000, "incomeBeforeTax": 37800000, "incomeBeforeTaxRatio": 0.0215691869, "incomeTaxExpense": 23500000, "netIncome": 14300000, "netIncomeRatio": 0.0081597718, "eps": 0.13, "epsdiluted": 0.13, "weightedAverageShsOut": 112156863, "weightedAverageShsOutDil": 114400000, "link": null, "finalLink": null, "calculatedOtherExpenses": 89200000, "calculatedOperatingExpenses": 223300000, "calculatedNetInterest": -81900000, "calculatedOtherIncome": 0, "calculatedIncomeNonControlling": 0, "calculatedEbitda": 211200000}, {"date": "1990-07-31", "symbol": "MGA", "reportedCurrency": "USD", "cik": "0000749098", "fillingDate": "1990-07-31", "acceptedDate": "1990-07-31 00:00:00", "calendarYear": "1990", "period": "FY", "revenue": 1673000000, "costOfRevenue": 1360700000, "grossProfit": 312300000, "grossProfitRatio": 0.1866706515, "researchAndDevelopmentExpenses": 0, "generalAndAdministrativeExpenses": 0, "sellingAndMarketingExpenses": 0, "sellingGeneralAndAdministrativeExpenses": 176300000, "otherExpenses": 90500000, "operatingExpenses": 266800000, "costAndExpenses": 1627500000, "interestIncome": 0, "interestExpense": 363400000, "depreciationAndAmortization": 90500000, "ebitda": 279900000, "ebitdaratio": 0.1673042439, "operatingIncome": 189400000, "operatingIncomeRatio": 0.1132098027, "totalOtherIncomeExpensesNet": -143900000, "incomeBeforeTax": -174000000, "incomeBeforeTaxRatio": -0.1040047818, "incomeTaxExpense": 20700000, "netIncome": -194700000, "netIncomeRatio": -0.1163777645, "eps": -1.75, "epsdiluted": -1.75, "weightedAverageShsOut": 111257143, "weightedAverageShsOutDil": 111257143, "link": null, "finalLink": null, "calculatedOtherExpenses": -53400000, "calculatedOperatingExpenses": 122900000, "calculatedNetInterest": -363400000, "calculatedOtherIncome": 0, "calculatedIncomeNonControlling": 0, "calculatedEbitda": 279900000}, {"date": "1989-07-31", "symbol": "MGA", "reportedCurrency": "USD", "cik": "0000749098", "fillingDate": "1989-07-31", "acceptedDate": "1989-07-31 00:00:00", "calendarYear": "1989", "period": "FY", "revenue": 1629300000, "costOfRevenue": 1300000000, "grossProfit": 329300000, "grossProfitRatio": 0.2021113362, "researchAndDevelopmentExpenses": 0, "generalAndAdministrativeExpenses": 0, "sellingAndMarketingExpenses": 0, "sellingGeneralAndAdministrativeExpenses": 172600000, "otherExpenses": 84200000, "operatingExpenses": 256800000, "costAndExpenses": 1556800000, "interestIncome": 0, "interestExpense": -14500000, "depreciationAndAmortization": 84200000, "ebitda": 117900000, "ebitdaratio": 0.0723623642, "operatingIncome": 33700000, "operatingIncomeRatio": 0.0206837292, "totalOtherIncomeExpensesNet": 38800000, "incomeBeforeTax": 48200000, "incomeBeforeTaxRatio": 0.0295832566, "incomeTaxExpense": 19700000, "netIncome": 28500000, "netIncomeRatio": 0.0174921746, "eps": 0.26, "epsdiluted": 0.25, "weightedAverageShsOut": 111764706, "weightedAverageShsOutDil": 112871287, "link": null, "finalLink": null, "calculatedOtherExpenses": 123000000, "calculatedOperatingExpenses": 295600000, "calculatedNetInterest": 14500000, "calculatedOtherIncome": 0, "calculatedIncomeNonControlling": 0, "calculatedEbitda": 117900000}, {"date": "1988-07-31", "symbol": "MGA", "reportedCurrency": "USD", "cik": "0000749098", "fillingDate": "1988-07-31", "acceptedDate": "1988-07-31 00:00:00", "calendarYear": "1988", "period": "FY", "revenue": 1205400000, "costOfRevenue": 936500000, "grossProfit": 268900000, "grossProfitRatio": 0.2230794757, "researchAndDevelopmentExpenses": 0, "generalAndAdministrativeExpenses": 0, "sellingAndMarketingExpenses": 0, "sellingGeneralAndAdministrativeExpenses": 147300000, "otherExpenses": 61600000, "operatingExpenses": 208900000, "costAndExpenses": 1145400000, "interestIncome": 0, "interestExpense": 20600000, "depreciationAndAmortization": 61600000, "ebitda": 108800000, "ebitdaratio": 0.0902604944, "operatingIncome": 47200000, "operatingIncomeRatio": 0.0391571263, "totalOtherIncomeExpensesNet": 12800000, "incomeBeforeTax": 26600000, "incomeBeforeTaxRatio": 0.0220673635, "incomeTaxExpense": 10500000, "netIncome": 16100000, "netIncomeRatio": 0.0133565621, "eps": 0.14, "epsdiluted": 0.14, "weightedAverageShsOut": 111034483, "weightedAverageShsOutDil": 111034483, "link": null, "finalLink": null, "calculatedOtherExpenses": 74400000, "calculatedOperatingExpenses": 221700000, "calculatedNetInterest": -20600000, "calculatedOtherIncome": 0, "calculatedIncomeNonControlling": 0, "calculatedEbitda": 108800000}, {"date": "1987-07-31", "symbol": "MGA", "reportedCurrency": "USD", "cik": "0000749098", "fillingDate": "1987-07-31", "acceptedDate": "1987-07-31 00:00:00", "calendarYear": "1987", "period": "FY", "revenue": 868200000, "costOfRevenue": 659700000, "grossProfit": 208500000, "grossProfitRatio": 0.2401520387, "researchAndDevelopmentExpenses": 0, "generalAndAdministrativeExpenses": 0, "sellingAndMarketingExpenses": 0, "sellingGeneralAndAdministrativeExpenses": 93000000, "otherExpenses": 41400000, "operatingExpenses": 134400000, "costAndExpenses": 794100000, "interestIncome": 0, "interestExpense": 23000000, "depreciationAndAmortization": 41400000, "ebitda": 115500000, "ebitdaratio": 0.1330338632, "operatingIncome": 74100000, "operatingIncomeRatio": 0.0853489979, "totalOtherIncomeExpensesNet": -23000000, "incomeBeforeTax": 51100000, "incomeBeforeTaxRatio": 0.0588574061, "incomeTaxExpense": 20700000, "netIncome": 30400000, "netIncomeRatio": 0.0350149735, "eps": 0.3, "epsdiluted": 0.29, "weightedAverageShsOut": 103050847, "weightedAverageShsOutDil": 105739130, "link": null, "finalLink": null, "calculatedOtherExpenses": 41400000, "calculatedOperatingExpenses": 134400000, "calculatedNetInterest": -23000000, "calculatedOtherIncome": 0, "calculatedIncomeNonControlling": 0, "calculatedEbitda": 115500000}, {"date": "1986-07-31", "symbol": "MGA", "reportedCurrency": "USD", "cik": "0000749098", "fillingDate": "1986-07-31", "acceptedDate": "1986-07-31 00:00:00", "calendarYear": "1986", "period": "FY", "revenue": 745900000, "costOfRevenue": 565800000, "grossProfit": 180100000, "grossProfitRatio": 0.2414532779, "researchAndDevelopmentExpenses": 0, "generalAndAdministrativeExpenses": 0, "sellingAndMarketingExpenses": 0, "sellingGeneralAndAdministrativeExpenses": 78000000, "otherExpenses": 26400000, "operatingExpenses": 104400000, "costAndExpenses": 670200000, "interestIncome": 0, "interestExpense": 13100000, "depreciationAndAmortization": 26400000, "ebitda": 102100000, "ebitdaratio": 0.1368816195, "operatingIncome": 75700000, "operatingIncomeRatio": 0.1014881351, "totalOtherIncomeExpensesNet": -13100000, "incomeBeforeTax": 62600000, "incomeBeforeTaxRatio": 0.0839254592, "incomeTaxExpense": 28300000, "netIncome": 34300000, "netIncomeRatio": 0.0459847164, "eps": 0.35, "epsdiluted": 0.35, "weightedAverageShsOut": 98000000, "weightedAverageShsOutDil": 98000000, "link": null, "finalLink": null, "calculatedOtherExpenses": 26400000, "calculatedOperatingExpenses": 104400000, "calculatedNetInterest": -13100000, "calculatedOtherIncome": 0, "calculatedIncomeNonControlling": 0, "calculatedEbitda": 102100000}]}