{"originalCurrency": "USD", "convertedCurrency": "USD", "report": [{"date": "2023-12-31", "symbol": "MGEE", "reportedCurrency": "USD", "cik": "0001161728", "fillingDate": "2024-02-21", "acceptedDate": "2024-02-21 12:40:38", "calendarYear": "2023", "period": "FY", "revenue": 690431000, "costOfRevenue": 421389000, "grossProfit": 269042000, "grossProfitRatio": 0.3896725379, "researchAndDevelopmentExpenses": 0, "generalAndAdministrativeExpenses": 0, "sellingAndMarketingExpenses": 0, "sellingGeneralAndAdministrativeExpenses": 5178000, "otherExpenses": 29546000, "operatingExpenses": 122657000, "costAndExpenses": 544046000, "interestIncome": 0, "interestExpense": 30429000, "depreciationAndAmortization": 100352000, "ebitda": 276283000, "ebitdaratio": 0.4001601898, "operatingIncome": 146385000, "operatingIncomeRatio": 0.2120197384, "totalOtherIncomeExpensesNet": 29546000, "incomeBeforeTax": 145502000, "incomeBeforeTaxRatio": 0.2107408271, "incomeTaxExpense": 27803000, "netIncome": 117699000, "netIncomeRatio": 0.1704717778, "eps": 3.25, "epsdiluted": 3.25, "weightedAverageShsOut": 36163000, "weightedAverageShsOutDil": 36186000, "link": "https://www.sec.gov/Archives/edgar/data/1161728/000095017024017706/0000950170-24-017706-index.htm", "finalLink": "https://www.sec.gov/Archives/edgar/data/61339/000095017024017706/mgee-20231231.htm", "calculatedOtherExpenses": 117479000, "calculatedOperatingExpenses": 122657000, "calculatedNetInterest": -30429000, "calculatedOtherIncome": 29546000, "calculatedIncomeNonControlling": 0, "calculatedEbitda": 246737000}, {"date": "2022-12-31", "symbol": "MGEE", "reportedCurrency": "USD", "cik": "0001161728", "fillingDate": "2023-02-22", "acceptedDate": "2023-02-22 11:49:26", "calendarYear": "2022", "period": "FY", "revenue": 714519000, "costOfRevenue": 470595000, "grossProfit": 243924000, "grossProfitRatio": 0.3413821046, "researchAndDevelopmentExpenses": 0, "generalAndAdministrativeExpenses": 0, "sellingAndMarketingExpenses": 0, "sellingGeneralAndAdministrativeExpenses": 18867000, "otherExpenses": 106181000, "operatingExpenses": 106181000, "costAndExpenses": 576776000, "interestIncome": 26647000, "interestExpense": 26647000, "depreciationAndAmortization": 111629000, "ebitda": 249372000, "ebitdaratio": 0.3490068144, "operatingIncome": 137743000, "operatingIncomeRatio": 0.192777239, "totalOtherIncomeExpensesNet": -567000, "incomeBeforeTax": 137176000, "incomeBeforeTaxRatio": 0.1919836981, "incomeTaxExpense": 26224000, "netIncome": 110952000, "netIncomeRatio": 0.1552820849, "eps": 3.07, "epsdiluted": 3.07, "weightedAverageShsOut": 36163000, "weightedAverageShsOutDil": 36174000, "link": "https://www.sec.gov/Archives/edgar/data/1161728/000095017023003632/0000950170-23-003632-index.htm", "finalLink": "https://www.sec.gov/Archives/edgar/data/61339/000095017023003632/mgee-20221231.htm", "calculatedOtherExpenses": 87314000, "calculatedOperatingExpenses": 106181000, "calculatedNetInterest": 0, "calculatedOtherIncome": -567000, "calculatedIncomeNonControlling": 0, "calculatedEbitda": 249372000}, {"date": "2021-12-31", "symbol": "MGEE", "reportedCurrency": "USD", "cik": "0001161728", "fillingDate": "2022-02-23", "acceptedDate": "2022-02-23 10:28:47", "calendarYear": "2021", "period": "FY", "revenue": 606584000, "costOfRevenue": 393034000, "grossProfit": 213550000, "grossProfitRatio": 0.3520534666, "researchAndDevelopmentExpenses": 0, "generalAndAdministrativeExpenses": 0, "sellingAndMarketingExpenses": 0, "sellingGeneralAndAdministrativeExpenses": 16100000, "otherExpenses": 96256000, "operatingExpenses": 96256000, "costAndExpenses": 489290000, "interestIncome": 24112000, "interestExpense": 24112000, "depreciationAndAmortization": 93677000, "ebitda": 210971000, "ebitdaratio": 0.3478017884, "operatingIncome": 117294000, "operatingIncomeRatio": 0.1933681073, "totalOtherIncomeExpensesNet": -7418000, "incomeBeforeTax": 109876000, "incomeBeforeTaxRatio": 0.1811389684, "incomeTaxExpense": 4115000, "netIncome": 105761000, "netIncomeRatio": 0.174355077, "eps": 2.92, "epsdiluted": 2.92, "weightedAverageShsOut": 36163000, "weightedAverageShsOutDil": 36167000, "link": "https://www.sec.gov/Archives/edgar/data/1161728/000095017022001709/0000950170-22-001709-index.htm", "finalLink": "https://www.sec.gov/Archives/edgar/data/61339/000095017022001709/mgee-20211231.htm", "calculatedOtherExpenses": 80156000, "calculatedOperatingExpenses": 96256000, "calculatedNetInterest": 0, "calculatedOtherIncome": -7418000, "calculatedIncomeNonControlling": 0, "calculatedEbitda": 210971000}, {"date": "2020-12-31", "symbol": "MGEE", "reportedCurrency": "USD", "cik": "0001161728", "fillingDate": "2021-02-24", "acceptedDate": "2021-02-24 12:38:25", "calendarYear": "2020", "period": "FY", "revenue": 538633000, "costOfRevenue": 334694000, "grossProfit": 203939000, "grossProfitRatio": 0.3786232927, "researchAndDevelopmentExpenses": 0, "generalAndAdministrativeExpenses": 0, "sellingAndMarketingExpenses": 0, "sellingGeneralAndAdministrativeExpenses": 13101000, "otherExpenses": 93942000, "operatingExpenses": 93942000, "costAndExpenses": 428636000, "interestIncome": 23521000, "interestExpense": 23521000, "depreciationAndAmortization": 99553000, "ebitda": 209550000, "ebitdaratio": 0.3890404041, "operatingIncome": 109997000, "operatingIncomeRatio": 0.2042151149, "totalOtherIncomeExpensesNet": 1844000, "incomeBeforeTax": 111841000, "incomeBeforeTaxRatio": 0.2076385962, "incomeTaxExpense": 19423000, "netIncome": 92418000, "netIncomeRatio": 0.171578793, "eps": 2.6, "epsdiluted": 2.6, "weightedAverageShsOut": 35612000, "weightedAverageShsOutDil": 35612000, "link": "https://www.sec.gov/Archives/edgar/data/1161728/000116172821000013/0001161728-21-000013-index.htm", "finalLink": "https://www.sec.gov/Archives/edgar/data/61339/000116172821000013/mgee-20201231.htm", "calculatedOtherExpenses": 80841000, "calculatedOperatingExpenses": 93942000, "calculatedNetInterest": 0, "calculatedOtherIncome": 1844000, "calculatedIncomeNonControlling": 0, "calculatedEbitda": 209550000}, {"date": "2019-12-31", "symbol": "MGEE", "reportedCurrency": "USD", "cik": "0001161728", "fillingDate": "2020-02-27", "acceptedDate": "2020-02-26 20:03:24", "calendarYear": "2019", "period": "FY", "revenue": 568855000, "costOfRevenue": 365643000, "grossProfit": 203212000, "grossProfitRatio": 0.357229874, "researchAndDevelopmentExpenses": 0, "generalAndAdministrativeExpenses": 0, "sellingAndMarketingExpenses": 0, "sellingGeneralAndAdministrativeExpenses": 3317000, "otherExpenses": 91420000, "operatingExpenses": 91420000, "costAndExpenses": 457063000, "interestIncome": 23063000, "interestExpense": 24298000, "depreciationAndAmortization": 82265000, "ebitda": 194057000, "ebitdaratio": 0.3411361419, "operatingIncome": 111792000, "operatingIncomeRatio": 0.1965210818, "totalOtherIncomeExpensesNet": -13595000, "incomeBeforeTax": 98197000, "incomeBeforeTaxRatio": 0.1726221972, "incomeTaxExpense": 17418000, "netIncome": 80779000, "netIncomeRatio": 0.1420027951, "eps": 2.33, "epsdiluted": 2.33, "weightedAverageShsOut": 34668000, "weightedAverageShsOutDil": 34668000, "link": "https://www.sec.gov/Archives/edgar/data/1161728/000116172820000016/0001161728-20-000016-index.htm", "finalLink": "https://www.sec.gov/Archives/edgar/data/61339/000116172820000016/mgee-20191231.htm", "calculatedOtherExpenses": 88103000, "calculatedOperatingExpenses": 91420000, "calculatedNetInterest": -1235000, "calculatedOtherIncome": -12360000, "calculatedIncomeNonControlling": 0, "calculatedEbitda": 194057000}, {"date": "2018-12-31", "symbol": "MGEE", "reportedCurrency": "USD", "cik": "0001161728", "fillingDate": "2019-02-22", "acceptedDate": "2019-02-22 15:49:59", "calendarYear": "2018", "period": "FY", "revenue": 559768000, "costOfRevenue": 369739000, "grossProfit": 190029000, "grossProfitRatio": 0.3394781409, "researchAndDevelopmentExpenses": 0, "generalAndAdministrativeExpenses": 0, "sellingAndMarketingExpenses": 0, "sellingGeneralAndAdministrativeExpenses": 10946000, "otherExpenses": 17055000, "operatingExpenses": 75822000, "costAndExpenses": 445561000, "interestIncome": 0, "interestExpense": 19609000, "depreciationAndAmortization": 56412000, "ebitda": 187674000, "ebitdaratio": 0.3352710409, "operatingIncome": 114207000, "operatingIncomeRatio": 0.2040255963, "totalOtherIncomeExpensesNet": 17055000, "incomeBeforeTax": 111653000, "incomeBeforeTaxRatio": 0.1994629918, "incomeTaxExpense": 27434000, "netIncome": 84219000, "netIncomeRatio": 0.1504534021, "eps": 2.43, "epsdiluted": 2.43, "weightedAverageShsOut": 34668000, "weightedAverageShsOutDil": 34668000, "link": "https://www.sec.gov/Archives/edgar/data/1161728/000116172819000005/0001161728-19-000005-index.htm", "finalLink": "https://www.sec.gov/Archives/edgar/data/61339/000116172819000005/f20181231_10k.htm", "calculatedOtherExpenses": 64876000, "calculatedOperatingExpenses": 75822000, "calculatedNetInterest": -19609000, "calculatedOtherIncome": 17055000, "calculatedIncomeNonControlling": 0, "calculatedEbitda": 170619000}, {"date": "2017-12-31", "symbol": "MGEE", "reportedCurrency": "USD", "cik": "0001161728", "fillingDate": "2018-02-23", "acceptedDate": "2018-02-23 14:39:31", "calendarYear": "2017", "period": "FY", "revenue": 563099000, "costOfRevenue": 361992000, "grossProfit": 201107000, "grossProfitRatio": 0.3571432377, "researchAndDevelopmentExpenses": 0, "generalAndAdministrativeExpenses": 0, "sellingAndMarketingExpenses": 0, "sellingGeneralAndAdministrativeExpenses": 6230000, "otherExpenses": 10288000, "operatingExpenses": 72371000, "costAndExpenses": 434363000, "interestIncome": 0, "interestExpense": 19324000, "depreciationAndAmortization": 53077000, "ebitda": 192101000, "ebitdaratio": 0.3411496025, "operatingIncome": 128736000, "operatingIncomeRatio": 0.2286205445, "totalOtherIncomeExpensesNet": 10288000, "incomeBeforeTax": 119700000, "incomeBeforeTaxRatio": 0.2125736327, "incomeTaxExpense": 22094000, "netIncome": 97606000, "netIncomeRatio": 0.1733371929, "eps": 2.82, "epsdiluted": 2.82, "weightedAverageShsOut": 34668000, "weightedAverageShsOutDil": 34668000, "link": "https://www.sec.gov/Archives/edgar/data/1161728/000116172818000003/0001161728-18-000003-index.htm", "finalLink": "https://www.sec.gov/Archives/edgar/data/61339/000116172818000003/f20171231.htm", "calculatedOtherExpenses": 66141000, "calculatedOperatingExpenses": 72371000, "calculatedNetInterest": -19324000, "calculatedOtherIncome": 10288000, "calculatedIncomeNonControlling": 0, "calculatedEbitda": 181813000}, {"date": "2016-12-31", "symbol": "MGEE", "reportedCurrency": "USD", "cik": "0001161728", "fillingDate": "2017-02-24", "acceptedDate": "2017-02-24 11:08:43", "calendarYear": "2016", "period": "FY", "revenue": 544745000, "costOfRevenue": 351809000, "grossProfit": 192936000, "grossProfitRatio": 0.3541767249, "researchAndDevelopmentExpenses": 0, "generalAndAdministrativeExpenses": 0, "sellingAndMarketingExpenses": 0, "sellingGeneralAndAdministrativeExpenses": 6587000, "otherExpenses": 9711000, "operatingExpenses": 64708000, "costAndExpenses": 416517000, "interestIncome": 0, "interestExpense": 19866000, "depreciationAndAmortization": 44646000, "ebitda": 182585000, "ebitdaratio": 0.3351751737, "operatingIncome": 128228000, "operatingIncomeRatio": 0.235390871, "totalOtherIncomeExpensesNet": 9711000, "incomeBeforeTax": 118073000, "incomeBeforeTaxRatio": 0.2167491211, "incomeTaxExpense": 42513000, "netIncome": 75560000, "netIncomeRatio": 0.1387071015, "eps": 2.18, "epsdiluted": 2.18, "weightedAverageShsOut": 34668000, "weightedAverageShsOutDil": 34668000, "link": "https://www.sec.gov/Archives/edgar/data/1161728/000116172817000004/0001161728-17-000004-index.htm", "finalLink": "https://www.sec.gov/Archives/edgar/data/61339/000116172817000004/f10k_2016.htm", "calculatedOtherExpenses": 58121000, "calculatedOperatingExpenses": 64708000, "calculatedNetInterest": -19866000, "calculatedOtherIncome": 9711000, "calculatedIncomeNonControlling": 0, "calculatedEbitda": 172874000}, {"date": "2015-12-31", "symbol": "MGEE", "reportedCurrency": "USD", "cik": "0001161728", "fillingDate": "2016-02-25", "acceptedDate": "2016-02-25 15:17:57", "calendarYear": "2015", "period": "FY", "revenue": 564028000, "costOfRevenue": 375669000, "grossProfit": 188359000, "grossProfitRatio": 0.3339532789, "researchAndDevelopmentExpenses": 0, "generalAndAdministrativeExpenses": 0, "sellingAndMarketingExpenses": 0, "sellingGeneralAndAdministrativeExpenses": 0, "otherExpenses": 8613000, "operatingExpenses": 64104000, "costAndExpenses": 439773000, "interestIncome": 0, "interestExpense": 20162000, "depreciationAndAmortization": 44225000, "ebitda": 177093000, "ebitdaratio": 0.3139790932, "operatingIncome": 124255000, "operatingIncomeRatio": 0.2202993468, "totalOtherIncomeExpensesNet": 8613000, "incomeBeforeTax": 112706000, "incomeBeforeTaxRatio": 0.199823413, "incomeTaxExpense": 41363000, "netIncome": 71343000, "netIncomeRatio": 0.1264884013, "eps": 2.06, "epsdiluted": 2.06, "weightedAverageShsOut": 34668000, "weightedAverageShsOutDil": 34668000, "link": "https://www.sec.gov/Archives/edgar/data/1161728/000116172816000028/0001161728-16-000028-index.htm", "finalLink": "https://www.sec.gov/Archives/edgar/data/61339/000116172816000028/f10k_2015.htm", "calculatedOtherExpenses": 64104000, "calculatedOperatingExpenses": 64104000, "calculatedNetInterest": -20162000, "calculatedOtherIncome": 8613000, "calculatedIncomeNonControlling": 0, "calculatedEbitda": 168480000}, {"date": "2014-12-31", "symbol": "MGEE", "reportedCurrency": "USD", "cik": "0001161728", "fillingDate": "2015-02-26", "acceptedDate": "2015-02-26 12:21:20", "calendarYear": "2014", "period": "FY", "revenue": 619852000, "costOfRevenue": 421407000, "grossProfit": 198445000, "grossProfitRatio": 0.3201490033, "researchAndDevelopmentExpenses": 0, "generalAndAdministrativeExpenses": 0, "sellingAndMarketingExpenses": 0, "sellingGeneralAndAdministrativeExpenses": 0, "otherExpenses": 10079000, "operatingExpenses": 60347000, "costAndExpenses": 481754000, "interestIncome": 0, "interestExpense": 19673000, "depreciationAndAmortization": 40695000, "ebitda": 188872000, "ebitdaratio": 0.3047049941, "operatingIncome": 138098000, "operatingIncomeRatio": 0.2227918923, "totalOtherIncomeExpensesNet": 10079000, "incomeBeforeTax": 128504000, "incomeBeforeTaxRatio": 0.207314004, "incomeTaxExpense": 48185000, "netIncome": 80319000, "netIncomeRatio": 0.1295777056, "eps": 2.32, "epsdiluted": 2.32, "weightedAverageShsOut": 34668000, "weightedAverageShsOutDil": 34668000, "link": "https://www.sec.gov/Archives/edgar/data/1161728/000116172815000003/0001161728-15-000003-index.htm", "finalLink": "https://www.sec.gov/Archives/edgar/data/61339/000116172815000003/f10k_2014.htm", "calculatedOtherExpenses": 60347000, "calculatedOperatingExpenses": 60347000, "calculatedNetInterest": -19673000, "calculatedOtherIncome": 10079000, "calculatedIncomeNonControlling": 0, "calculatedEbitda": 178793000}, {"date": "2013-12-31", "symbol": "MGEE", "reportedCurrency": "USD", "cik": "0001161728", "fillingDate": "2014-02-27", "acceptedDate": "2014-02-27 14:49:31", "calendarYear": "2013", "period": "FY", "revenue": 590887000, "costOfRevenue": 405455000, "grossProfit": 185432000, "grossProfitRatio": 0.313819732, "researchAndDevelopmentExpenses": 0, "generalAndAdministrativeExpenses": 0, "sellingAndMarketingExpenses": 0, "sellingGeneralAndAdministrativeExpenses": 0, "otherExpenses": 10701000, "operatingExpenses": 57445000, "costAndExpenses": 462900000, "interestIncome": 0, "interestExpense": 18924000, "depreciationAndAmortization": 38838000, "ebitda": 177526000, "ebitdaratio": 0.3004398472, "operatingIncome": 127987000, "operatingIncomeRatio": 0.2166014822, "totalOtherIncomeExpensesNet": 10701000, "incomeBeforeTax": 119764000, "incomeBeforeTaxRatio": 0.2026851158, "incomeTaxExpense": 44859000, "netIncome": 74905000, "netIncomeRatio": 0.1267670468, "eps": 2.16, "epsdiluted": 2.16, "weightedAverageShsOut": 34668000, "weightedAverageShsOutDil": 34668000, "link": "https://www.sec.gov/Archives/edgar/data/1161728/000116172814000004/0001161728-14-000004-index.htm", "finalLink": "https://www.sec.gov/Archives/edgar/data/61339/000116172814000004/f10k_2013.htm", "calculatedOtherExpenses": 57445000, "calculatedOperatingExpenses": 57445000, "calculatedNetInterest": -18924000, "calculatedOtherIncome": 10701000, "calculatedIncomeNonControlling": 0, "calculatedEbitda": 166825000}, {"date": "2012-12-31", "symbol": "MGEE", "reportedCurrency": "USD", "cik": "0001161728", "fillingDate": "2013-02-26", "acceptedDate": "2013-02-26 13:44:19", "calendarYear": "2012", "period": "FY", "revenue": 541323000, "costOfRevenue": 371493000, "grossProfit": 169830000, "grossProfitRatio": 0.3137313582, "researchAndDevelopmentExpenses": 0, "generalAndAdministrativeExpenses": 0, "sellingAndMarketingExpenses": 0, "sellingGeneralAndAdministrativeExpenses": 0, "otherExpenses": 10069000, "operatingExpenses": 57067000, "costAndExpenses": 428560000, "interestIncome": 0, "interestExpense": 19467000, "depreciationAndAmortization": 38707000, "ebitda": 161539000, "ebitdaratio": 0.2984151791, "operatingIncome": 112763000, "operatingIncomeRatio": 0.2083100108, "totalOtherIncomeExpensesNet": 10069000, "incomeBeforeTax": 103365000, "incomeBeforeTaxRatio": 0.190948842, "incomeTaxExpense": 38919000, "netIncome": 64446000, "netIncomeRatio": 0.1190527652, "eps": 1.86, "epsdiluted": 1.86, "weightedAverageShsOut": 34668000, "weightedAverageShsOutDil": 34668000, "link": "https://www.sec.gov/Archives/edgar/data/1161728/000116172813000001/0001161728-13-000001-index.htm", "finalLink": "https://www.sec.gov/Archives/edgar/data/61339/000116172813000001/f10k_2012.htm", "calculatedOtherExpenses": 57067000, "calculatedOperatingExpenses": 57067000, "calculatedNetInterest": -19467000, "calculatedOtherIncome": 10069000, "calculatedIncomeNonControlling": 0, "calculatedEbitda": 151470000}, {"date": "2011-12-31", "symbol": "MGEE", "reportedCurrency": "USD", "cik": "0001161728", "fillingDate": "2012-02-24", "acceptedDate": "2012-02-24 12:47:31", "calendarYear": "2011", "period": "FY", "revenue": 546382000, "costOfRevenue": 214369000, "grossProfit": 332013000, "grossProfitRatio": 0.6076572801, "researchAndDevelopmentExpenses": 0, "generalAndAdministrativeExpenses": 0, "sellingAndMarketingExpenses": 0, "sellingGeneralAndAdministrativeExpenses": 0, "otherExpenses": 224145000, "operatingExpenses": 224145000, "costAndExpenses": 438514000, "interestIncome": 0, "interestExpense": 20162000, "depreciationAndAmortization": 40942000, "ebitda": 148810000, "ebitdaratio": 0.2723552386, "operatingIncome": 107868000, "operatingIncomeRatio": 0.1974223163, "totalOtherIncomeExpensesNet": 9214000, "incomeBeforeTax": 96920000, "incomeBeforeTaxRatio": 0.1773850529, "incomeTaxExpense": 35992000, "netIncome": 60928000, "netIncomeRatio": 0.1115117262, "eps": 1.76, "epsdiluted": 1.76, "weightedAverageShsOut": 34668000, "weightedAverageShsOutDil": 34668000, "link": "https://www.sec.gov/Archives/edgar/data/1161728/000116172812000004/0001161728-12-000004-index.htm", "finalLink": "https://www.sec.gov/Archives/edgar/data/61339/000116172812000004/f10k_2011.htm", "calculatedOtherExpenses": 224145000, "calculatedOperatingExpenses": 224145000, "calculatedNetInterest": -20162000, "calculatedOtherIncome": 9214000, "calculatedIncomeNonControlling": 0, "calculatedEbitda": 148810000}, {"date": "2010-12-31", "symbol": "MGEE", "reportedCurrency": "USD", "cik": "0001161728", "fillingDate": "2011-02-24", "acceptedDate": "2011-02-24 16:13:53", "calendarYear": "2010", "period": "FY", "revenue": 532591000, "costOfRevenue": 216970000, "grossProfit": 315621000, "grossProfitRatio": 0.5926142199, "researchAndDevelopmentExpenses": 0, "generalAndAdministrativeExpenses": 0, "sellingAndMarketingExpenses": 0, "sellingGeneralAndAdministrativeExpenses": 0, "otherExpenses": 219019000, "operatingExpenses": 219019000, "costAndExpenses": 435989000, "interestIncome": 0, "interestExpense": 16157000, "depreciationAndAmortization": 37960000, "ebitda": 134562000, "ebitdaratio": 0.2526554148, "operatingIncome": 96602000, "operatingIncomeRatio": 0.18138121, "totalOtherIncomeExpensesNet": 11093000, "incomeBeforeTax": 91538000, "incomeBeforeTaxRatio": 0.1718729757, "incomeTaxExpense": 33820000, "netIncome": 57718000, "netIncomeRatio": 0.1083720904, "eps": 1.67, "epsdiluted": 1.67, "weightedAverageShsOut": 34671000, "weightedAverageShsOutDil": 34671000, "link": "https://www.sec.gov/Archives/edgar/data/1161728/000116172811000005/0001161728-11-000005-index.htm", "finalLink": "https://www.sec.gov/Archives/edgar/data/1161728/000116172811000005/f10k_20101231.htm", "calculatedOtherExpenses": 219019000, "calculatedOperatingExpenses": 219019000, "calculatedNetInterest": -16157000, "calculatedOtherIncome": 11093000, "calculatedIncomeNonControlling": 0, "calculatedEbitda": 134562000}, {"date": "2009-12-31", "symbol": "MGEE", "reportedCurrency": "USD", "cik": "0001161728", "fillingDate": "2010-02-25", "acceptedDate": "2010-02-25 15:26:00", "calendarYear": "2009", "period": "FY", "revenue": 533819000, "costOfRevenue": 245039000, "grossProfit": 288780000, "grossProfitRatio": 0.5409698793, "researchAndDevelopmentExpenses": 0, "generalAndAdministrativeExpenses": 0, "sellingAndMarketingExpenses": 0, "sellingGeneralAndAdministrativeExpenses": 0, "otherExpenses": 204115000, "operatingExpenses": 204115000, "costAndExpenses": 449154000, "interestIncome": 0, "interestExpense": 13594000, "depreciationAndAmortization": 41080000, "ebitda": 125745000, "ebitdaratio": 0.2355573706, "operatingIncome": 84665000, "operatingIncomeRatio": 0.1586024476, "totalOtherIncomeExpensesNet": 8096000, "incomeBeforeTax": 79167000, "incomeBeforeTaxRatio": 0.1483030765, "incomeTaxExpense": 28170000, "netIncome": 50997000, "netIncomeRatio": 0.0955323808, "eps": 1.47, "epsdiluted": 1.47, "weightedAverageShsOut": 34605000, "weightedAverageShsOutDil": 34605000, "link": "https://www.sec.gov/Archives/edgar/data/1161728/000116172810000003/0001161728-10-000003-index.htm", "finalLink": "https://www.sec.gov/Archives/edgar/data/1161728/000116172810000003/f10k_2009.htm", "calculatedOtherExpenses": 204115000, "calculatedOperatingExpenses": 204115000, "calculatedNetInterest": -13594000, "calculatedOtherIncome": 8096000, "calculatedIncomeNonControlling": 0, "calculatedEbitda": 125745000}, {"date": "2008-12-31", "symbol": "MGEE", "reportedCurrency": "USD", "cik": "0001161728", "fillingDate": "2009-02-26", "acceptedDate": "2009-02-26 16:07:19", "calendarYear": "2008", "period": "FY", "revenue": 595993000, "costOfRevenue": 300969000, "grossProfit": 295024000, "grossProfitRatio": 0.4950125253, "researchAndDevelopmentExpenses": 0, "generalAndAdministrativeExpenses": 0, "sellingAndMarketingExpenses": 0, "sellingGeneralAndAdministrativeExpenses": 0, "otherExpenses": 207241000, "operatingExpenses": 207241000, "costAndExpenses": 508210000, "interestIncome": 0, "interestExpense": 14002000, "depreciationAndAmortization": 39273000, "ebitda": 119012000, "ebitdaratio": 0.1996869091, "operatingIncome": 87783000, "operatingIncomeRatio": 0.1472886427, "totalOtherIncomeExpensesNet": 8044000, "incomeBeforeTax": 81824000, "incomeBeforeTaxRatio": 0.1372902031, "incomeTaxExpense": 29056000, "netIncome": 52768000, "netIncomeRatio": 0.0885379526, "eps": 1.59, "epsdiluted": 1.59, "weightedAverageShsOut": 33295500, "weightedAverageShsOutDil": 33295500, "link": "https://www.sec.gov/Archives/edgar/data/1161728/000116172809000003/0001161728-09-000003-index.htm", "finalLink": "https://www.sec.gov/Archives/edgar/data/1161728/000116172809000003/f10k-20081231.htm", "calculatedOtherExpenses": 207241000, "calculatedOperatingExpenses": 207241000, "calculatedNetInterest": -14002000, "calculatedOtherIncome": 8043000, "calculatedIncomeNonControlling": 0, "calculatedEbitda": 127056000}, {"date": "2007-12-31", "symbol": "MGEE", "reportedCurrency": "USD", "cik": "0001161728", "fillingDate": "2008-02-26", "acceptedDate": "2008-02-26 17:15:07", "calendarYear": "2007", "period": "FY", "revenue": 537594000, "costOfRevenue": 275126000, "grossProfit": 262468000, "grossProfitRatio": 0.4882271752, "researchAndDevelopmentExpenses": 0, "generalAndAdministrativeExpenses": 0, "sellingAndMarketingExpenses": 0, "sellingGeneralAndAdministrativeExpenses": 0, "otherExpenses": 178801000, "operatingExpenses": 178801000, "costAndExpenses": 453927000, "interestIncome": 0, "interestExpense": 13056000, "depreciationAndAmortization": 32332000, "ebitda": 109930000, "ebitdaratio": 0.2044851691, "operatingIncome": 83667000, "operatingIncomeRatio": 0.1556323173, "totalOtherIncomeExpensesNet": 6069000, "incomeBeforeTax": 76680000, "incomeBeforeTaxRatio": 0.1426355205, "incomeTaxExpense": 27855000, "netIncome": 48825000, "netIncomeRatio": 0.0908213261, "eps": 1.51, "epsdiluted": 1.51, "weightedAverageShsOut": 32280000, "weightedAverageShsOutDil": 32280000, "link": "https://www.sec.gov/Archives/edgar/data/1161728/000116172808000004/0001161728-08-000004-index.htm", "finalLink": "https://www.sec.gov/Archives/edgar/data/1161728/000116172808000004/f10k_2007.htm", "calculatedOtherExpenses": 178801000, "calculatedOperatingExpenses": 178801000, "calculatedNetInterest": -13056000, "calculatedOtherIncome": 6069000, "calculatedIncomeNonControlling": 0, "calculatedEbitda": 115999000}, {"date": "2006-12-31", "symbol": "MGEE", "reportedCurrency": "USD", "cik": "0001161728", "fillingDate": "2007-02-26", "acceptedDate": "2007-02-26 17:18:15", "calendarYear": "2006", "period": "FY", "revenue": 507546000, "costOfRevenue": 255722000, "grossProfit": 251824000, "grossProfitRatio": 0.496159954, "researchAndDevelopmentExpenses": 0, "generalAndAdministrativeExpenses": 0, "sellingAndMarketingExpenses": 0, "sellingGeneralAndAdministrativeExpenses": 0, "otherExpenses": 172830000, "operatingExpenses": 172830000, "costAndExpenses": 428552000, "interestIncome": 0, "interestExpense": 15001000, "depreciationAndAmortization": 31505000, "ebitda": 106170000, "ebitdaratio": 0.20918301, "operatingIncome": 78994000, "operatingIncomeRatio": 0.1556390948, "totalOtherIncomeExpensesNet": 4329000, "incomeBeforeTax": 68322000, "incomeBeforeTaxRatio": 0.1346124292, "incomeTaxExpense": 25899000, "netIncome": 42423000, "netIncomeRatio": 0.0835845421, "eps": 1.37, "epsdiluted": 1.37, "weightedAverageShsOut": 30846000, "weightedAverageShsOutDil": 30846000, "link": "https://www.sec.gov/Archives/edgar/data/1161728/000116172807000003/0001161728-07-000003-index.htm", "finalLink": "https://www.sec.gov/Archives/edgar/data/1161728/000116172807000003/f10k2006.htm", "calculatedOtherExpenses": 172830000, "calculatedOperatingExpenses": 172830000, "calculatedNetInterest": -15001000, "calculatedOtherIncome": 4329000, "calculatedIncomeNonControlling": 0, "calculatedEbitda": 110499000}, {"date": "2005-12-31", "symbol": "MGEE", "reportedCurrency": "USD", "cik": "0001161728", "fillingDate": "2006-03-08", "acceptedDate": "2006-03-08 16:54:44", "calendarYear": "2005", "period": "FY", "revenue": 513370000, "costOfRevenue": 292802000, "grossProfit": 220568000, "grossProfitRatio": 0.429647233, "researchAndDevelopmentExpenses": 0, "generalAndAdministrativeExpenses": 0, "sellingAndMarketingExpenses": 0, "sellingGeneralAndAdministrativeExpenses": 0, "otherExpenses": 160096000, "operatingExpenses": 160096000, "costAndExpenses": 452898000, "interestIncome": 0, "interestExpense": 13448000, "depreciationAndAmortization": 29308000, "ebitda": 84842000, "ebitdaratio": 0.1652648187, "operatingIncome": 60472000, "operatingIncomeRatio": 0.1177941835, "totalOtherIncomeExpensesNet": 4938000, "incomeBeforeTax": 51962000, "incomeBeforeTaxRatio": 0.1012174455, "incomeTaxExpense": 19871000, "netIncome": 32091000, "netIncomeRatio": 0.06251047, "eps": 1.05, "epsdiluted": 1.05, "weightedAverageShsOut": 30654000, "weightedAverageShsOutDil": 30654000, "link": "https://www.sec.gov/Archives/edgar/data/1161728/000116172806000006/0001161728-06-000006-index.htm", "finalLink": "https://www.sec.gov/Archives/edgar/data/1161728/000116172806000006/f10k20051231.htm", "calculatedOtherExpenses": 160096000, "calculatedOperatingExpenses": 160096000, "calculatedNetInterest": -13448000, "calculatedOtherIncome": 4938000, "calculatedIncomeNonControlling": 0, "calculatedEbitda": 89780000}, {"date": "2004-12-31", "symbol": "MGEE", "reportedCurrency": "USD", "cik": "0001161728", "fillingDate": "2005-03-15", "acceptedDate": "2005-03-15 17:31:23", "calendarYear": "2004", "period": "FY", "revenue": 424881000, "costOfRevenue": 210111000, "grossProfit": 214770000, "grossProfitRatio": 0.5054827116, "researchAndDevelopmentExpenses": 0, "generalAndAdministrativeExpenses": 0, "sellingAndMarketingExpenses": 0, "sellingGeneralAndAdministrativeExpenses": 0, "otherExpenses": 152817000, "operatingExpenses": 152817000, "costAndExpenses": 362928000, "interestIncome": 0, "interestExpense": 11434000, "depreciationAndAmortization": 24931000, "ebitda": 82907000, "ebitdaratio": 0.1951299305, "operatingIncome": 61953000, "operatingIncomeRatio": 0.1458125922, "totalOtherIncomeExpensesNet": 3977000, "incomeBeforeTax": 54496000, "incomeBeforeTaxRatio": 0.1282617957, "incomeTaxExpense": 20656000, "netIncome": 33840000, "netIncomeRatio": 0.0796458302, "eps": 1.18, "epsdiluted": 1.18, "weightedAverageShsOut": 28678500, "weightedAverageShsOutDil": 28678500, "link": "https://www.sec.gov/Archives/edgar/data/1161728/000116172805000004/0001161728-05-000004-index.htm", "finalLink": "https://www.sec.gov/Archives/edgar/data/1161728/000116172805000004/form10k_2004.htm", "calculatedOtherExpenses": 152817000, "calculatedOperatingExpenses": 152817000, "calculatedNetInterest": -11434000, "calculatedOtherIncome": 3977000, "calculatedIncomeNonControlling": 0, "calculatedEbitda": 86884000}, {"date": "2003-12-31", "symbol": "MGEE", "reportedCurrency": "USD", "cik": "0001161728", "fillingDate": "2004-03-15", "acceptedDate": "2004-03-15 17:15:07", "calendarYear": "2003", "period": "FY", "revenue": 401547000, "costOfRevenue": 195144000, "grossProfit": 206403000, "grossProfitRatio": 0.5140195295, "researchAndDevelopmentExpenses": 0, "generalAndAdministrativeExpenses": 0, "sellingAndMarketingExpenses": 0, "sellingGeneralAndAdministrativeExpenses": 0, "otherExpenses": 146572000, "operatingExpenses": 146572000, "costAndExpenses": 341716000, "interestIncome": 0, "interestExpense": 11776000, "depreciationAndAmortization": 23344000, "ebitda": 80689000, "ebitdaratio": 0.2009453439, "operatingIncome": 59831000, "operatingIncomeRatio": 0.1490012377, "totalOtherIncomeExpensesNet": 2486000, "incomeBeforeTax": 50541000, "incomeBeforeTaxRatio": 0.1258657143, "incomeTaxExpense": 19901000, "netIncome": 30640000, "netIncomeRatio": 0.0763048908, "eps": 1.14, "epsdiluted": 1.14, "weightedAverageShsOut": 26841000, "weightedAverageShsOutDil": 26841000, "link": "https://www.sec.gov/Archives/edgar/data/1161728/000116172804000004/0001161728-04-000004-index.htm", "finalLink": "https://www.sec.gov/Archives/edgar/data/1161728/000116172804000004/f10k2003.htm", "calculatedOtherExpenses": 146572000, "calculatedOperatingExpenses": 146572000, "calculatedNetInterest": -11776000, "calculatedOtherIncome": 2486000, "calculatedIncomeNonControlling": 0, "calculatedEbitda": 83175000}, {"date": "2002-12-31", "symbol": "MGEE", "reportedCurrency": "USD", "cik": "0001161728", "fillingDate": "2003-03-26", "acceptedDate": "2003-03-26 14:55:48", "calendarYear": "2002", "period": "FY", "revenue": 347096000, "costOfRevenue": 156229000, "grossProfit": 190867000, "grossProfitRatio": 0.5498968585, "researchAndDevelopmentExpenses": 0, "generalAndAdministrativeExpenses": 0, "sellingAndMarketingExpenses": 0, "sellingGeneralAndAdministrativeExpenses": 0, "otherExpenses": 132737000, "operatingExpenses": 132737000, "costAndExpenses": 288966000, "interestIncome": 0, "interestExpense": 12545000, "depreciationAndAmortization": 28842000, "ebitda": 85157000, "ebitdaratio": 0.2453413465, "operatingIncome": 58130000, "operatingIncomeRatio": 0.1674752806, "totalOtherIncomeExpensesNet": 2335000, "incomeBeforeTax": 47920000, "incomeBeforeTaxRatio": 0.1380597875, "incomeTaxExpense": 18727000, "netIncome": 29193000, "netIncomeRatio": 0.0841064144, "eps": 1.13, "epsdiluted": 1.13, "weightedAverageShsOut": 25966500, "weightedAverageShsOutDil": 25966500, "link": "https://www.sec.gov/Archives/edgar/data/1161728/000116172803000008/0001161728-03-000008-index.htm", "finalLink": "https://www.sec.gov/Archives/edgar/data/1161728/000116172803000008/f10k02.htm", "calculatedOtherExpenses": 132737000, "calculatedOperatingExpenses": 132737000, "calculatedNetInterest": -12545000, "calculatedOtherIncome": 2335000, "calculatedIncomeNonControlling": 0, "calculatedEbitda": 86972000}, {"date": "2001-12-31", "symbol": "MGEE", "reportedCurrency": "USD", "cik": "0001161728", "fillingDate": "2001-12-31", "acceptedDate": "2001-12-30 19:00:00", "calendarYear": "2001", "period": "FY", "revenue": 333711000, "costOfRevenue": 144644000, "grossProfit": 189067000, "grossProfitRatio": 0.5665590886, "researchAndDevelopmentExpenses": 0, "generalAndAdministrativeExpenses": 0, "sellingAndMarketingExpenses": 0, "sellingGeneralAndAdministrativeExpenses": 0, "otherExpenses": 140560000, "operatingExpenses": 140560000, "costAndExpenses": 285204000, "interestIncome": 0, "interestExpense": 13572000, "depreciationAndAmortization": 36459000, "ebitda": 80808000, "ebitdaratio": 0.2421496445, "operatingIncome": 48507000, "operatingIncomeRatio": 0.1453563113, "totalOtherIncomeExpensesNet": 4158000, "incomeBeforeTax": 39093000, "incomeBeforeTaxRatio": 0.1171462733, "incomeTaxExpense": 11731000, "netIncome": 27245000, "netIncomeRatio": 0.081642499, "eps": 1.08, "epsdiluted": 1.08, "weightedAverageShsOut": 25228500, "weightedAverageShsOutDil": 25228500, "link": "", "finalLink": "", "calculatedOtherExpenses": 140560000, "calculatedOperatingExpenses": 140560000, "calculatedNetInterest": -13572000, "calculatedOtherIncome": 4158000, "calculatedIncomeNonControlling": 117000, "calculatedEbitda": 84966000}, {"date": "2000-12-31", "symbol": "MGEE", "reportedCurrency": "USD", "cik": "0001161728", "fillingDate": "2000-12-31", "acceptedDate": "2000-12-30 19:00:00", "calendarYear": "2000", "period": "FY", "revenue": 324108000, "costOfRevenue": 132783000, "grossProfit": 191325000, "grossProfitRatio": 0.5903124884, "researchAndDevelopmentExpenses": 0, "generalAndAdministrativeExpenses": 0, "sellingAndMarketingExpenses": 0, "sellingGeneralAndAdministrativeExpenses": 0, "otherExpenses": 135808000, "operatingExpenses": 135808000, "costAndExpenses": 268591000, "interestIncome": 0, "interestExpense": 14129000, "depreciationAndAmortization": 36548000, "ebitda": 90682000, "ebitdaratio": 0.2797894529, "operatingIncome": 55517000, "operatingIncomeRatio": 0.1712916682, "totalOtherIncomeExpensesNet": 1383000, "incomeBeforeTax": 42771000, "incomeBeforeTaxRatio": 0.1319652708, "incomeTaxExpense": 15416000, "netIncome": 27355000, "netIncomeRatio": 0.0844008787, "eps": 1.11, "epsdiluted": 1.11, "weightedAverageShsOut": 24573000, "weightedAverageShsOutDil": 24573000, "link": "", "finalLink": "", "calculatedOtherExpenses": 135808000, "calculatedOperatingExpenses": 135808000, "calculatedNetInterest": -14129000, "calculatedOtherIncome": 1383000, "calculatedIncomeNonControlling": 0, "calculatedEbitda": 92065000}, {"date": "1999-12-31", "symbol": "MGEE", "reportedCurrency": "USD", "cik": "0001161728", "fillingDate": "1999-12-31", "acceptedDate": "1999-12-30 19:00:00", "calendarYear": "1999", "period": "FY", "revenue": 274100000, "costOfRevenue": 104000000, "grossProfit": 170100000, "grossProfitRatio": 0.620576432, "researchAndDevelopmentExpenses": 0, "generalAndAdministrativeExpenses": 0, "sellingAndMarketingExpenses": 0, "sellingGeneralAndAdministrativeExpenses": 0, "otherExpenses": 125300000, "operatingExpenses": 125300000, "costAndExpenses": 229300000, "interestIncome": 0, "interestExpense": 0, "depreciationAndAmortization": 32000000, "ebitda": 76800000, "ebitdaratio": 0.2801897118, "operatingIncome": 44800000, "operatingIncomeRatio": 0.1634439985, "totalOtherIncomeExpensesNet": 3200000, "incomeBeforeTax": 36000000, "incomeBeforeTaxRatio": 0.1313389274, "incomeTaxExpense": 12300000, "netIncome": 23700000, "netIncomeRatio": 0.0864647939, "eps": 0.99, "epsdiluted": 0.99, "weightedAverageShsOut": 24126000, "weightedAverageShsOutDil": 24220183, "link": "", "finalLink": "", "calculatedOtherExpenses": 125300000, "calculatedOperatingExpenses": 125300000, "calculatedNetInterest": 0, "calculatedOtherIncome": -8800000, "calculatedIncomeNonControlling": 0, "calculatedEbitda": 76800000}, {"date": "1998-12-31", "symbol": "MGEE", "reportedCurrency": "USD", "cik": "0001161728", "fillingDate": "1998-12-31", "acceptedDate": "1998-12-30 19:00:00", "calendarYear": "1998", "period": "FY", "revenue": 249800000, "costOfRevenue": 87400000, "grossProfit": 162400000, "grossProfitRatio": 0.6501200961, "researchAndDevelopmentExpenses": 0, "generalAndAdministrativeExpenses": 0, "sellingAndMarketingExpenses": 0, "sellingGeneralAndAdministrativeExpenses": 0, "otherExpenses": 122000000, "operatingExpenses": 122000000, "costAndExpenses": 209400000, "interestIncome": 0, "interestExpense": 10900000, "depreciationAndAmortization": 31600000, "ebitda": 72000000, "ebitdaratio": 0.2882305845, "operatingIncome": 40400000, "operatingIncomeRatio": 0.1617293835, "totalOtherIncomeExpensesNet": 3200000, "incomeBeforeTax": 32900000, "incomeBeforeTaxRatio": 0.1317053643, "incomeTaxExpense": 10700000, "netIncome": 22200000, "netIncomeRatio": 0.0888710969, "eps": 0.92, "epsdiluted": 0.92, "weightedAverageShsOut": 24130435, "weightedAverageShsOutDil": 24130435, "link": "", "finalLink": "", "calculatedOtherExpenses": 122000000, "calculatedOperatingExpenses": 122000000, "calculatedNetInterest": -10900000, "calculatedOtherIncome": 3400000, "calculatedIncomeNonControlling": 0, "calculatedEbitda": 72000000}, {"date": "1997-12-31", "symbol": "MGEE", "reportedCurrency": "USD", "cik": "0001161728", "fillingDate": "1997-12-31", "acceptedDate": "1997-12-30 19:00:00", "calendarYear": "1997", "period": "FY", "revenue": 264600000, "costOfRevenue": 109900000, "grossProfit": 154700000, "grossProfitRatio": 0.5846560847, "researchAndDevelopmentExpenses": 0, "generalAndAdministrativeExpenses": 0, "sellingAndMarketingExpenses": 0, "sellingGeneralAndAdministrativeExpenses": 0, "otherExpenses": 111900000, "operatingExpenses": 111900000, "costAndExpenses": 221800000, "interestIncome": 0, "interestExpense": 0, "depreciationAndAmortization": 26900000, "ebitda": 69700000, "ebitdaratio": 0.2634164777, "operatingIncome": 42800000, "operatingIncomeRatio": 0.1617535903, "totalOtherIncomeExpensesNet": 2200000, "incomeBeforeTax": 34400000, "incomeBeforeTaxRatio": 0.1300075586, "incomeTaxExpense": 11900000, "netIncome": 22500000, "netIncomeRatio": 0.0850340136, "eps": 0.93, "epsdiluted": 0.93, "weightedAverageShsOut": 24107143, "weightedAverageShsOutDil": 24107143, "link": "", "finalLink": "", "calculatedOtherExpenses": 111900000, "calculatedOperatingExpenses": 111900000, "calculatedNetInterest": 0, "calculatedOtherIncome": -8400000, "calculatedIncomeNonControlling": 0, "calculatedEbitda": 69700000}, {"date": "1996-12-31", "symbol": "MGEE", "reportedCurrency": "USD", "cik": "0001161728", "fillingDate": "1996-12-31", "acceptedDate": "1996-12-30 19:00:00", "calendarYear": "1996", "period": "FY", "revenue": 253200000, "costOfRevenue": 104400000, "grossProfit": 148800000, "grossProfitRatio": 0.5876777251, "researchAndDevelopmentExpenses": 0, "generalAndAdministrativeExpenses": 0, "sellingAndMarketingExpenses": 0, "sellingGeneralAndAdministrativeExpenses": 0, "otherExpenses": 115200000, "operatingExpenses": 115200000, "costAndExpenses": 219600000, "interestIncome": 0, "interestExpense": 10900000, "depreciationAndAmortization": 30600000, "ebitda": 64200000, "ebitdaratio": 0.2535545024, "operatingIncome": 33600000, "operatingIncomeRatio": 0.1327014218, "totalOtherIncomeExpensesNet": -3800000, "incomeBeforeTax": 19000000, "incomeBeforeTaxRatio": 0.0750394945, "incomeTaxExpense": 12600000, "netIncome": 6400000, "netIncomeRatio": 0.0252764613, "eps": 0.27, "epsdiluted": 0.27, "weightedAverageShsOut": 24000000, "weightedAverageShsOutDil": 24090909, "link": "", "finalLink": "", "calculatedOtherExpenses": 115200000, "calculatedOperatingExpenses": 115200000, "calculatedNetInterest": -10900000, "calculatedOtherIncome": -3700000, "calculatedIncomeNonControlling": 0, "calculatedEbitda": 64200000}, {"date": "1995-12-31", "symbol": "MGEE", "reportedCurrency": "USD", "cik": "0001161728", "fillingDate": "1995-12-31", "acceptedDate": "1995-12-30 19:00:00", "calendarYear": "1995", "period": "FY", "revenue": 248600000, "costOfRevenue": 93600000, "grossProfit": 155000000, "grossProfitRatio": 0.6234915527, "researchAndDevelopmentExpenses": 0, "generalAndAdministrativeExpenses": 0, "sellingAndMarketingExpenses": 0, "sellingGeneralAndAdministrativeExpenses": 0, "otherExpenses": 106900000, "operatingExpenses": 106900000, "costAndExpenses": 200500000, "interestIncome": 0, "interestExpense": 11500000, "depreciationAndAmortization": 25300000, "ebitda": 73400000, "ebitdaratio": 0.2952534191, "operatingIncome": 48100000, "operatingIncomeRatio": 0.1934835076, "totalOtherIncomeExpensesNet": 1500000, "incomeBeforeTax": 38200000, "incomeBeforeTaxRatio": 0.1536604988, "incomeTaxExpense": 14200000, "netIncome": 24000000, "netIncomeRatio": 0.0965406275, "eps": 0.99, "epsdiluted": 0.99, "weightedAverageShsOut": 24060403, "weightedAverageShsOutDil": 24060403, "link": "", "finalLink": "", "calculatedOtherExpenses": 106900000, "calculatedOperatingExpenses": 106900000, "calculatedNetInterest": -11500000, "calculatedOtherIncome": 1600000, "calculatedIncomeNonControlling": 0, "calculatedEbitda": 73400000}, {"date": "1994-12-31", "symbol": "MGEE", "reportedCurrency": "USD", "cik": "0001161728", "fillingDate": "1994-12-31", "acceptedDate": "1994-12-30 19:00:00", "calendarYear": "1994", "period": "FY", "revenue": 245000000, "costOfRevenue": 95900000, "grossProfit": 149100000, "grossProfitRatio": 0.6085714286, "researchAndDevelopmentExpenses": 0, "generalAndAdministrativeExpenses": 0, "sellingAndMarketingExpenses": 0, "sellingGeneralAndAdministrativeExpenses": 0, "otherExpenses": 100200000, "operatingExpenses": 100200000, "costAndExpenses": 196100000, "interestIncome": 0, "interestExpense": 11200000, "depreciationAndAmortization": 22500000, "ebitda": 71400000, "ebitdaratio": 0.2914285714, "operatingIncome": 48900000, "operatingIncomeRatio": 0.1995918367, "totalOtherIncomeExpensesNet": 1900000, "incomeBeforeTax": 39800000, "incomeBeforeTaxRatio": 0.1624489796, "incomeTaxExpense": 14800000, "netIncome": 25000000, "netIncomeRatio": 0.1020408163, "eps": 1.02, "epsdiluted": 1.02, "weightedAverageShsOut": 24019608, "weightedAverageShsOutDil": 24019608, "link": "", "finalLink": "", "calculatedOtherExpenses": 100200000, "calculatedOperatingExpenses": 100200000, "calculatedNetInterest": -11200000, "calculatedOtherIncome": 2100000, "calculatedIncomeNonControlling": 0, "calculatedEbitda": 71400000}, {"date": "1993-12-31", "symbol": "MGEE", "reportedCurrency": "USD", "cik": "0001161728", "fillingDate": "1993-12-31", "acceptedDate": "1993-12-30 19:00:00", "calendarYear": "1993", "period": "FY", "revenue": 244100000, "costOfRevenue": 0, "grossProfit": 244100000, "grossProfitRatio": 1, "researchAndDevelopmentExpenses": 0, "generalAndAdministrativeExpenses": 0, "sellingAndMarketingExpenses": 0, "sellingGeneralAndAdministrativeExpenses": 0, "otherExpenses": 0, "operatingExpenses": 0, "costAndExpenses": 0, "interestIncome": 0, "interestExpense": 0, "depreciationAndAmortization": 0, "ebitda": 244100000, "ebitdaratio": 1, "operatingIncome": 244100000, "operatingIncomeRatio": 1, "totalOtherIncomeExpensesNet": 0, "incomeBeforeTax": 0, "incomeBeforeTaxRatio": 0, "incomeTaxExpense": -24700000, "netIncome": 24700000, "netIncomeRatio": 0.1011880377, "eps": 1.01, "epsdiluted": 1.01, "weightedAverageShsOut": 24039735, "weightedAverageShsOutDil": 24039735, "link": "", "finalLink": "", "calculatedOtherExpenses": 0, "calculatedOperatingExpenses": 0, "calculatedNetInterest": 0, "calculatedOtherIncome": -244100000, "calculatedIncomeNonControlling": 0, "calculatedEbitda": 244100000}, {"date": "1992-12-31", "symbol": "MGEE", "reportedCurrency": "USD", "cik": "0001161728", "fillingDate": "1992-12-31", "acceptedDate": "1992-12-30 19:00:00", "calendarYear": "1992", "period": "FY", "revenue": 228000000, "costOfRevenue": 0, "grossProfit": 228000000, "grossProfitRatio": 1, "researchAndDevelopmentExpenses": 0, "generalAndAdministrativeExpenses": 0, "sellingAndMarketingExpenses": 0, "sellingGeneralAndAdministrativeExpenses": 0, "otherExpenses": 0, "operatingExpenses": 0, "costAndExpenses": 0, "interestIncome": 0, "interestExpense": 0, "depreciationAndAmortization": 0, "ebitda": 228000000, "ebitdaratio": 1, "operatingIncome": 228000000, "operatingIncomeRatio": 1, "totalOtherIncomeExpensesNet": 0, "incomeBeforeTax": 0, "incomeBeforeTaxRatio": 0, "incomeTaxExpense": -23800000, "netIncome": 23800000, "netIncomeRatio": 0.1043859649, "eps": 0.97, "epsdiluted": 0.97, "weightedAverageShsOut": 24206897, "weightedAverageShsOutDil": 24206897, "link": "", "finalLink": "", "calculatedOtherExpenses": 0, "calculatedOperatingExpenses": 0, "calculatedNetInterest": 0, "calculatedOtherIncome": -228000000, "calculatedIncomeNonControlling": 0, "calculatedEbitda": 228000000}, {"date": "1991-12-31", "symbol": "MGEE", "reportedCurrency": "USD", "cik": "0001161728", "fillingDate": "1991-12-31", "acceptedDate": "1991-12-30 19:00:00", "calendarYear": "1991", "period": "FY", "revenue": 232200000, "costOfRevenue": 0, "grossProfit": 232200000, "grossProfitRatio": 1, "researchAndDevelopmentExpenses": 0, "generalAndAdministrativeExpenses": 0, "sellingAndMarketingExpenses": 0, "sellingGeneralAndAdministrativeExpenses": 0, "otherExpenses": 0, "operatingExpenses": 0, "costAndExpenses": 0, "interestIncome": 0, "interestExpense": 0, "depreciationAndAmortization": 0, "ebitda": 232200000, "ebitdaratio": 1, "operatingIncome": 232200000, "operatingIncomeRatio": 1, "totalOtherIncomeExpensesNet": 0, "incomeBeforeTax": 0, "incomeBeforeTaxRatio": 0, "incomeTaxExpense": -24900000, "netIncome": 24900000, "netIncomeRatio": 0.1072351421, "eps": 1.01, "epsdiluted": 1.01, "weightedAverageShsOut": 24078947, "weightedAverageShsOutDil": 24078947, "link": "", "finalLink": "", "calculatedOtherExpenses": 0, "calculatedOperatingExpenses": 0, "calculatedNetInterest": 0, "calculatedOtherIncome": -232200000, "calculatedIncomeNonControlling": 0, "calculatedEbitda": 232200000}, {"date": "1990-12-31", "symbol": "MGEE", "reportedCurrency": "USD", "cik": "0001161728", "fillingDate": "1990-12-31", "acceptedDate": "1990-12-30 19:00:00", "calendarYear": "1990", "period": "FY", "revenue": 220600000, "costOfRevenue": 0, "grossProfit": 220600000, "grossProfitRatio": 1, "researchAndDevelopmentExpenses": 0, "generalAndAdministrativeExpenses": 0, "sellingAndMarketingExpenses": 0, "sellingGeneralAndAdministrativeExpenses": 0, "otherExpenses": 0, "operatingExpenses": 0, "costAndExpenses": 0, "interestIncome": 0, "interestExpense": 0, "depreciationAndAmortization": 0, "ebitda": 220600000, "ebitdaratio": 1, "operatingIncome": 220600000, "operatingIncomeRatio": 1, "totalOtherIncomeExpensesNet": 0, "incomeBeforeTax": 0, "incomeBeforeTaxRatio": 0, "incomeTaxExpense": -22000000, "netIncome": 22000000, "netIncomeRatio": 0.0997280145, "eps": 0.91, "epsdiluted": 0.91, "weightedAverageShsOut": 23713235, "weightedAverageShsOutDil": 23713235, "link": "", "finalLink": "", "calculatedOtherExpenses": 0, "calculatedOperatingExpenses": 0, "calculatedNetInterest": 0, "calculatedOtherIncome": -220600000, "calculatedIncomeNonControlling": 0, "calculatedEbitda": 220600000}, {"date": "1989-12-31", "symbol": "MGEE", "reportedCurrency": "USD", "cik": "0001161728", "fillingDate": "1989-12-31", "acceptedDate": "1989-12-30 19:00:00", "calendarYear": "1989", "period": "FY", "revenue": 217600000, "costOfRevenue": 0, "grossProfit": 217600000, "grossProfitRatio": 1, "researchAndDevelopmentExpenses": 0, "generalAndAdministrativeExpenses": 0, "sellingAndMarketingExpenses": 0, "sellingGeneralAndAdministrativeExpenses": 0, "otherExpenses": 0, "operatingExpenses": 0, "costAndExpenses": 0, "interestIncome": 0, "interestExpense": 0, "depreciationAndAmortization": 0, "ebitda": 217600000, "ebitdaratio": 1, "operatingIncome": 217600000, "operatingIncomeRatio": 1, "totalOtherIncomeExpensesNet": 0, "incomeBeforeTax": 0, "incomeBeforeTaxRatio": 0, "incomeTaxExpense": -20600000, "netIncome": 20600000, "netIncomeRatio": 0.0946691176, "eps": 0.87, "epsdiluted": 0.87, "weightedAverageShsOut": 23076923, "weightedAverageShsOutDil": 23076923, "link": "", "finalLink": "", "calculatedOtherExpenses": 0, "calculatedOperatingExpenses": 0, "calculatedNetInterest": 0, "calculatedOtherIncome": -217600000, "calculatedIncomeNonControlling": 0, "calculatedEbitda": 217600000}, {"date": "1988-12-31", "symbol": "MGEE", "reportedCurrency": "USD", "cik": "0001161728", "fillingDate": "1988-12-31", "acceptedDate": "1988-12-30 19:00:00", "calendarYear": "1988", "period": "FY", "revenue": 214300000, "costOfRevenue": 0, "grossProfit": 214300000, "grossProfitRatio": 1, "researchAndDevelopmentExpenses": 0, "generalAndAdministrativeExpenses": 0, "sellingAndMarketingExpenses": 0, "sellingGeneralAndAdministrativeExpenses": 0, "otherExpenses": 0, "operatingExpenses": 0, "costAndExpenses": 0, "interestIncome": 0, "interestExpense": 0, "depreciationAndAmortization": 0, "ebitda": 214300000, "ebitdaratio": 1, "operatingIncome": 214300000, "operatingIncomeRatio": 1, "totalOtherIncomeExpensesNet": 0, "incomeBeforeTax": 0, "incomeBeforeTaxRatio": 0, "incomeTaxExpense": -20500000, "netIncome": 20500000, "netIncomeRatio": 0.0956602893, "eps": 0.89, "epsdiluted": 0.89, "weightedAverageShsOut": 22443609, "weightedAverageShsOutDil": 22443609, "link": "", "finalLink": "", "calculatedOtherExpenses": 0, "calculatedOperatingExpenses": 0, "calculatedNetInterest": 0, "calculatedOtherIncome": -214300000, "calculatedIncomeNonControlling": 0, "calculatedEbitda": 214300000}, {"date": "1987-12-31", "symbol": "MGEE", "reportedCurrency": "USD", "cik": "0001161728", "fillingDate": "1987-12-31", "acceptedDate": "1987-12-30 19:00:00", "calendarYear": "1987", "period": "FY", "revenue": 202100000, "costOfRevenue": 0, "grossProfit": 202100000, "grossProfitRatio": 1, "researchAndDevelopmentExpenses": 0, "generalAndAdministrativeExpenses": 0, "sellingAndMarketingExpenses": 0, "sellingGeneralAndAdministrativeExpenses": 0, "otherExpenses": 0, "operatingExpenses": 0, "costAndExpenses": 0, "interestIncome": 0, "interestExpense": 0, "depreciationAndAmortization": 0, "ebitda": 202100000, "ebitdaratio": 1, "operatingIncome": 202100000, "operatingIncomeRatio": 1, "totalOtherIncomeExpensesNet": 0, "incomeBeforeTax": 0, "incomeBeforeTaxRatio": 0, "incomeTaxExpense": -19600000, "netIncome": 19600000, "netIncomeRatio": 0.0969816922, "eps": 0.86, "epsdiluted": 0.86, "weightedAverageShsOut": 22093023, "weightedAverageShsOutDil": 22093023, "link": "", "finalLink": "", "calculatedOtherExpenses": 0, "calculatedOperatingExpenses": 0, "calculatedNetInterest": 0, "calculatedOtherIncome": -202100000, "calculatedIncomeNonControlling": 0, "calculatedEbitda": 202100000}, {"date": "1986-12-31", "symbol": "MGEE", "reportedCurrency": "USD", "cik": "0001161728", "fillingDate": "1986-12-31", "acceptedDate": "1986-12-30 19:00:00", "calendarYear": "1986", "period": "FY", "revenue": 210300000, "costOfRevenue": 0, "grossProfit": 210300000, "grossProfitRatio": 1, "researchAndDevelopmentExpenses": 0, "generalAndAdministrativeExpenses": 0, "sellingAndMarketingExpenses": 0, "sellingGeneralAndAdministrativeExpenses": 0, "otherExpenses": 0, "operatingExpenses": 0, "costAndExpenses": 0, "interestIncome": 0, "interestExpense": 0, "depreciationAndAmortization": 0, "ebitda": 210300000, "ebitdaratio": 1, "operatingIncome": 210300000, "operatingIncomeRatio": 1, "totalOtherIncomeExpensesNet": 0, "incomeBeforeTax": 0, "incomeBeforeTaxRatio": 0, "incomeTaxExpense": -19800000, "netIncome": 19800000, "netIncomeRatio": 0.0941512126, "eps": 0.85, "epsdiluted": 0.85, "weightedAverageShsOut": 22086614, "weightedAverageShsOutDil": 22086614, "link": "", "finalLink": "", "calculatedOtherExpenses": 0, "calculatedOperatingExpenses": 0, "calculatedNetInterest": 0, "calculatedOtherIncome": -210300000, "calculatedIncomeNonControlling": 0, "calculatedEbitda": 210300000}, {"date": "1985-12-31", "symbol": "MGEE", "reportedCurrency": "USD", "cik": "0001161728", "fillingDate": "1985-12-31", "acceptedDate": "1985-12-30 19:00:00", "calendarYear": "1985", "period": "FY", "revenue": 223900000, "costOfRevenue": 0, "grossProfit": 223900000, "grossProfitRatio": 1, "researchAndDevelopmentExpenses": 0, "generalAndAdministrativeExpenses": 0, "sellingAndMarketingExpenses": 0, "sellingGeneralAndAdministrativeExpenses": 0, "otherExpenses": 0, "operatingExpenses": 0, "costAndExpenses": 0, "interestIncome": 0, "interestExpense": 0, "depreciationAndAmortization": 0, "ebitda": 223900000, "ebitdaratio": 1, "operatingIncome": 223900000, "operatingIncomeRatio": 1, "totalOtherIncomeExpensesNet": 0, "incomeBeforeTax": 0, "incomeBeforeTaxRatio": 0, "incomeTaxExpense": -21300000, "netIncome": 21300000, "netIncomeRatio": 0.0951317552, "eps": 0.9, "epsdiluted": 0.9, "weightedAverageShsOut": 21666667, "weightedAverageShsOutDil": 21666667, "link": "", "finalLink": "", "calculatedOtherExpenses": 0, "calculatedOperatingExpenses": 0, "calculatedNetInterest": 0, "calculatedOtherIncome": -223900000, "calculatedIncomeNonControlling": 0, "calculatedEbitda": 223900000}]}