{"originalCurrency": "USD", "convertedCurrency": "USD", "report": [{"date": "2023-12-31", "symbol": "MGRC", "reportedCurrency": "USD", "cik": "0000752714", "fillingDate": "2024-02-21", "acceptedDate": "2024-02-21 16:00:53", "calendarYear": "2023", "period": "FY", "revenue": 831842000, "costOfRevenue": 438209000, "grossProfit": 393633000, "grossProfitRatio": 0.4732064503, "researchAndDevelopmentExpenses": 0, "generalAndAdministrativeExpenses": 201639000, "sellingAndMarketingExpenses": 5900000, "sellingGeneralAndAdministrativeExpenses": 207539000, "otherExpenses": 0, "operatingExpenses": 203921000, "costAndExpenses": 642130000, "interestIncome": 0, "interestExpense": 40560000, "depreciationAndAmortization": 109375000, "ebitda": 299087000, "ebitdaratio": 0.3595478468, "operatingIncome": 189712000, "operatingIncomeRatio": 0.2280625407, "totalOtherIncomeExpensesNet": 310000, "incomeBeforeTax": 149462000, "incomeBeforeTaxRatio": 0.1796759481, "incomeTaxExpense": 37610000, "netIncome": 174621000, "netIncomeRatio": 0.2099208744, "eps": 4.62, "epsdiluted": 4.61, "weightedAverageShsOut": 24469000, "weightedAverageShsOutDil": 24529000, "link": "https://www.sec.gov/Archives/edgar/data/752714/000095017024017876/0000950170-24-017876-index.htm", "finalLink": "https://www.sec.gov/Archives/edgar/data/752714/000095017024017876/mgrc-20231231.htm", "calculatedOtherExpenses": -3618000, "calculatedOperatingExpenses": 203921000, "calculatedNetInterest": -40560000, "calculatedOtherIncome": 310000, "calculatedIncomeNonControlling": -62769000, "calculatedEbitda": 299087000}, {"date": "2022-12-31", "symbol": "MGRC", "reportedCurrency": "USD", "cik": "0000752714", "fillingDate": "2023-02-22", "acceptedDate": "2023-02-22 16:01:39", "calendarYear": "2022", "period": "FY", "revenue": 733823000, "costOfRevenue": 396915000, "grossProfit": 336908000, "grossProfitRatio": 0.4591134374, "researchAndDevelopmentExpenses": 0, "generalAndAdministrativeExpenses": 166342000, "sellingAndMarketingExpenses": 5000000, "sellingGeneralAndAdministrativeExpenses": 171342000, "otherExpenses": 0, "operatingExpenses": 171342000, "costAndExpenses": 568257000, "interestIncome": 15168000, "interestExpense": 15168000, "depreciationAndAmortization": 111344000, "ebitda": 276910000, "ebitdaratio": 0.3773525768, "operatingIncome": 165566000, "operatingIncomeRatio": 0.2256211648, "totalOtherIncomeExpensesNet": -15546000, "incomeBeforeTax": 150020000, "incomeBeforeTaxRatio": 0.2044362196, "incomeTaxExpense": 34882000, "netIncome": 115138000, "netIncomeRatio": 0.1569015962, "eps": 4.73, "epsdiluted": 4.7, "weightedAverageShsOut": 24353000, "weightedAverageShsOutDil": 24519000, "link": "https://www.sec.gov/Archives/edgar/data/752714/000095017023003738/0000950170-23-003738-index.htm", "finalLink": "https://www.sec.gov/Archives/edgar/data/752714/000095017023003738/mgrc-20221231.htm", "calculatedOtherExpenses": 0, "calculatedOperatingExpenses": 171342000, "calculatedNetInterest": 0, "calculatedOtherIncome": -15546000, "calculatedIncomeNonControlling": 0, "calculatedEbitda": 276910000}, {"date": "2021-12-31", "symbol": "MGRC", "reportedCurrency": "USD", "cik": "0000752714", "fillingDate": "2022-02-23", "acceptedDate": "2022-02-23 16:01:34", "calendarYear": "2021", "period": "FY", "revenue": 616833000, "costOfRevenue": 335812000, "grossProfit": 281021000, "grossProfitRatio": 0.4555868444, "researchAndDevelopmentExpenses": 0, "generalAndAdministrativeExpenses": 143500000, "sellingAndMarketingExpenses": 5100000, "sellingGeneralAndAdministrativeExpenses": 148600000, "otherExpenses": 0, "operatingExpenses": 148600000, "costAndExpenses": 484412000, "interestIncome": 10455000, "interestExpense": 10455000, "depreciationAndAmortization": 106695000, "ebitda": 239116000, "ebitdaratio": 0.3876511146, "operatingIncome": 132421000, "operatingIncomeRatio": 0.2146788515, "totalOtherIncomeExpensesNet": -10665000, "incomeBeforeTax": 121756000, "incomeBeforeTaxRatio": 0.1973889205, "incomeTaxExpense": 32051000, "netIncome": 89705000, "netIncomeRatio": 0.1454283412, "eps": 3.7, "epsdiluted": 3.66, "weightedAverageShsOut": 24220000, "weightedAverageShsOutDil": 24515000, "link": "https://www.sec.gov/Archives/edgar/data/752714/000156459022006230/0001564590-22-006230-index.htm", "finalLink": "https://www.sec.gov/Archives/edgar/data/752714/000156459022006230/mgrc-10k_20211231.htm", "calculatedOtherExpenses": 0, "calculatedOperatingExpenses": 148600000, "calculatedNetInterest": 0, "calculatedOtherIncome": -10665000, "calculatedIncomeNonControlling": 0, "calculatedEbitda": 239116000}, {"date": "2020-12-31", "symbol": "MGRC", "reportedCurrency": "USD", "cik": "0000752714", "fillingDate": "2021-02-23", "acceptedDate": "2021-02-23 16:01:29", "calendarYear": "2020", "period": "FY", "revenue": 572554000, "costOfRevenue": 308808000, "grossProfit": 263746000, "grossProfitRatio": 0.4606482533, "researchAndDevelopmentExpenses": 0, "generalAndAdministrativeExpenses": 119093000, "sellingAndMarketingExpenses": 3900000, "sellingGeneralAndAdministrativeExpenses": 122993000, "otherExpenses": 0, "operatingExpenses": 122993000, "costAndExpenses": 431801000, "interestIncome": 8787000, "interestExpense": 8787000, "depreciationAndAmortization": 94643000, "ebitda": 235396000, "ebitdaratio": 0.411133273, "operatingIncome": 140753000, "operatingIncomeRatio": 0.2458335808, "totalOtherIncomeExpensesNet": -8709000, "incomeBeforeTax": 132044000, "incomeBeforeTaxRatio": 0.2306227884, "incomeTaxExpense": 30060000, "netIncome": 101984000, "netIncomeRatio": 0.1781211903, "eps": 4.22, "epsdiluted": 4.16, "weightedAverageShsOut": 24157000, "weightedAverageShsOutDil": 24531000, "link": "https://www.sec.gov/Archives/edgar/data/752714/000156459021007546/0001564590-21-007546-index.htm", "finalLink": "https://www.sec.gov/Archives/edgar/data/752714/000156459021007546/mgrc-10k_20201231.htm", "calculatedOtherExpenses": 0, "calculatedOperatingExpenses": 122993000, "calculatedNetInterest": 0, "calculatedOtherIncome": -8709000, "calculatedIncomeNonControlling": 0, "calculatedEbitda": 235396000}, {"date": "2019-12-31", "symbol": "MGRC", "reportedCurrency": "USD", "cik": "0000752714", "fillingDate": "2020-02-25", "acceptedDate": "2020-02-25 16:02:34", "calendarYear": "2019", "period": "FY", "revenue": 570230000, "costOfRevenue": 304065000, "grossProfit": 266165000, "grossProfitRatio": 0.4667677955, "researchAndDevelopmentExpenses": 0, "generalAndAdministrativeExpenses": 121193000, "sellingAndMarketingExpenses": 3600000, "sellingGeneralAndAdministrativeExpenses": 124793000, "otherExpenses": 0, "operatingExpenses": 124793000, "costAndExpenses": 428858000, "interestIncome": 12331000, "interestExpense": 12331000, "depreciationAndAmortization": 89476000, "ebitda": 230848000, "ebitdaratio": 0.4048331375, "operatingIncome": 141372000, "operatingIncomeRatio": 0.2479210143, "totalOtherIncomeExpensesNet": -12247000, "incomeBeforeTax": 129125000, "incomeBeforeTaxRatio": 0.2264437157, "incomeTaxExpense": 32319000, "netIncome": 96806000, "netIncomeRatio": 0.1697665854, "eps": 3.99, "epsdiluted": 3.93, "weightedAverageShsOut": 24250000, "weightedAverageShsOutDil": 24623000, "link": "https://www.sec.gov/Archives/edgar/data/752714/000156459020006373/0001564590-20-006373-index.htm", "finalLink": "https://www.sec.gov/Archives/edgar/data/752714/000156459020006373/mgrc-10k_20191231.htm", "calculatedOtherExpenses": 0, "calculatedOperatingExpenses": 124793000, "calculatedNetInterest": 0, "calculatedOtherIncome": -12247000, "calculatedIncomeNonControlling": 0, "calculatedEbitda": 230848000}, {"date": "2018-12-31", "symbol": "MGRC", "reportedCurrency": "USD", "cik": "0000752714", "fillingDate": "2019-02-26", "acceptedDate": "2019-02-26 16:02:00", "calendarYear": "2018", "period": "FY", "revenue": 498330000, "costOfRevenue": 265079000, "grossProfit": 233251000, "grossProfitRatio": 0.4680653382, "researchAndDevelopmentExpenses": 0, "generalAndAdministrativeExpenses": 112570000, "sellingAndMarketingExpenses": 3200000, "sellingGeneralAndAdministrativeExpenses": 115770000, "otherExpenses": 0, "operatingExpenses": 115770000, "costAndExpenses": 380849000, "interestIncome": 0, "interestExpense": 12297000, "depreciationAndAmortization": 81975000, "ebitda": 199456000, "ebitdaratio": 0.4002488311, "operatingIncome": 117481000, "operatingIncomeRatio": 0.235749403, "totalOtherIncomeExpensesNet": -489000, "incomeBeforeTax": 104695000, "incomeBeforeTaxRatio": 0.2100917063, "incomeTaxExpense": 25289000, "netIncome": 79406000, "netIncomeRatio": 0.1593442097, "eps": 3.29, "epsdiluted": 3.24, "weightedAverageShsOut": 24141000, "weightedAverageShsOutDil": 24540000, "link": "https://www.sec.gov/Archives/edgar/data/752714/000156459019004446/0001564590-19-004446-index.htm", "finalLink": "https://www.sec.gov/Archives/edgar/data/752714/000156459019004446/mgrc-10k_20181231.htm", "calculatedOtherExpenses": 0, "calculatedOperatingExpenses": 115770000, "calculatedNetInterest": -12297000, "calculatedOtherIncome": -489000, "calculatedIncomeNonControlling": 0, "calculatedEbitda": 199456000}, {"date": "2017-12-31", "symbol": "MGRC", "reportedCurrency": "USD", "cik": "0000752714", "fillingDate": "2018-02-27", "acceptedDate": "2018-02-27 16:02:02", "calendarYear": "2017", "period": "FY", "revenue": 462034000, "costOfRevenue": 255689000, "grossProfit": 206345000, "grossProfitRatio": 0.4466013324, "researchAndDevelopmentExpenses": 0, "generalAndAdministrativeExpenses": 108705000, "sellingAndMarketingExpenses": 2900000, "sellingGeneralAndAdministrativeExpenses": 111605000, "otherExpenses": 0, "operatingExpenses": 111605000, "costAndExpenses": 367294000, "interestIncome": 0, "interestExpense": 11622000, "depreciationAndAmortization": 78416000, "ebitda": 173156000, "ebitdaratio": 0.3747689564, "operatingIncome": 94740000, "operatingIncomeRatio": 0.2050498448, "totalOtherIncomeExpensesNet": 334000, "incomeBeforeTax": 83452000, "incomeBeforeTaxRatio": 0.1806187423, "incomeTaxExpense": -70468000, "netIncome": 153920000, "netIncomeRatio": 0.3331356567, "eps": 6.41, "epsdiluted": 6.34, "weightedAverageShsOut": 23999000, "weightedAverageShsOutDil": 24269000, "link": "https://www.sec.gov/Archives/edgar/data/752714/000156459018003494/0001564590-18-003494-index.htm", "finalLink": "https://www.sec.gov/Archives/edgar/data/752714/000156459018003494/mgrc-10k_20171231.htm", "calculatedOtherExpenses": 0, "calculatedOperatingExpenses": 111605000, "calculatedNetInterest": -11622000, "calculatedOtherIncome": 334000, "calculatedIncomeNonControlling": 0, "calculatedEbitda": 173156000}, {"date": "2016-12-31", "symbol": "MGRC", "reportedCurrency": "USD", "cik": "0000752714", "fillingDate": "2017-02-28", "acceptedDate": "2017-02-28 16:06:54", "calendarYear": "2016", "period": "FY", "revenue": 424080000, "costOfRevenue": 239913000, "grossProfit": 184167000, "grossProfitRatio": 0.4342741935, "researchAndDevelopmentExpenses": 0, "generalAndAdministrativeExpenses": 102008000, "sellingAndMarketingExpenses": 2900000, "sellingGeneralAndAdministrativeExpenses": 104908000, "otherExpenses": 0, "operatingExpenses": 104908000, "costAndExpenses": 344821000, "interestIncome": 0, "interestExpense": 12207000, "depreciationAndAmortization": 81179000, "ebitda": 160438000, "ebitdaratio": 0.3783201283, "operatingIncome": 79259000, "operatingIncomeRatio": 0.1868963403, "totalOtherIncomeExpensesNet": -121000, "incomeBeforeTax": 66931000, "incomeBeforeTaxRatio": 0.1578263535, "incomeTaxExpense": 28680000, "netIncome": 38251000, "netIncomeRatio": 0.0901976042, "eps": 1.6, "epsdiluted": 1.6, "weightedAverageShsOut": 23900000, "weightedAverageShsOutDil": 23976000, "link": "https://www.sec.gov/Archives/edgar/data/752714/000156459017002846/0001564590-17-002846-index.htm", "finalLink": "https://www.sec.gov/Archives/edgar/data/752714/000156459017002846/mgrc-10k_20161231.htm", "calculatedOtherExpenses": 0, "calculatedOperatingExpenses": 104908000, "calculatedNetInterest": -12207000, "calculatedOtherIncome": -121000, "calculatedIncomeNonControlling": 0, "calculatedEbitda": 160438000}, {"date": "2015-12-31", "symbol": "MGRC", "reportedCurrency": "USD", "cik": "0000752714", "fillingDate": "2016-02-25", "acceptedDate": "2016-02-25 16:24:22", "calendarYear": "2015", "period": "FY", "revenue": 404544000, "costOfRevenue": 227637000, "grossProfit": 176907000, "grossProfitRatio": 0.4372997746, "researchAndDevelopmentExpenses": 0, "generalAndAdministrativeExpenses": 97150000, "sellingAndMarketingExpenses": 2800000, "sellingGeneralAndAdministrativeExpenses": 99950000, "otherExpenses": 0, "operatingExpenses": 99950000, "costAndExpenses": 327587000, "interestIncome": 0, "interestExpense": 10092000, "depreciationAndAmortization": 84280000, "ebitda": 161237000, "ebitdaratio": 0.3985648038, "operatingIncome": 76957000, "operatingIncomeRatio": 0.1902314705, "totalOtherIncomeExpensesNet": -488000, "incomeBeforeTax": 66377000, "incomeBeforeTaxRatio": 0.1640785675, "incomeTaxExpense": 25907000, "netIncome": 40470000, "netIncomeRatio": 0.1000385619, "eps": 1.6, "epsdiluted": 1.59, "weightedAverageShsOut": 25369000, "weightedAverageShsOutDil": 25457000, "link": "https://www.sec.gov/Archives/edgar/data/752714/000156459016013379/0001564590-16-013379-index.htm", "finalLink": "https://www.sec.gov/Archives/edgar/data/752714/000156459016013379/mgrc-10k_20151231.htm", "calculatedOtherExpenses": 0, "calculatedOperatingExpenses": 99950000, "calculatedNetInterest": -10092000, "calculatedOtherIncome": -488000, "calculatedIncomeNonControlling": 0, "calculatedEbitda": 161237000}, {"date": "2014-12-31", "symbol": "MGRC", "reportedCurrency": "USD", "cik": "0000752714", "fillingDate": "2015-02-26", "acceptedDate": "2015-02-26 16:02:11", "calendarYear": "2014", "period": "FY", "revenue": 408122000, "costOfRevenue": 225903000, "grossProfit": 182219000, "grossProfitRatio": 0.4464816893, "researchAndDevelopmentExpenses": 0, "generalAndAdministrativeExpenses": 94459000, "sellingAndMarketingExpenses": 2400000, "sellingGeneralAndAdministrativeExpenses": 96859000, "otherExpenses": 0, "operatingExpenses": 96859000, "costAndExpenses": 322762000, "interestIncome": 0, "interestExpense": 9280000, "depreciationAndAmortization": 81125000, "ebitda": 166485000, "ebitdaratio": 0.4079294917, "operatingIncome": 85360000, "operatingIncomeRatio": 0.2091531454, "totalOtherIncomeExpensesNet": 481000, "incomeBeforeTax": 76561000, "incomeBeforeTaxRatio": 0.1875934157, "incomeTaxExpense": 30852000, "netIncome": 45709000, "netIncomeRatio": 0.111998373, "eps": 1.77, "epsdiluted": 1.75, "weightedAverageShsOut": 25914000, "weightedAverageShsOutDil": 26175000, "link": "https://www.sec.gov/Archives/edgar/data/752714/000119312515065598/0001193125-15-065598-index.htm", "finalLink": "https://www.sec.gov/Archives/edgar/data/752714/000119312515065598/d813806d10k.htm", "calculatedOtherExpenses": 0, "calculatedOperatingExpenses": 96859000, "calculatedNetInterest": -9280000, "calculatedOtherIncome": 481000, "calculatedIncomeNonControlling": 0, "calculatedEbitda": 166485000}, {"date": "2013-12-31", "symbol": "MGRC", "reportedCurrency": "USD", "cik": "0000752714", "fillingDate": "2014-02-28", "acceptedDate": "2014-02-28 16:24:37", "calendarYear": "2013", "period": "FY", "revenue": 379320000, "costOfRevenue": 210494000, "grossProfit": 168826000, "grossProfitRatio": 0.4450753981, "researchAndDevelopmentExpenses": 0, "generalAndAdministrativeExpenses": 86365000, "sellingAndMarketingExpenses": 2400000, "sellingGeneralAndAdministrativeExpenses": 88765000, "otherExpenses": 0, "operatingExpenses": 88765000, "costAndExpenses": 299259000, "interestIncome": 0, "interestExpense": 8687000, "depreciationAndAmortization": 76849000, "ebitda": 156910000, "ebitdaratio": 0.4136612886, "operatingIncome": 80061000, "operatingIncomeRatio": 0.2110645365, "totalOtherIncomeExpensesNet": -8687000, "incomeBeforeTax": 71374000, "incomeBeforeTaxRatio": 0.1881630286, "incomeTaxExpense": 27977000, "netIncome": 43397000, "netIncomeRatio": 0.1144073605, "eps": 1.71, "epsdiluted": 1.67, "weightedAverageShsOut": 25433000, "weightedAverageShsOutDil": 25926000, "link": "https://www.sec.gov/Archives/edgar/data/752714/000119312514077423/0001193125-14-077423-index.htm", "finalLink": "https://www.sec.gov/Archives/edgar/data/752714/000119312514077423/d647966d10k.htm", "calculatedOtherExpenses": 0, "calculatedOperatingExpenses": 88765000, "calculatedNetInterest": -8687000, "calculatedOtherIncome": 0, "calculatedIncomeNonControlling": 0, "calculatedEbitda": 156910000}, {"date": "2012-12-31", "symbol": "MGRC", "reportedCurrency": "USD", "cik": "0000752714", "fillingDate": "2013-02-22", "acceptedDate": "2013-02-22 16:50:40", "calendarYear": "2012", "period": "FY", "revenue": 364074000, "costOfRevenue": 195780000, "grossProfit": 168294000, "grossProfitRatio": 0.4622521795, "researchAndDevelopmentExpenses": 0, "generalAndAdministrativeExpenses": 83778000, "sellingAndMarketingExpenses": 2500000, "sellingGeneralAndAdministrativeExpenses": 86278000, "otherExpenses": 0, "operatingExpenses": 86278000, "costAndExpenses": 282058000, "interestIncome": 0, "interestExpense": 9149000, "depreciationAndAmortization": 72476000, "ebitda": 154492000, "ebitdaratio": 0.424342304, "operatingIncome": 82016000, "operatingIncomeRatio": 0.2252728841, "totalOtherIncomeExpensesNet": -9149000, "incomeBeforeTax": 72867000, "incomeBeforeTaxRatio": 0.2001433774, "incomeTaxExpense": 28090000, "netIncome": 44777000, "netIncomeRatio": 0.1229887331, "eps": 1.8, "epsdiluted": 1.78, "weightedAverageShsOut": 24759000, "weightedAverageShsOutDil": 25156000, "link": "https://www.sec.gov/Archives/edgar/data/752714/000119312513071624/0001193125-13-071624-index.htm", "finalLink": "https://www.sec.gov/Archives/edgar/data/752714/000119312513071624/d444518d10k.htm", "calculatedOtherExpenses": 0, "calculatedOperatingExpenses": 86278000, "calculatedNetInterest": -9149000, "calculatedOtherIncome": 0, "calculatedIncomeNonControlling": 0, "calculatedEbitda": 154492000}, {"date": "2011-12-31", "symbol": "MGRC", "reportedCurrency": "USD", "cik": "0000752714", "fillingDate": "2012-02-29", "acceptedDate": "2012-02-29 16:02:25", "calendarYear": "2011", "period": "FY", "revenue": 342670000, "costOfRevenue": 175879000, "grossProfit": 166791000, "grossProfitRatio": 0.4867394286, "researchAndDevelopmentExpenses": 0, "generalAndAdministrativeExpenses": 0, "sellingAndMarketingExpenses": 0, "sellingGeneralAndAdministrativeExpenses": 78127000, "otherExpenses": 0, "operatingExpenses": 78127000, "costAndExpenses": 254006000, "interestIncome": 0, "interestExpense": 7606000, "depreciationAndAmortization": 67395000, "ebitda": 156059000, "ebitdaratio": 0.4554206671, "operatingIncome": 88664000, "operatingIncomeRatio": 0.2587445647, "totalOtherIncomeExpensesNet": -7606000, "incomeBeforeTax": 81058000, "incomeBeforeTaxRatio": 0.2365482826, "incomeTaxExpense": 31456000, "netIncome": 49602000, "netIncomeRatio": 0.1447515102, "eps": 2.04, "epsdiluted": 2, "weightedAverageShsOut": 24349000, "weightedAverageShsOutDil": 24760000, "link": "https://www.sec.gov/Archives/edgar/data/752714/000119312512089056/0001193125-12-089056-index.htm", "finalLink": "https://www.sec.gov/Archives/edgar/data/752714/000119312512089056/d279744d10k.htm", "calculatedOtherExpenses": 0, "calculatedOperatingExpenses": 78127000, "calculatedNetInterest": -7606000, "calculatedOtherIncome": 0, "calculatedIncomeNonControlling": 0, "calculatedEbitda": 156059000}, {"date": "2010-12-31", "symbol": "MGRC", "reportedCurrency": "USD", "cik": "0000752714", "fillingDate": "2011-02-25", "acceptedDate": "2011-02-25 16:01:09", "calendarYear": "2010", "period": "FY", "revenue": 291374000, "costOfRevenue": 160585000, "grossProfit": 130789000, "grossProfitRatio": 0.4488698374, "researchAndDevelopmentExpenses": 0, "generalAndAdministrativeExpenses": 0, "sellingAndMarketingExpenses": 0, "sellingGeneralAndAdministrativeExpenses": 65553000, "otherExpenses": 0, "operatingExpenses": 65553000, "costAndExpenses": 226138000, "interestIncome": 0, "interestExpense": 6186000, "depreciationAndAmortization": 62577000, "ebitda": 127813000, "ebitdaratio": 0.4386561601, "operatingIncome": 65236000, "operatingIncomeRatio": 0.2238909443, "totalOtherIncomeExpensesNet": -6186000, "incomeBeforeTax": 59050000, "incomeBeforeTaxRatio": 0.2026604982, "incomeTaxExpense": 22571000, "netIncome": 36479000, "netIncomeRatio": 0.1251964829, "eps": 1.52, "epsdiluted": 1.5, "weightedAverageShsOut": 23944000, "weightedAverageShsOutDil": 24289000, "link": "https://www.sec.gov/Archives/edgar/data/752714/000119312511047378/0001193125-11-047378-index.htm", "finalLink": "https://www.sec.gov/Archives/edgar/data/752714/000119312511047378/d10k.htm", "calculatedOtherExpenses": 0, "calculatedOperatingExpenses": 65553000, "calculatedNetInterest": -6186000, "calculatedOtherIncome": 0, "calculatedIncomeNonControlling": 0, "calculatedEbitda": 127813000}, {"date": "2009-12-31", "symbol": "MGRC", "reportedCurrency": "USD", "cik": "0000752714", "fillingDate": "2010-02-26", "acceptedDate": "2010-02-26 15:28:34", "calendarYear": "2009", "period": "FY", "revenue": 275643000, "costOfRevenue": 154328000, "grossProfit": 121315000, "grossProfitRatio": 0.4401163824, "researchAndDevelopmentExpenses": 0, "generalAndAdministrativeExpenses": 0, "sellingAndMarketingExpenses": 0, "sellingGeneralAndAdministrativeExpenses": 60236000, "otherExpenses": 0, "operatingExpenses": 60236000, "costAndExpenses": 214564000, "interestIncome": 0, "interestExpense": 7105000, "depreciationAndAmortization": 63130000, "ebitda": 124209000, "ebitdaratio": 0.45061547, "operatingIncome": 61079000, "operatingIncomeRatio": 0.221587343, "totalOtherIncomeExpensesNet": -7105000, "incomeBeforeTax": 53974000, "incomeBeforeTaxRatio": 0.1958112486, "incomeTaxExpense": 20649000, "netIncome": 33325000, "netIncomeRatio": 0.120899134, "eps": 1.4, "epsdiluted": 1.4, "weightedAverageShsOut": 23745000, "weightedAverageShsOutDil": 23869000, "link": "https://www.sec.gov/Archives/edgar/data/752714/000119312510042731/0001193125-10-042731-index.htm", "finalLink": "https://www.sec.gov/Archives/edgar/data/752714/000119312510042731/d10k.htm", "calculatedOtherExpenses": 0, "calculatedOperatingExpenses": 60236000, "calculatedNetInterest": -7105000, "calculatedOtherIncome": 0, "calculatedIncomeNonControlling": 0, "calculatedEbitda": 124209000}, {"date": "2008-12-31", "symbol": "MGRC", "reportedCurrency": "USD", "cik": "0000752714", "fillingDate": "2009-02-27", "acceptedDate": "2009-02-27 12:52:31", "calendarYear": "2008", "period": "FY", "revenue": 304159000, "costOfRevenue": 168421000, "grossProfit": 135738000, "grossProfitRatio": 0.4462731663, "researchAndDevelopmentExpenses": 0, "generalAndAdministrativeExpenses": 0, "sellingAndMarketingExpenses": 0, "sellingGeneralAndAdministrativeExpenses": 58059000, "otherExpenses": 0, "operatingExpenses": 58059000, "costAndExpenses": 226480000, "interestIncome": 0, "interestExpense": 9977000, "depreciationAndAmortization": 60416000, "ebitda": 138095000, "ebitdaratio": 0.4540224028, "operatingIncome": 77679000, "operatingIncomeRatio": 0.2553894509, "totalOtherIncomeExpensesNet": -9977000, "incomeBeforeTax": 67702000, "incomeBeforeTaxRatio": 0.2225875282, "incomeTaxExpense": 26498000, "netIncome": 41204000, "netIncomeRatio": 0.13546862, "eps": 1.74, "epsdiluted": 1.72, "weightedAverageShsOut": 23740000, "weightedAverageShsOutDil": 23944000, "link": "https://www.sec.gov/Archives/edgar/data/752714/000119312509040552/0001193125-09-040552-index.htm", "finalLink": "https://www.sec.gov/Archives/edgar/data/752714/000119312509040552/d10k.htm", "calculatedOtherExpenses": 0, "calculatedOperatingExpenses": 58059000, "calculatedNetInterest": -9977000, "calculatedOtherIncome": 0, "calculatedIncomeNonControlling": 0, "calculatedEbitda": 138095000}, {"date": "2007-12-31", "symbol": "MGRC", "reportedCurrency": "USD", "cik": "0000752714", "fillingDate": "2008-02-27", "acceptedDate": "2008-02-27 15:23:24", "calendarYear": "2007", "period": "FY", "revenue": 280409000, "costOfRevenue": 149853000, "grossProfit": 130556000, "grossProfitRatio": 0.4655913327, "researchAndDevelopmentExpenses": 0, "generalAndAdministrativeExpenses": 0, "sellingAndMarketingExpenses": 0, "sellingGeneralAndAdministrativeExpenses": 50026000, "otherExpenses": 0, "operatingExpenses": 50026000, "costAndExpenses": 199879000, "interestIncome": 0, "interestExpense": 10719000, "depreciationAndAmortization": 54002000, "ebitda": 134532000, "ebitdaratio": 0.4797706208, "operatingIncome": 80530000, "operatingIncomeRatio": 0.2871876438, "totalOtherIncomeExpensesNet": -10719000, "incomeBeforeTax": 69811000, "incomeBeforeTaxRatio": 0.2489613386, "incomeTaxExpense": 27337000, "netIncome": 42410000, "netIncomeRatio": 0.1512433624, "eps": 1.68, "epsdiluted": 1.67, "weightedAverageShsOut": 25231000, "weightedAverageShsOutDil": 25443000, "link": "https://www.sec.gov/Archives/edgar/data/752714/000119312508040001/0001193125-08-040001-index.htm", "finalLink": "https://www.sec.gov/Archives/edgar/data/752714/000119312508040001/d10k.htm", "calculatedOtherExpenses": 0, "calculatedOperatingExpenses": 50026000, "calculatedNetInterest": -10719000, "calculatedOtherIncome": 0, "calculatedIncomeNonControlling": 64000, "calculatedEbitda": 134532000}, {"date": "2006-12-31", "symbol": "MGRC", "reportedCurrency": "USD", "cik": "0000752714", "fillingDate": "2007-03-14", "acceptedDate": "2007-03-13 19:11:22", "calendarYear": "2006", "period": "FY", "revenue": 267066000, "costOfRevenue": 145240000, "grossProfit": 121826000, "grossProfitRatio": 0.4561643938, "researchAndDevelopmentExpenses": 0, "generalAndAdministrativeExpenses": 0, "sellingAndMarketingExpenses": 0, "sellingGeneralAndAdministrativeExpenses": 45499000, "otherExpenses": 0, "operatingExpenses": 45499000, "costAndExpenses": 190739000, "interestIncome": 0, "interestExpense": 0, "depreciationAndAmortization": 47461000, "ebitda": 123788000, "ebitdaratio": 0.4635108924, "operatingIncome": 76327000, "operatingIncomeRatio": 0.2857982671, "totalOtherIncomeExpensesNet": -10760000, "incomeBeforeTax": 65567000, "incomeBeforeTaxRatio": 0.2455086009, "incomeTaxExpense": 24209000, "netIncome": 41078000, "netIncomeRatio": 0.1538121663, "eps": 1.65, "epsdiluted": 1.63, "weightedAverageShsOut": 24948000, "weightedAverageShsOutDil": 25231000, "link": "https://www.sec.gov/Archives/edgar/data/752714/000119312507053703/0001193125-07-053703-index.htm", "finalLink": "https://www.sec.gov/Archives/edgar/data/752714/000119312507053703/d10k.htm", "calculatedOtherExpenses": 0, "calculatedOperatingExpenses": 45499000, "calculatedNetInterest": 0, "calculatedOtherIncome": -10760000, "calculatedIncomeNonControlling": 280000, "calculatedEbitda": 123788000}, {"date": "2005-12-31", "symbol": "MGRC", "reportedCurrency": "USD", "cik": "0000752714", "fillingDate": "2006-03-14", "acceptedDate": "2006-03-13 18:04:38", "calendarYear": "2005", "period": "FY", "revenue": 272180000, "costOfRevenue": 114563000, "grossProfit": 157617000, "grossProfitRatio": 0.5790910427, "researchAndDevelopmentExpenses": 0, "generalAndAdministrativeExpenses": 0, "sellingAndMarketingExpenses": 0, "sellingGeneralAndAdministrativeExpenses": 39819000, "otherExpenses": 0, "operatingExpenses": 39819000, "costAndExpenses": 154382000, "interestIncome": 0, "interestExpense": 0, "depreciationAndAmortization": 46433000, "ebitda": 164231000, "ebitdaratio": 0.6033911382, "operatingIncome": 73620000, "operatingIncomeRatio": 0.2704827688, "totalOtherIncomeExpensesNet": -7890000, "incomeBeforeTax": 65730000, "incomeBeforeTaxRatio": 0.2414945992, "incomeTaxExpense": 24649000, "netIncome": 40819000, "netIncomeRatio": 0.1499706077, "eps": 1.65, "epsdiluted": 1.61, "weightedAverageShsOut": 24668000, "weightedAverageShsOutDil": 25331000, "link": "https://www.sec.gov/Archives/edgar/data/752714/000119312506052481/0001193125-06-052481-index.htm", "finalLink": "https://www.sec.gov/Archives/edgar/data/752714/000119312506052481/d10k.htm", "calculatedOtherExpenses": 44178000, "calculatedOperatingExpenses": 83997000, "calculatedNetInterest": 0, "calculatedOtherIncome": -7890000, "calculatedIncomeNonControlling": 262000, "calculatedEbitda": 120053000}, {"date": "2004-12-31", "symbol": "MGRC", "reportedCurrency": "USD", "cik": "0000752714", "fillingDate": "2005-03-16", "acceptedDate": "2005-03-15 19:39:22", "calendarYear": "2004", "period": "FY", "revenue": 202520000, "costOfRevenue": 82313000, "grossProfit": 120207000, "grossProfitRatio": 0.593556192, "researchAndDevelopmentExpenses": 0, "generalAndAdministrativeExpenses": 0, "sellingAndMarketingExpenses": 0, "sellingGeneralAndAdministrativeExpenses": 33705000, "otherExpenses": 0, "operatingExpenses": 33705000, "costAndExpenses": 116018000, "interestIncome": 0, "interestExpense": 0, "depreciationAndAmortization": 34501000, "ebitda": 121003000, "ebitdaratio": 0.597486668, "operatingIncome": 54076000, "operatingIncomeRatio": 0.2670156034, "totalOtherIncomeExpensesNet": -5188000, "incomeBeforeTax": 48888000, "incomeBeforeTaxRatio": 0.2413983804, "incomeTaxExpense": 18843000, "netIncome": 29997000, "netIncomeRatio": 0.1481187043, "eps": 1.23, "epsdiluted": 1.21, "weightedAverageShsOut": 24344000, "weightedAverageShsOutDil": 24804000, "link": "https://www.sec.gov/Archives/edgar/data/752714/000119312505051423/0001193125-05-051423-index.htm", "finalLink": "https://www.sec.gov/Archives/edgar/data/752714/000119312505051423/d10k.htm", "calculatedOtherExpenses": 32426000, "calculatedOperatingExpenses": 66131000, "calculatedNetInterest": 0, "calculatedOtherIncome": -5188000, "calculatedIncomeNonControlling": 48000, "calculatedEbitda": 88577000}, {"date": "2003-12-31", "symbol": "MGRC", "reportedCurrency": "USD", "cik": "0000752714", "fillingDate": "2004-03-12", "acceptedDate": "2004-03-12 13:39:26", "calendarYear": "2003", "period": "FY", "revenue": 130971000, "costOfRevenue": 67637000, "grossProfit": 63334000, "grossProfitRatio": 0.4835726993, "researchAndDevelopmentExpenses": 0, "generalAndAdministrativeExpenses": 0, "sellingAndMarketingExpenses": 0, "sellingGeneralAndAdministrativeExpenses": 22626000, "otherExpenses": 0, "operatingExpenses": 22626000, "costAndExpenses": 90263000, "interestIncome": 0, "interestExpense": 0, "depreciationAndAmortization": 14692000, "ebitda": 55400000, "ebitdaratio": 0.4229944033, "operatingIncome": 40708000, "operatingIncomeRatio": 0.3108168984, "totalOtherIncomeExpensesNet": -2668000, "incomeBeforeTax": 38040000, "incomeBeforeTaxRatio": 0.2904459766, "incomeTaxExpense": 15178000, "netIncome": 22692000, "netIncomeRatio": 0.1732597293, "eps": 0.94, "epsdiluted": 0.93, "weightedAverageShsOut": 24250000, "weightedAverageShsOutDil": 24517000, "link": "https://www.sec.gov/Archives/edgar/data/752714/000119312504040246/0001193125-04-040246-index.htm", "finalLink": "https://www.sec.gov/Archives/edgar/data/752714/000119312504040246/d10k.htm", "calculatedOtherExpenses": 0, "calculatedOperatingExpenses": 22626000, "calculatedNetInterest": 0, "calculatedOtherIncome": -2668000, "calculatedIncomeNonControlling": 170000, "calculatedEbitda": 55400000}, {"date": "2002-12-31", "symbol": "MGRC", "reportedCurrency": "USD", "cik": "0000752714", "fillingDate": "2003-03-26", "acceptedDate": "2003-03-26 17:20:19", "calendarYear": "2002", "period": "FY", "revenue": 145086000, "costOfRevenue": 97752000, "grossProfit": 47334000, "grossProfitRatio": 0.3262478806, "researchAndDevelopmentExpenses": 0, "generalAndAdministrativeExpenses": 0, "sellingAndMarketingExpenses": 0, "sellingGeneralAndAdministrativeExpenses": 22099000, "otherExpenses": 0, "operatingExpenses": 22099000, "costAndExpenses": 119851000, "interestIncome": 0, "interestExpense": 0, "depreciationAndAmortization": 17872000, "ebitda": 43107000, "ebitdaratio": 0.2971134362, "operatingIncome": 25235000, "operatingIncomeRatio": 0.1739313235, "totalOtherIncomeExpensesNet": -3982000, "incomeBeforeTax": 21253000, "incomeBeforeTaxRatio": 0.1464855327, "incomeTaxExpense": 8459000, "netIncome": 12633000, "netIncomeRatio": 0.0870724949, "eps": 0.51, "epsdiluted": 0.5, "weightedAverageShsOut": 24937000, "weightedAverageShsOutDil": 25237000, "link": "https://www.sec.gov/Archives/edgar/data/752714/000102140803005087/0001021408-03-005087-index.htm", "finalLink": "https://www.sec.gov/Archives/edgar/data/752714/000102140803005087/d10k.htm", "calculatedOtherExpenses": 0, "calculatedOperatingExpenses": 22099000, "calculatedNetInterest": 0, "calculatedOtherIncome": -3982000, "calculatedIncomeNonControlling": 161000, "calculatedEbitda": 43107000}, {"date": "2001-12-31", "symbol": "MGRC", "reportedCurrency": "USD", "cik": "0000752714", "fillingDate": "2002-03-19", "acceptedDate": "2002-03-19 00:00:00", "calendarYear": "2001", "period": "FY", "revenue": 159394000, "costOfRevenue": 55124000, "grossProfit": 104270000, "grossProfitRatio": 0.6541651505, "researchAndDevelopmentExpenses": 0, "generalAndAdministrativeExpenses": 24955000, "sellingAndMarketingExpenses": 0, "sellingGeneralAndAdministrativeExpenses": 24955000, "otherExpenses": 0, "operatingExpenses": 24955000, "costAndExpenses": 80079000, "interestIncome": 0, "interestExpense": 0, "depreciationAndAmortization": 29632000, "ebitda": 108947000, "ebitdaratio": 0.6835075348, "operatingIncome": 52045000, "operatingIncomeRatio": 0.3265179367, "totalOtherIncomeExpensesNet": -7078000, "incomeBeforeTax": 44967000, "incomeBeforeTaxRatio": 0.2821122501, "incomeTaxExpense": 17807000, "netIncome": 26678000, "netIncomeRatio": 0.1673714193, "eps": 1.09, "epsdiluted": 1.07, "weightedAverageShsOut": 24464000, "weightedAverageShsOutDil": 24990000, "link": "https://www.sec.gov/Archives/edgar/data/752714/000089161802001286/0000891618-02-001286-index.htm", "finalLink": "https://www.sec.gov/Archives/edgar/data/752714/000089161802001286/f80051ore10-k.htm", "calculatedOtherExpenses": 27270000, "calculatedOperatingExpenses": 52225000, "calculatedNetInterest": 0, "calculatedOtherIncome": -7078000, "calculatedIncomeNonControlling": 482000, "calculatedEbitda": 81677000}, {"date": "2000-12-31", "symbol": "MGRC", "reportedCurrency": "USD", "cik": "0000752714", "fillingDate": "2001-03-30", "acceptedDate": "2001-03-30 00:00:00", "calendarYear": "2000", "period": "FY", "revenue": 164158000, "costOfRevenue": 61944000, "grossProfit": 102214000, "grossProfitRatio": 0.6226562214, "researchAndDevelopmentExpenses": 0, "generalAndAdministrativeExpenses": 19982000, "sellingAndMarketingExpenses": 0, "sellingGeneralAndAdministrativeExpenses": 19982000, "otherExpenses": 25716000, "operatingExpenses": 45698000, "costAndExpenses": 107642000, "interestIncome": 0, "interestExpense": 0, "depreciationAndAmortization": 25716000, "ebitda": 82232000, "ebitdaratio": 0.5009320289, "operatingIncome": 56516000, "operatingIncomeRatio": 0.3442780736, "totalOtherIncomeExpensesNet": -9510000, "incomeBeforeTax": 47006000, "incomeBeforeTaxRatio": 0.2863460812, "incomeTaxExpense": 19762000, "netIncome": 27244000, "netIncomeRatio": 0.1659620609, "eps": 1.11, "epsdiluted": 1.1, "weightedAverageShsOut": 24668000, "weightedAverageShsOutDil": 24856000, "link": "https://www.sec.gov/Archives/edgar/data/752714/000109581101001907/0001095811-01-001907-index.htm", "finalLink": "https://www.sec.gov/Archives/edgar/data/752714/000109581101001907/f70700e10-k.txt", "calculatedOtherExpenses": 25716000, "calculatedOperatingExpenses": 45698000, "calculatedNetInterest": 0, "calculatedOtherIncome": -9510000, "calculatedIncomeNonControlling": 0, "calculatedEbitda": 82232000}, {"date": "1999-12-31", "symbol": "MGRC", "reportedCurrency": "USD", "cik": "0000752714", "fillingDate": "2000-03-27", "acceptedDate": "2000-03-27 00:00:00", "calendarYear": "1999", "period": "FY", "revenue": 130000000, "costOfRevenue": 45800000, "grossProfit": 84200000, "grossProfitRatio": 0.6476923077, "researchAndDevelopmentExpenses": 0, "generalAndAdministrativeExpenses": 17100000, "sellingAndMarketingExpenses": 0, "sellingGeneralAndAdministrativeExpenses": 17100000, "otherExpenses": 21500000, "operatingExpenses": 38600000, "costAndExpenses": 84400000, "interestIncome": 0, "interestExpense": 0, "depreciationAndAmortization": 21500000, "ebitda": 67100000, "ebitdaratio": 0.5161538462, "operatingIncome": 45600000, "operatingIncomeRatio": 0.3507692308, "totalOtherIncomeExpensesNet": -6900000, "incomeBeforeTax": 38700000, "incomeBeforeTaxRatio": 0.2976923077, "incomeTaxExpense": 14900000, "netIncome": 22400000, "netIncomeRatio": 0.1723076923, "eps": 0.85, "epsdiluted": 0.84, "weightedAverageShsOut": 26470000, "weightedAverageShsOutDil": 26766000, "link": "https://www.sec.gov/Archives/edgar/data/752714/000089161800001724/0000891618-00-001724-index.html", "finalLink": "https://www.sec.gov/Archives/edgar/data/752714/000089161800001724/", "calculatedOtherExpenses": 21500000, "calculatedOperatingExpenses": 38600000, "calculatedNetInterest": 0, "calculatedOtherIncome": -6900000, "calculatedIncomeNonControlling": 1400000, "calculatedEbitda": 67100000}, {"date": "1998-12-31", "symbol": "MGRC", "reportedCurrency": "USD", "cik": "0000752714", "fillingDate": "1999-03-31", "acceptedDate": "1999-03-31 00:00:00", "calendarYear": "1998", "period": "FY", "revenue": 135400000, "costOfRevenue": 53200000, "grossProfit": 82200000, "grossProfitRatio": 0.6070901034, "researchAndDevelopmentExpenses": 0, "generalAndAdministrativeExpenses": 16200000, "sellingAndMarketingExpenses": 0, "sellingGeneralAndAdministrativeExpenses": 16200000, "otherExpenses": 18800000, "operatingExpenses": 35000000, "costAndExpenses": 88200000, "interestIncome": 0, "interestExpense": 0, "depreciationAndAmortization": 18800000, "ebitda": 66000000, "ebitdaratio": 0.4874446086, "operatingIncome": 47200000, "operatingIncomeRatio": 0.3485967504, "totalOtherIncomeExpensesNet": -7300000, "incomeBeforeTax": 39900000, "incomeBeforeTaxRatio": 0.2946824225, "incomeTaxExpense": 16000000, "netIncome": 23900000, "netIncomeRatio": 0.1765140325, "eps": 0.85, "epsdiluted": 0.84, "weightedAverageShsOut": 28326000, "weightedAverageShsOutDil": 28698000, "link": "https://www.sec.gov/Archives/edgar/data/752714/000089161899001298/0000891618-99-001298-index.html", "finalLink": "https://www.sec.gov/Archives/edgar/data/752714/", "calculatedOtherExpenses": 18800000, "calculatedOperatingExpenses": 35000000, "calculatedNetInterest": 0, "calculatedOtherIncome": -7300000, "calculatedIncomeNonControlling": 0, "calculatedEbitda": 66000000}, {"date": "1997-12-31", "symbol": "MGRC", "reportedCurrency": "USD", "cik": "0000752714", "fillingDate": "1998-03-31", "acceptedDate": "1998-03-31 00:00:00", "calendarYear": "1997", "period": "FY", "revenue": 135000000, "costOfRevenue": 57800000, "grossProfit": 77200000, "grossProfitRatio": 0.5718518519, "researchAndDevelopmentExpenses": 0, "generalAndAdministrativeExpenses": 16000000, "sellingAndMarketingExpenses": 0, "sellingGeneralAndAdministrativeExpenses": 16000000, "otherExpenses": 15800000, "operatingExpenses": 31800000, "costAndExpenses": 89600000, "interestIncome": 0, "interestExpense": 0, "depreciationAndAmortization": 15800000, "ebitda": 61200000, "ebitdaratio": 0.4533333333, "operatingIncome": 45400000, "operatingIncomeRatio": 0.3362962963, "totalOtherIncomeExpensesNet": -5100000, "incomeBeforeTax": 40300000, "incomeBeforeTaxRatio": 0.2985185185, "incomeTaxExpense": 16300000, "netIncome": 24000000, "netIncomeRatio": 0.1777777778, "eps": 0.8, "epsdiluted": 0.79, "weightedAverageShsOut": 29964000, "weightedAverageShsOutDil": 30362000, "link": "https://www.sec.gov/Archives/edgar/data/752714/000089161898001478/0000891618-98-001478-index.html", "finalLink": "https://www.sec.gov/Archives/edgar/data/752714/", "calculatedOtherExpenses": 15800000, "calculatedOperatingExpenses": 31800000, "calculatedNetInterest": 0, "calculatedOtherIncome": -5100000, "calculatedIncomeNonControlling": 0, "calculatedEbitda": 61200000}, {"date": "1996-12-31", "symbol": "MGRC", "reportedCurrency": "USD", "cik": "0000752714", "fillingDate": "1997-03-31", "acceptedDate": "1997-03-31 00:00:00", "calendarYear": "1996", "period": "FY", "revenue": 89000000, "costOfRevenue": 19700000, "grossProfit": 69300000, "grossProfitRatio": 0.7786516854, "researchAndDevelopmentExpenses": 0, "generalAndAdministrativeExpenses": 27800000, "sellingAndMarketingExpenses": 0, "sellingGeneralAndAdministrativeExpenses": 27800000, "otherExpenses": 13300000, "operatingExpenses": 41100000, "costAndExpenses": 60800000, "interestIncome": 0, "interestExpense": 0, "depreciationAndAmortization": 13300000, "ebitda": 41500000, "ebitdaratio": 0.4662921348, "operatingIncome": 28200000, "operatingIncomeRatio": 0.3168539326, "totalOtherIncomeExpensesNet": -2900000, "incomeBeforeTax": 25300000, "incomeBeforeTaxRatio": 0.2842696629, "incomeTaxExpense": 9800000, "netIncome": 15500000, "netIncomeRatio": 0.1741573034, "eps": 0.51, "epsdiluted": 0.51, "weightedAverageShsOut": 30611604, "weightedAverageShsOutDil": 30611604, "link": "https://www.sec.gov/Archives/edgar/data/752714/000091205797011316/0000912057-97-011316-index.html", "finalLink": "https://www.sec.gov/Archives/edgar/data/752714/", "calculatedOtherExpenses": 13300000, "calculatedOperatingExpenses": 41100000, "calculatedNetInterest": 0, "calculatedOtherIncome": -2900000, "calculatedIncomeNonControlling": 0, "calculatedEbitda": 41500000}, {"date": "1995-12-31", "symbol": "MGRC", "reportedCurrency": "USD", "cik": "0000752714", "fillingDate": "1996-03-29", "acceptedDate": "1996-03-29 00:00:00", "calendarYear": "1995", "period": "FY", "revenue": 71300000, "costOfRevenue": 9800000, "grossProfit": 61500000, "grossProfitRatio": 0.8625525947, "researchAndDevelopmentExpenses": 0, "generalAndAdministrativeExpenses": 18900000, "sellingAndMarketingExpenses": 0, "sellingGeneralAndAdministrativeExpenses": 18900000, "otherExpenses": 12400000, "operatingExpenses": 31300000, "costAndExpenses": 41100000, "interestIncome": 0, "interestExpense": 0, "depreciationAndAmortization": 12400000, "ebitda": 46800000, "ebitdaratio": 0.6563814867, "operatingIncome": 30200000, "operatingIncomeRatio": 0.4235624123, "totalOtherIncomeExpensesNet": -4200000, "incomeBeforeTax": 23000000, "incomeBeforeTaxRatio": 0.3225806452, "incomeTaxExpense": 9200000, "netIncome": 13800000, "netIncomeRatio": 0.1935483871, "eps": 0.43, "epsdiluted": 0.43, "weightedAverageShsOut": 32336988, "weightedAverageShsOutDil": 32459016, "link": "https://www.sec.gov/Archives/edgar/data/752714/000091205796005516/0000912057-96-005516-index.html", "finalLink": "https://www.sec.gov/Archives/edgar/data/752714/", "calculatedOtherExpenses": 12400000, "calculatedOperatingExpenses": 31300000, "calculatedNetInterest": 0, "calculatedOtherIncome": -7200000, "calculatedIncomeNonControlling": 0, "calculatedEbitda": 42600000}, {"date": "1994-12-31", "symbol": "MGRC", "reportedCurrency": "USD", "cik": "0000752714", "fillingDate": "1994-12-31", "acceptedDate": "1994-12-30 19:00:00", "calendarYear": "1994", "period": "FY", "revenue": 68300000, "costOfRevenue": 19000000, "grossProfit": 49300000, "grossProfitRatio": 0.7218155198, "researchAndDevelopmentExpenses": 0, "generalAndAdministrativeExpenses": 0, "sellingAndMarketingExpenses": 0, "sellingGeneralAndAdministrativeExpenses": 13300000, "otherExpenses": 11400000, "operatingExpenses": 24700000, "costAndExpenses": 43700000, "interestIncome": 0, "interestExpense": 0, "depreciationAndAmortization": 11400000, "ebitda": 36000000, "ebitdaratio": 0.5270863836, "operatingIncome": 24600000, "operatingIncomeRatio": 0.3601756955, "totalOtherIncomeExpensesNet": -2200000, "incomeBeforeTax": 22400000, "incomeBeforeTaxRatio": 0.3279648609, "incomeTaxExpense": 9400000, "netIncome": 13000000, "netIncomeRatio": 0.1903367496, "eps": 0.4, "epsdiluted": 0.39, "weightedAverageShsOut": 32911392, "weightedAverageShsOutDil": 33766234, "link": "", "finalLink": "", "calculatedOtherExpenses": 11400000, "calculatedOperatingExpenses": 24700000, "calculatedNetInterest": 0, "calculatedOtherIncome": -2200000, "calculatedIncomeNonControlling": 0, "calculatedEbitda": 36000000}, {"date": "1993-12-31", "symbol": "MGRC", "reportedCurrency": "USD", "cik": "0000752714", "fillingDate": "1993-12-31", "acceptedDate": "1993-12-30 19:00:00", "calendarYear": "1993", "period": "FY", "revenue": 57100000, "costOfRevenue": 15600000, "grossProfit": 41500000, "grossProfitRatio": 0.7267950963, "researchAndDevelopmentExpenses": 0, "generalAndAdministrativeExpenses": 0, "sellingAndMarketingExpenses": 0, "sellingGeneralAndAdministrativeExpenses": 11600000, "otherExpenses": 10900000, "operatingExpenses": 22500000, "costAndExpenses": 38100000, "interestIncome": 0, "interestExpense": 0, "depreciationAndAmortization": 10900000, "ebitda": 29900000, "ebitdaratio": 0.523642732, "operatingIncome": 19000000, "operatingIncomeRatio": 0.3327495622, "totalOtherIncomeExpensesNet": -1700000, "incomeBeforeTax": 17300000, "incomeBeforeTaxRatio": 0.3029772329, "incomeTaxExpense": 6700000, "netIncome": 10600000, "netIncomeRatio": 0.1856392294, "eps": 0.32, "epsdiluted": 0.32, "weightedAverageShsOut": 33125000, "weightedAverageShsOutDil": 33650794, "link": "", "finalLink": "", "calculatedOtherExpenses": 10900000, "calculatedOperatingExpenses": 22500000, "calculatedNetInterest": 0, "calculatedOtherIncome": -1700000, "calculatedIncomeNonControlling": 0, "calculatedEbitda": 29900000}, {"date": "1992-12-31", "symbol": "MGRC", "reportedCurrency": "USD", "cik": "0000752714", "fillingDate": "1992-12-31", "acceptedDate": "1992-12-30 19:00:00", "calendarYear": "1992", "period": "FY", "revenue": 54600000, "costOfRevenue": 14700000, "grossProfit": 39900000, "grossProfitRatio": 0.7307692308, "researchAndDevelopmentExpenses": 0, "generalAndAdministrativeExpenses": 0, "sellingAndMarketingExpenses": 0, "sellingGeneralAndAdministrativeExpenses": 11200000, "otherExpenses": 10300000, "operatingExpenses": 21500000, "costAndExpenses": 36200000, "interestIncome": 0, "interestExpense": 0, "depreciationAndAmortization": 10300000, "ebitda": 28700000, "ebitdaratio": 0.5256410256, "operatingIncome": 18400000, "operatingIncomeRatio": 0.336996337, "totalOtherIncomeExpensesNet": -2000000, "incomeBeforeTax": 16400000, "incomeBeforeTaxRatio": 0.3003663004, "incomeTaxExpense": 6300000, "netIncome": 10100000, "netIncomeRatio": 0.184981685, "eps": 0.3, "epsdiluted": 0.3, "weightedAverageShsOut": 34237288, "weightedAverageShsOutDil": 34237288, "link": "", "finalLink": "", "calculatedOtherExpenses": 10300000, "calculatedOperatingExpenses": 21500000, "calculatedNetInterest": 0, "calculatedOtherIncome": -2000000, "calculatedIncomeNonControlling": 0, "calculatedEbitda": 28700000}, {"date": "1991-12-31", "symbol": "MGRC", "reportedCurrency": "USD", "cik": "0000752714", "fillingDate": "1991-12-31", "acceptedDate": "1991-12-30 19:00:00", "calendarYear": "1991", "period": "FY", "revenue": 55800000, "costOfRevenue": 16900000, "grossProfit": 38900000, "grossProfitRatio": 0.6971326165, "researchAndDevelopmentExpenses": 0, "generalAndAdministrativeExpenses": 0, "sellingAndMarketingExpenses": 0, "sellingGeneralAndAdministrativeExpenses": 9600000, "otherExpenses": 7900000, "operatingExpenses": 17500000, "costAndExpenses": 34400000, "interestIncome": 0, "interestExpense": 0, "depreciationAndAmortization": 7900000, "ebitda": 29300000, "ebitdaratio": 0.5250896057, "operatingIncome": 21400000, "operatingIncomeRatio": 0.3835125448, "totalOtherIncomeExpensesNet": -3000000, "incomeBeforeTax": 18400000, "incomeBeforeTaxRatio": 0.3297491039, "incomeTaxExpense": 7400000, "netIncome": 11000000, "netIncomeRatio": 0.1971326165, "eps": 0.34, "epsdiluted": 0.34, "weightedAverageShsOut": 32835821, "weightedAverageShsOutDil": 32835821, "link": "", "finalLink": "", "calculatedOtherExpenses": 7900000, "calculatedOperatingExpenses": 17500000, "calculatedNetInterest": 0, "calculatedOtherIncome": -3000000, "calculatedIncomeNonControlling": 0, "calculatedEbitda": 29300000}, {"date": "1990-12-31", "symbol": "MGRC", "reportedCurrency": "USD", "cik": "0000752714", "fillingDate": "1990-12-31", "acceptedDate": "1990-12-30 19:00:00", "calendarYear": "1990", "period": "FY", "revenue": 52300000, "costOfRevenue": 15500000, "grossProfit": 36800000, "grossProfitRatio": 0.7036328872, "researchAndDevelopmentExpenses": 0, "generalAndAdministrativeExpenses": 0, "sellingAndMarketingExpenses": 0, "sellingGeneralAndAdministrativeExpenses": 9000000, "otherExpenses": 6900000, "operatingExpenses": 15900000, "costAndExpenses": 31400000, "interestIncome": 0, "interestExpense": 0, "depreciationAndAmortization": 6900000, "ebitda": 27800000, "ebitdaratio": 0.5315487572, "operatingIncome": 20900000, "operatingIncomeRatio": 0.3996175908, "totalOtherIncomeExpensesNet": -4800000, "incomeBeforeTax": 16100000, "incomeBeforeTaxRatio": 0.3078393881, "incomeTaxExpense": 6600000, "netIncome": 9500000, "netIncomeRatio": 0.1816443595, "eps": 0.32, "epsdiluted": 0.32, "weightedAverageShsOut": 30158730, "weightedAverageShsOutDil": 30158730, "link": "", "finalLink": "", "calculatedOtherExpenses": 6900000, "calculatedOperatingExpenses": 15900000, "calculatedNetInterest": 0, "calculatedOtherIncome": -4800000, "calculatedIncomeNonControlling": 0, "calculatedEbitda": 27800000}, {"date": "1989-12-31", "symbol": "MGRC", "reportedCurrency": "USD", "cik": "0000752714", "fillingDate": "1989-12-31", "acceptedDate": "1989-12-30 19:00:00", "calendarYear": "1989", "period": "FY", "revenue": 40500000, "costOfRevenue": 10200000, "grossProfit": 30300000, "grossProfitRatio": 0.7481481481, "researchAndDevelopmentExpenses": 0, "generalAndAdministrativeExpenses": 0, "sellingAndMarketingExpenses": 0, "sellingGeneralAndAdministrativeExpenses": 7200000, "otherExpenses": 6000000, "operatingExpenses": 13200000, "costAndExpenses": 23400000, "interestIncome": 0, "interestExpense": 0, "depreciationAndAmortization": 6000000, "ebitda": 23100000, "ebitdaratio": 0.5703703704, "operatingIncome": 17100000, "operatingIncomeRatio": 0.4222222222, "totalOtherIncomeExpensesNet": -4800000, "incomeBeforeTax": 12300000, "incomeBeforeTaxRatio": 0.3037037037, "incomeTaxExpense": 5200000, "netIncome": 7100000, "netIncomeRatio": 0.175308642, "eps": 0.23, "epsdiluted": 0.23, "weightedAverageShsOut": 30869565, "weightedAverageShsOutDil": 30869565, "link": "", "finalLink": "", "calculatedOtherExpenses": 6000000, "calculatedOperatingExpenses": 13200000, "calculatedNetInterest": 0, "calculatedOtherIncome": -4800000, "calculatedIncomeNonControlling": 0, "calculatedEbitda": 23100000}, {"date": "1988-12-31", "symbol": "MGRC", "reportedCurrency": "USD", "cik": "0000752714", "fillingDate": "1988-12-31", "acceptedDate": "1988-12-30 19:00:00", "calendarYear": "1988", "period": "FY", "revenue": 35600000, "costOfRevenue": 0, "grossProfit": 35600000, "grossProfitRatio": 1, "researchAndDevelopmentExpenses": 0, "generalAndAdministrativeExpenses": 0, "sellingAndMarketingExpenses": 0, "sellingGeneralAndAdministrativeExpenses": 0, "otherExpenses": 0, "operatingExpenses": 20800000, "costAndExpenses": 20800000, "interestIncome": 0, "interestExpense": 0, "depreciationAndAmortization": 0, "ebitda": 14800000, "ebitdaratio": 0.4157303371, "operatingIncome": 14800000, "operatingIncomeRatio": 0.4157303371, "totalOtherIncomeExpensesNet": -3700000, "incomeBeforeTax": 11100000, "incomeBeforeTaxRatio": 0.3117977528, "incomeTaxExpense": 4700000, "netIncome": 6400000, "netIncomeRatio": 0.1797752809, "eps": 0.19, "epsdiluted": 0.19, "weightedAverageShsOut": 34594595, "weightedAverageShsOutDil": 34594595, "link": "", "finalLink": "", "calculatedOtherExpenses": 20800000, "calculatedOperatingExpenses": 20800000, "calculatedNetInterest": 0, "calculatedOtherIncome": -3700000, "calculatedIncomeNonControlling": 0, "calculatedEbitda": 14800000}, {"date": "1987-12-31", "symbol": "MGRC", "reportedCurrency": "USD", "cik": "0000752714", "fillingDate": "1987-12-31", "acceptedDate": "1987-12-30 19:00:00", "calendarYear": "1987", "period": "FY", "revenue": 31800000, "costOfRevenue": 0, "grossProfit": 31800000, "grossProfitRatio": 1, "researchAndDevelopmentExpenses": 0, "generalAndAdministrativeExpenses": 0, "sellingAndMarketingExpenses": 0, "sellingGeneralAndAdministrativeExpenses": 0, "otherExpenses": 0, "operatingExpenses": 18500000, "costAndExpenses": 18500000, "interestIncome": 0, "interestExpense": 0, "depreciationAndAmortization": 0, "ebitda": 13300000, "ebitdaratio": 0.4182389937, "operatingIncome": 13300000, "operatingIncomeRatio": 0.4182389937, "totalOtherIncomeExpensesNet": -2900000, "incomeBeforeTax": 10400000, "incomeBeforeTaxRatio": 0.3270440252, "incomeTaxExpense": 4800000, "netIncome": 5600000, "netIncomeRatio": 0.1761006289, "eps": 0.16, "epsdiluted": 0.16, "weightedAverageShsOut": 35000000, "weightedAverageShsOutDil": 35000000, "link": "", "finalLink": "", "calculatedOtherExpenses": 18500000, "calculatedOperatingExpenses": 18500000, "calculatedNetInterest": 0, "calculatedOtherIncome": -2900000, "calculatedIncomeNonControlling": 0, "calculatedEbitda": 13300000}, {"date": "1986-12-31", "symbol": "MGRC", "reportedCurrency": "USD", "cik": "0000752714", "fillingDate": "1986-12-31", "acceptedDate": "1986-12-30 19:00:00", "calendarYear": "1986", "period": "FY", "revenue": 17600000, "costOfRevenue": 0, "grossProfit": 17600000, "grossProfitRatio": 1, "researchAndDevelopmentExpenses": 0, "generalAndAdministrativeExpenses": 0, "sellingAndMarketingExpenses": 0, "sellingGeneralAndAdministrativeExpenses": 0, "otherExpenses": 0, "operatingExpenses": 10500000, "costAndExpenses": 10500000, "interestIncome": 0, "interestExpense": 0, "depreciationAndAmortization": 0, "ebitda": 7100000, "ebitdaratio": 0.4034090909, "operatingIncome": 7100000, "operatingIncomeRatio": 0.4034090909, "totalOtherIncomeExpensesNet": -1000000, "incomeBeforeTax": 6100000, "incomeBeforeTaxRatio": 0.3465909091, "incomeTaxExpense": 3200000, "netIncome": 2900000, "netIncomeRatio": 0.1647727273, "eps": 0.09, "epsdiluted": 0.09, "weightedAverageShsOut": 32222222, "weightedAverageShsOutDil": 32222222, "link": "", "finalLink": "", "calculatedOtherExpenses": 10500000, "calculatedOperatingExpenses": 10500000, "calculatedNetInterest": 0, "calculatedOtherIncome": -1000000, "calculatedIncomeNonControlling": 0, "calculatedEbitda": 7100000}, {"date": "1985-12-31", "symbol": "MGRC", "reportedCurrency": "USD", "cik": "0000752714", "fillingDate": "1985-12-31", "acceptedDate": "1985-12-30 19:00:00", "calendarYear": "1985", "period": "FY", "revenue": 14100000, "costOfRevenue": 0, "grossProfit": 14100000, "grossProfitRatio": 1, "researchAndDevelopmentExpenses": 0, "generalAndAdministrativeExpenses": 0, "sellingAndMarketingExpenses": 0, "sellingGeneralAndAdministrativeExpenses": 0, "otherExpenses": 0, "operatingExpenses": 8900000, "costAndExpenses": 8900000, "interestIncome": 0, "interestExpense": 0, "depreciationAndAmortization": 0, "ebitda": 5200000, "ebitdaratio": 0.3687943262, "operatingIncome": 5200000, "operatingIncomeRatio": 0.3687943262, "totalOtherIncomeExpensesNet": -1000000, "incomeBeforeTax": 4200000, "incomeBeforeTaxRatio": 0.2978723404, "incomeTaxExpense": 1200000, "netIncome": 3000000, "netIncomeRatio": 0.2127659574, "eps": 0.11, "epsdiluted": 0.11, "weightedAverageShsOut": 28571429, "weightedAverageShsOutDil": 28571429, "link": "", "finalLink": "", "calculatedOtherExpenses": 8900000, "calculatedOperatingExpenses": 8900000, "calculatedNetInterest": 0, "calculatedOtherIncome": -1000000, "calculatedIncomeNonControlling": 0, "calculatedEbitda": 5200000}]}