{"originalCurrency": "USD", "convertedCurrency": "USD", "report": [{"date": "2023-12-31", "symbol": "MGY", "reportedCurrency": "USD", "cik": "0001698990", "fillingDate": "2024-02-15", "acceptedDate": "2024-02-15 16:02:49", "calendarYear": "2023", "period": "FY", "revenue": 1226979000, "costOfRevenue": 534092000, "grossProfit": 692887000, "grossProfitRatio": 0.5647097465, "researchAndDevelopmentExpenses": 0, "generalAndAdministrativeExpenses": 77102000, "sellingAndMarketingExpenses": 0, "sellingGeneralAndAdministrativeExpenses": 77102000, "otherExpenses": -65565000, "operatingExpenses": 142667000, "costAndExpenses": 676759000, "interestIncome": 0, "interestExpense": 33000, "depreciationAndAmortization": 328829000, "ebitda": 879049000, "ebitdaratio": 0.7164336146, "operatingIncome": 550220000, "operatingIncomeRatio": 0.4484347328, "totalOtherIncomeExpensesNet": -408000, "incomeBeforeTax": 549812000, "incomeBeforeTaxRatio": 0.4481022088, "incomeTaxExpense": 107208000, "netIncome": 388301000, "netIncomeRatio": 0.316469149, "eps": 2.04, "epsdiluted": 2.04, "weightedAverageShsOut": 188174000, "weightedAverageShsOutDil": 188355000, "link": "https://www.sec.gov/Archives/edgar/data/1698990/000169899024000011/0001698990-24-000011-index.htm", "finalLink": "https://www.sec.gov/Archives/edgar/data/1698990/000169899024000011/mgy-20231231.htm", "calculatedOtherExpenses": 65565000, "calculatedOperatingExpenses": 142667000, "calculatedNetInterest": -33000, "calculatedOtherIncome": -375000, "calculatedIncomeNonControlling": 54303000, "calculatedEbitda": 879049000}, {"date": "2022-12-31", "symbol": "MGY", "reportedCurrency": "USD", "cik": "0001698990", "fillingDate": "2023-02-16", "acceptedDate": "2023-02-16 16:03:18", "calendarYear": "2022", "period": "FY", "revenue": 1694493000, "costOfRevenue": 439419000, "grossProfit": 1255074000, "grossProfitRatio": 0.7406781852, "researchAndDevelopmentExpenses": 0, "generalAndAdministrativeExpenses": 72426000, "sellingAndMarketingExpenses": 0, "sellingGeneralAndAdministrativeExpenses": 72426000, "otherExpenses": 108862000, "operatingExpenses": 181288000, "costAndExpenses": 620707000, "interestIncome": 23042000, "interestExpense": 23442000, "depreciationAndAmortization": 249695000, "ebitda": 1323481000, "ebitdaratio": 0.7810483726, "operatingIncome": 1073786000, "operatingIncomeRatio": 0.6336916116, "totalOtherIncomeExpensesNet": -16899000, "incomeBeforeTax": 1056887000, "incomeBeforeTaxRatio": 0.623718717, "incomeTaxExpense": 6638000, "netIncome": 893837000, "netIncomeRatio": 0.5274952449, "eps": 4.73, "epsdiluted": 4.71, "weightedAverageShsOut": 187433000, "weightedAverageShsOutDil": 187901000, "link": "https://www.sec.gov/Archives/edgar/data/1698990/000169899023000010/0001698990-23-000010-index.htm", "finalLink": "https://www.sec.gov/Archives/edgar/data/1698990/000169899023000010/mgy-20221231.htm", "calculatedOtherExpenses": 108862000, "calculatedOperatingExpenses": 181288000, "calculatedNetInterest": -400000, "calculatedOtherIncome": -16499000, "calculatedIncomeNonControlling": 156412000, "calculatedEbitda": 1323481000}, {"date": "2021-12-31", "symbol": "MGY", "reportedCurrency": "USD", "cik": "0001698990", "fillingDate": "2022-02-17", "acceptedDate": "2022-02-17 16:02:22", "calendarYear": "2021", "period": "FY", "revenue": 1078351000, "costOfRevenue": 335590000, "grossProfit": 742761000, "grossProfitRatio": 0.6887933521, "researchAndDevelopmentExpenses": 0, "generalAndAdministrativeExpenses": 75279000, "sellingAndMarketingExpenses": 0, "sellingGeneralAndAdministrativeExpenses": 75279000, "otherExpenses": 64888000, "operatingExpenses": 140167000, "costAndExpenses": 475757000, "interestIncome": 31002000, "interestExpense": 31002000, "depreciationAndAmortization": 197119000, "ebitda": 799713000, "ebitdaratio": 0.7416073245, "operatingIncome": 602594000, "operatingIncomeRatio": 0.5588106285, "totalOtherIncomeExpensesNet": -34027000, "incomeBeforeTax": 568567000, "incomeBeforeTaxRatio": 0.5272559677, "incomeTaxExpense": 8851000, "netIncome": 559716000, "netIncomeRatio": 0.5190480651, "eps": 3.21, "epsdiluted": 3.19, "weightedAverageShsOut": 174364000, "weightedAverageShsOutDil": 175360000, "link": "https://www.sec.gov/Archives/edgar/data/1698990/000169899022000007/0001698990-22-000007-index.htm", "finalLink": "https://www.sec.gov/Archives/edgar/data/1698990/000169899022000007/mgy-20211231.htm", "calculatedOtherExpenses": 64888000, "calculatedOperatingExpenses": 140167000, "calculatedNetInterest": 0, "calculatedOtherIncome": -34027000, "calculatedIncomeNonControlling": 0, "calculatedEbitda": 799713000}, {"date": "2020-12-31", "symbol": "MGY", "reportedCurrency": "USD", "cik": "0001698990", "fillingDate": "2021-02-23", "acceptedDate": "2021-02-23 16:36:34", "calendarYear": "2020", "period": "FY", "revenue": 534506000, "costOfRevenue": 405695000, "grossProfit": 128811000, "grossProfitRatio": 0.2409907466, "researchAndDevelopmentExpenses": 0, "generalAndAdministrativeExpenses": 68918000, "sellingAndMarketingExpenses": 0, "sellingGeneralAndAdministrativeExpenses": 68918000, "otherExpenses": 604301000, "operatingExpenses": 673219000, "costAndExpenses": 1078914000, "interestIncome": 28698000, "interestExpense": 28698000, "depreciationAndAmortization": 303334000, "ebitda": -241074000, "ebitdaratio": -0.4510220652, "operatingIncome": -544408000, "operatingIncomeRatio": -1.018525517, "totalOtherIncomeExpensesNet": -1403915000, "incomeBeforeTax": -1948323000, "incomeBeforeTaxRatio": -3.6450909812, "incomeTaxExpense": -79340000, "netIncome": -1868983000, "netIncomeRatio": -3.4966548551, "eps": -11.24, "epsdiluted": -11.24, "weightedAverageShsOut": 166270000, "weightedAverageShsOutDil": 166270000, "link": "https://www.sec.gov/Archives/edgar/data/1698990/000169899021000003/0001698990-21-000003-index.htm", "finalLink": "https://www.sec.gov/Archives/edgar/data/1698990/000169899021000003/mgy-20201231.htm", "calculatedOtherExpenses": 604301000, "calculatedOperatingExpenses": 673219000, "calculatedNetInterest": 0, "calculatedOtherIncome": -1403915000, "calculatedIncomeNonControlling": 0, "calculatedEbitda": -241074000}, {"date": "2019-12-31", "symbol": "MGY", "reportedCurrency": "USD", "cik": "0001698990", "fillingDate": "2020-02-26", "acceptedDate": "2020-02-26 16:08:57", "calendarYear": "2019", "period": "FY", "revenue": 936142000, "costOfRevenue": 666789000, "grossProfit": 269353000, "grossProfitRatio": 0.2877266483, "researchAndDevelopmentExpenses": 0, "generalAndAdministrativeExpenses": 69432000, "sellingAndMarketingExpenses": 0, "sellingGeneralAndAdministrativeExpenses": 69432000, "otherExpenses": 71981000, "operatingExpenses": 141413000, "costAndExpenses": 808202000, "interestIncome": 28356000, "interestExpense": 28356000, "depreciationAndAmortization": 539134000, "ebitda": 666636000, "ebitdaratio": 0.7121099149, "operatingIncome": 127502000, "operatingIncomeRatio": 0.1361994227, "totalOtherIncomeExpensesNet": -27737000, "incomeBeforeTax": 99765000, "incomeBeforeTaxRatio": 0.1065703707, "incomeTaxExpense": 14760000, "netIncome": 85005000, "netIncomeRatio": 0.0908035319, "eps": 0.53, "epsdiluted": 0.51, "weightedAverageShsOut": 161886000, "weightedAverageShsOutDil": 167047000, "link": "https://www.sec.gov/Archives/edgar/data/1698990/000169899020000004/0001698990-20-000004-index.htm", "finalLink": "https://www.sec.gov/Archives/edgar/data/1698990/000169899020000004/a10-k2019.htm", "calculatedOtherExpenses": 72419000, "calculatedOperatingExpenses": 141851000, "calculatedNetInterest": 0, "calculatedOtherIncome": -27737000, "calculatedIncomeNonControlling": 0, "calculatedEbitda": 666636000}, {"date": "2018-12-31", "symbol": "MGY", "reportedCurrency": "USD", "cik": "0001698990", "fillingDate": "2019-02-27", "acceptedDate": "2019-02-27 17:14:09", "calendarYear": "2018", "period": "FY", "revenue": 882404000, "costOfRevenue": 81640000, "grossProfit": 800764000, "grossProfitRatio": 0.9074800205, "researchAndDevelopmentExpenses": 12374000, "generalAndAdministrativeExpenses": 88444000, "sellingAndMarketingExpenses": 0, "sellingGeneralAndAdministrativeExpenses": 88444000, "otherExpenses": 348184000, "operatingExpenses": 449002000, "costAndExpenses": 530642000, "interestIncome": 0, "interestExpense": -29097000, "depreciationAndAmortization": 321805000, "ebitda": 563596000, "ebitdaratio": 0.6387051736, "operatingIncome": 241791000, "operatingIncomeRatio": 0.2740139437, "totalOtherIncomeExpensesNet": 72450000, "incomeBeforeTax": 314241000, "incomeBeforeTaxRatio": 0.3561191926, "incomeTaxExpense": 13240000, "netIncome": 301001000, "netIncomeRatio": 0.3411147275, "eps": 1.92, "epsdiluted": 1.9, "weightedAverageShsOut": 156380000, "weightedAverageShsOutDil": 158232000, "link": "https://www.sec.gov/Archives/edgar/data/1698990/000169899019000006/0001698990-19-000006-index.htm", "finalLink": "https://www.sec.gov/Archives/edgar/data/1698990/000169899019000006/magnolia10-k2018.htm", "calculatedOtherExpenses": 458155000, "calculatedOperatingExpenses": 558973000, "calculatedNetInterest": 29097000, "calculatedOtherIncome": 43353000, "calculatedIncomeNonControlling": 0, "calculatedEbitda": 563596000}, {"date": "2017-12-31", "symbol": "MGY", "reportedCurrency": "USD", "cik": "0001698990", "fillingDate": "2018-02-14", "acceptedDate": "2018-02-14 18:10:05", "calendarYear": "2017", "period": "FY", "revenue": 403194000, "costOfRevenue": 173490000, "grossProfit": 229704000, "grossProfitRatio": 0.5697108588, "researchAndDevelopmentExpenses": 0, "generalAndAdministrativeExpenses": 18568000, "sellingAndMarketingExpenses": 0, "sellingGeneralAndAdministrativeExpenses": 18568000, "otherExpenses": -21000, "operatingExpenses": 39693000, "costAndExpenses": 213183000, "interestIncome": 0, "interestExpense": 8488000, "depreciationAndAmortization": 129711000, "ebitda": 319814000, "ebitdaratio": 0.7932012877, "operatingIncome": 190011000, "operatingIncomeRatio": 0.4712644533, "totalOtherIncomeExpensesNet": -8396000, "incomeBeforeTax": 181615000, "incomeBeforeTaxRatio": 0.4504407308, "incomeTaxExpense": 2741000, "netIncome": 178874000, "netIncomeRatio": 0.4436425145, "eps": 2.2, "epsdiluted": 2.2, "weightedAverageShsOut": 81250000, "weightedAverageShsOutDil": 81250000, "link": "https://www.sec.gov/Archives/edgar/data/1698990/000156459018002110/0001564590-18-002110-index.htm", "finalLink": "https://www.sec.gov/Archives/edgar/data/1698990/000156459018002110/tpge-10k_20171231.htm", "calculatedOtherExpenses": 21125000, "calculatedOperatingExpenses": 39693000, "calculatedNetInterest": -8488000, "calculatedOtherIncome": 92000, "calculatedIncomeNonControlling": 0, "calculatedEbitda": 319722000}, {"date": "2016-12-31", "symbol": "MGY", "reportedCurrency": "USD", "cik": "0001698990", "fillingDate": "2016-12-31", "acceptedDate": "2016-12-31 00:00:00", "calendarYear": "2016", "period": "FY", "revenue": 110926000, "costOfRevenue": 50245000, "grossProfit": 60681000, "grossProfitRatio": 0.5470403693, "researchAndDevelopmentExpenses": 0, "generalAndAdministrativeExpenses": 12157000, "sellingAndMarketingExpenses": 0, "sellingGeneralAndAdministrativeExpenses": 12157000, "otherExpenses": 2000, "operatingExpenses": 31822000, "costAndExpenses": 82067000, "interestIncome": 0, "interestExpense": 6717000, "depreciationAndAmortization": 33123000, "ebitda": 61984000, "ebitdaratio": 0.558786939, "operatingIncome": 28859000, "operatingIncomeRatio": 0.2601644339, "totalOtherIncomeExpensesNet": -6715000, "incomeBeforeTax": 22144000, "incomeBeforeTaxRatio": 0.1996285812, "incomeTaxExpense": 673000, "netIncome": 21471000, "netIncomeRatio": 0.1935614734, "eps": 0.29, "epsdiluted": 0.29, "weightedAverageShsOut": 75000000, "weightedAverageShsOutDil": 75000000, "link": null, "finalLink": null, "calculatedOtherExpenses": 19665000, "calculatedOperatingExpenses": 31822000, "calculatedNetInterest": -6717000, "calculatedOtherIncome": 2000, "calculatedIncomeNonControlling": 0, "calculatedEbitda": 61982000}]}