{"originalCurrency": "USD", "convertedCurrency": "USD", "report": [{"date": "2023-12-31", "symbol": "MHK", "reportedCurrency": "USD", "cik": "0000851968", "fillingDate": "2024-02-23", "acceptedDate": "2024-02-23 17:16:41", "calendarYear": "2023", "period": "FY", "revenue": 11135115000, "costOfRevenue": 8321066999, "grossProfit": 2814048001, "grossProfitRatio": 0.25271836, "researchAndDevelopmentExpenses": 0, "generalAndAdministrativeExpenses": 1869527000, "sellingAndMarketingExpenses": 135175000, "sellingGeneralAndAdministrativeExpenses": 2004702000, "otherExpenses": 26484000, "operatingExpenses": 2004702000, "costAndExpenses": 10325769000, "interestIncome": 0, "interestExpense": 77514000, "depreciationAndAmortization": 808933000, "ebitda": 1618279000, "ebitdaratio": 0.1453311439, "operatingIncome": 809346000, "operatingIncomeRatio": 0.0726841169, "totalOtherIncomeExpensesNet": -1163855000, "incomeBeforeTax": -354509000, "incomeBeforeTaxRatio": -0.0318370309, "incomeTaxExpense": 84862000, "netIncome": -439516000, "netIncomeRatio": -0.0394711685, "eps": -6.9, "epsdiluted": -6.9, "weightedAverageShsOut": 63657000, "weightedAverageShsOutDil": 63657000, "link": "https://www.sec.gov/Archives/edgar/data/851968/000085196824000027/0000851968-24-000027-index.htm", "finalLink": "https://www.sec.gov/Archives/edgar/data/851968/000085196824000027/mhk-20231231.htm", "calculatedOtherExpenses": 1, "calculatedOperatingExpenses": 2004702001, "calculatedNetInterest": -77514000, "calculatedOtherIncome": -1086341000, "calculatedIncomeNonControlling": 145000, "calculatedEbitda": 1618279000}, {"date": "2022-12-31", "symbol": "MHK", "reportedCurrency": "USD", "cik": "0000851968", "fillingDate": "2023-02-22", "acceptedDate": "2023-02-22 17:20:45", "calendarYear": "2022", "period": "FY", "revenue": 11737065000, "costOfRevenue": 8793639000, "grossProfit": 2943426000, "grossProfitRatio": 0.2507804123, "researchAndDevelopmentExpenses": 0, "generalAndAdministrativeExpenses": 1876540000, "sellingAndMarketingExpenses": 126898000, "sellingGeneralAndAdministrativeExpenses": 2003438000, "otherExpenses": -8386000, "operatingExpenses": 2003438000, "costAndExpenses": 10797077000, "interestIncome": 51938000, "interestExpense": 51938000, "depreciationAndAmortization": 595464000, "ebitda": 1527066000, "ebitdaratio": 0.1301062915, "operatingIncome": 931602000, "operatingIncomeRatio": 0.0793726541, "totalOtherIncomeExpensesNet": -747709000, "incomeBeforeTax": 183893000, "incomeBeforeTaxRatio": 0.0156677159, "incomeTaxExpense": 158110000, "netIncome": 25247000, "netIncomeRatio": 0.0021510488, "eps": 0.4, "epsdiluted": 0.39, "weightedAverageShsOut": 63826000, "weightedAverageShsOutDil": 64062000, "link": "https://www.sec.gov/Archives/edgar/data/851968/000085196823000033/0000851968-23-000033-index.htm", "finalLink": "https://www.sec.gov/Archives/edgar/data/851968/000085196823000033/mhk-20221231.htm", "calculatedOtherExpenses": 8386000, "calculatedOperatingExpenses": 2011824000, "calculatedNetInterest": 0, "calculatedOtherIncome": -747709000, "calculatedIncomeNonControlling": 536000, "calculatedEbitda": 1527066000}, {"date": "2021-12-31", "symbol": "MHK", "reportedCurrency": "USD", "cik": "0000851968", "fillingDate": "2022-02-23", "acceptedDate": "2022-02-23 16:19:13", "calendarYear": "2021", "period": "FY", "revenue": 11200613000, "costOfRevenue": 7931879000, "grossProfit": 3268734000, "grossProfitRatio": 0.2918352772, "researchAndDevelopmentExpenses": 0, "generalAndAdministrativeExpenses": 1794185000, "sellingAndMarketingExpenses": 139538000, "sellingGeneralAndAdministrativeExpenses": 1933723000, "otherExpenses": 12234000, "operatingExpenses": 1933723000, "costAndExpenses": 9865602000, "interestIncome": 57252000, "interestExpense": 57252000, "depreciationAndAmortization": 591711000, "ebitda": 1347245000, "ebitdaratio": 0.1202831488, "operatingIncome": 755534000, "operatingIncomeRatio": 0.0674547009, "totalOtherIncomeExpensesNet": 534459000, "incomeBeforeTax": 1289993000, "incomeBeforeTaxRatio": 0.1151716428, "incomeTaxExpense": 256445000, "netIncome": 1033159000, "netIncomeRatio": 0.0922412907, "eps": 15.01, "epsdiluted": 14.94, "weightedAverageShsOut": 68852000, "weightedAverageShsOutDil": 69145000, "link": "https://www.sec.gov/Archives/edgar/data/851968/000085196822000026/0000851968-22-000026-index.htm", "finalLink": "https://www.sec.gov/Archives/edgar/data/851968/000085196822000026/mhk-20211231.htm", "calculatedOtherExpenses": 579477000, "calculatedOperatingExpenses": 2513200000, "calculatedNetInterest": 0, "calculatedOtherIncome": 534459000, "calculatedIncomeNonControlling": 389000, "calculatedEbitda": 1347245000}, {"date": "2020-12-31", "symbol": "MHK", "reportedCurrency": "USD", "cik": "0000851968", "fillingDate": "2021-02-24", "acceptedDate": "2021-02-24 17:03:03", "calendarYear": "2020", "period": "FY", "revenue": 9552197000, "costOfRevenue": 7121507000, "grossProfit": 2430690000, "grossProfitRatio": 0.2544639731, "researchAndDevelopmentExpenses": 0, "generalAndAdministrativeExpenses": 1688714000, "sellingAndMarketingExpenses": 105974000, "sellingGeneralAndAdministrativeExpenses": 1794688000, "otherExpenses": 751000, "operatingExpenses": 1794688000, "costAndExpenses": 8916195000, "interestIncome": 52379000, "interestExpense": 52379000, "depreciationAndAmortization": 607507000, "ebitda": 636753000, "ebitdaratio": 0.0666603714, "operatingIncome": 29246000, "operatingIncomeRatio": 0.003061704, "totalOtherIncomeExpensesNet": 555128000, "incomeBeforeTax": 584374000, "incomeBeforeTaxRatio": 0.0611769209, "incomeTaxExpense": 68647000, "netIncome": 515595000, "netIncomeRatio": 0.0539765878, "eps": 7.24, "epsdiluted": 7.22, "weightedAverageShsOut": 71214000, "weightedAverageShsOutDil": 71401000, "link": "https://www.sec.gov/Archives/edgar/data/851968/000085196821000019/0000851968-21-000019-index.htm", "finalLink": "https://www.sec.gov/Archives/edgar/data/851968/000085196821000019/mhk-20201231.htm", "calculatedOtherExpenses": 606756000, "calculatedOperatingExpenses": 2401444000, "calculatedNetInterest": 0, "calculatedOtherIncome": 555128000, "calculatedIncomeNonControlling": 132000, "calculatedEbitda": 636753000}, {"date": "2019-12-31", "symbol": "MHK", "reportedCurrency": "USD", "cik": "0000851968", "fillingDate": "2020-02-28", "acceptedDate": "2020-02-28 16:47:26", "calendarYear": "2019", "period": "FY", "revenue": 9970672000, "costOfRevenue": 7294629000, "grossProfit": 2676043000, "grossProfitRatio": 0.2683914384, "researchAndDevelopmentExpenses": 0, "generalAndAdministrativeExpenses": 1718612000, "sellingAndMarketingExpenses": 130207000, "sellingGeneralAndAdministrativeExpenses": 1848819000, "otherExpenses": -36407000, "operatingExpenses": 1848819000, "costAndExpenses": 9143448000, "interestIncome": 41272000, "interestExpense": 41272000, "depreciationAndAmortization": 576452000, "ebitda": 790817000, "ebitdaratio": 0.079314313, "operatingIncome": 214365000, "operatingIncomeRatio": 0.0214995539, "totalOtherIncomeExpensesNet": 535180000, "incomeBeforeTax": 749545000, "incomeBeforeTaxRatio": 0.0751749732, "incomeTaxExpense": 4974000, "netIncome": 744211000, "netIncomeRatio": 0.0746400042, "eps": 10.34, "epsdiluted": 10.3, "weightedAverageShsOut": 71986000, "weightedAverageShsOutDil": 72264000, "link": "https://www.sec.gov/Archives/edgar/data/851968/000085196820000020/0000851968-20-000020-index.htm", "finalLink": "https://www.sec.gov/Archives/edgar/data/851968/000085196820000020/a2019q410-kdocument.htm", "calculatedOtherExpenses": 612859000, "calculatedOperatingExpenses": 2461678000, "calculatedNetInterest": 0, "calculatedOtherIncome": 535180000, "calculatedIncomeNonControlling": 360000, "calculatedEbitda": 790817000}, {"date": "2018-12-31", "symbol": "MHK", "reportedCurrency": "USD", "cik": "0000851968", "fillingDate": "2019-02-28", "acceptedDate": "2019-02-28 16:45:15", "calendarYear": "2018", "period": "FY", "revenue": 9983634000, "costOfRevenue": 7145564000, "grossProfit": 2838070000, "grossProfitRatio": 0.2842722399, "researchAndDevelopmentExpenses": 0, "generalAndAdministrativeExpenses": 1625890000, "sellingAndMarketingExpenses": 116854000, "sellingGeneralAndAdministrativeExpenses": 1742744000, "otherExpenses": -7298000, "operatingExpenses": 1742744000, "costAndExpenses": 8888308000, "interestIncome": 0, "interestExpense": 38827000, "depreciationAndAmortization": 521765000, "ebitda": 1088028000, "ebitdaratio": 0.1089811586, "operatingIncome": 1095326000, "operatingIncomeRatio": 0.1097121549, "totalOtherIncomeExpensesNet": -7298000, "incomeBeforeTax": 1049201000, "incomeBeforeTaxRatio": 0.1050920937, "incomeTaxExpense": 184346000, "netIncome": 861704000, "netIncomeRatio": 0.0863116577, "eps": 11.58, "epsdiluted": 11.52, "weightedAverageShsOut": 74413000, "weightedAverageShsOutDil": 74773000, "link": "https://www.sec.gov/Archives/edgar/data/851968/000085196819000020/0000851968-19-000020-index.htm", "finalLink": "https://www.sec.gov/Archives/edgar/data/851968/000085196819000020/a4q201810kdocument-classic.htm", "calculatedOtherExpenses": 0, "calculatedOperatingExpenses": 1742744000, "calculatedNetInterest": -38827000, "calculatedOtherIncome": -7298000, "calculatedIncomeNonControlling": 3151000, "calculatedEbitda": 1617091000}, {"date": "2017-12-31", "symbol": "MHK", "reportedCurrency": "USD", "cik": "0000851968", "fillingDate": "2018-02-28", "acceptedDate": "2018-02-28 16:19:31", "calendarYear": "2017", "period": "FY", "revenue": 9491290000, "costOfRevenue": 6494876000, "grossProfit": 2996414000, "grossProfitRatio": 0.3157014484, "researchAndDevelopmentExpenses": 0, "generalAndAdministrativeExpenses": 1522681000, "sellingAndMarketingExpenses": 119560000, "sellingGeneralAndAdministrativeExpenses": 1642241000, "otherExpenses": -5205000, "operatingExpenses": 1642241000, "costAndExpenses": 8137117000, "interestIncome": 0, "interestExpense": 31111000, "depreciationAndAmortization": 446672000, "ebitda": 1348968000, "ebitdaratio": 0.1421269395, "operatingIncome": 1354173000, "operatingIncomeRatio": 0.1426753371, "totalOtherIncomeExpensesNet": -5205000, "incomeBeforeTax": 1317857000, "incomeBeforeTaxRatio": 0.1388490922, "incomeTaxExpense": 343165000, "netIncome": 971638000, "netIncomeRatio": 0.1023715428, "eps": 13.07, "epsdiluted": 12.98, "weightedAverageShsOut": 74357000, "weightedAverageShsOutDil": 74839000, "link": "https://www.sec.gov/Archives/edgar/data/851968/000085196818000038/0000851968-18-000038-index.htm", "finalLink": "https://www.sec.gov/Archives/edgar/data/851968/000085196818000038/a201710kdocument.htm", "calculatedOtherExpenses": 0, "calculatedOperatingExpenses": 1642241000, "calculatedNetInterest": -31111000, "calculatedOtherIncome": -5205000, "calculatedIncomeNonControlling": 3054000, "calculatedEbitda": 1800845000}, {"date": "2016-12-31", "symbol": "MHK", "reportedCurrency": "USD", "cik": "0000851968", "fillingDate": "2017-02-27", "acceptedDate": "2017-02-27 16:20:57", "calendarYear": "2016", "period": "FY", "revenue": 8959087000, "costOfRevenue": 6146262000, "grossProfit": 2812825000, "grossProfitRatio": 0.3139633536, "researchAndDevelopmentExpenses": 0, "generalAndAdministrativeExpenses": 1410734000, "sellingAndMarketingExpenses": 122148000, "sellingGeneralAndAdministrativeExpenses": 1532882000, "otherExpenses": 1729000, "operatingExpenses": 1532882000, "costAndExpenses": 7679144000, "interestIncome": 0, "interestExpense": 40547000, "depreciationAndAmortization": 409467000, "ebitda": 1281672000, "ebitdaratio": 0.1430583273, "operatingIncome": 1279943000, "operatingIncomeRatio": 0.1428653388, "totalOtherIncomeExpensesNet": 1729000, "incomeBeforeTax": 1241125000, "incomeBeforeTaxRatio": 0.1385325313, "incomeTaxExpense": 307559000, "netIncome": 930362000, "netIncomeRatio": 0.1038456262, "eps": 12.55, "epsdiluted": 12.48, "weightedAverageShsOut": 74104000, "weightedAverageShsOutDil": 74568000, "link": "https://www.sec.gov/Archives/edgar/data/851968/000085196817000020/0000851968-17-000020-index.htm", "finalLink": "https://www.sec.gov/Archives/edgar/data/851968/000085196817000020/a201610kdocument.htm", "calculatedOtherExpenses": 0, "calculatedOperatingExpenses": 1532882000, "calculatedNetInterest": -40547000, "calculatedOtherIncome": 1729000, "calculatedIncomeNonControlling": 3204000, "calculatedEbitda": 1689410000}, {"date": "2015-12-31", "symbol": "MHK", "reportedCurrency": "USD", "cik": "0000851968", "fillingDate": "2016-02-29", "acceptedDate": "2016-02-29 16:41:24", "calendarYear": "2015", "period": "FY", "revenue": 8071563000, "costOfRevenue": 5660877000, "grossProfit": 2410686000, "grossProfitRatio": 0.2986640877, "researchAndDevelopmentExpenses": 0, "generalAndAdministrativeExpenses": 1473108000, "sellingAndMarketingExpenses": 100012000, "sellingGeneralAndAdministrativeExpenses": 1573120000, "otherExpenses": -17619000, "operatingExpenses": 1573120000, "costAndExpenses": 7233997000, "interestIncome": 0, "interestExpense": 71086000, "depreciationAndAmortization": 362647000, "ebitda": 819947000, "ebitdaratio": 0.1015846621, "operatingIncome": 837566000, "operatingIncomeRatio": 0.1037675107, "totalOtherIncomeExpensesNet": -17619000, "incomeBeforeTax": 748861000, "incomeBeforeTaxRatio": 0.0927776937, "incomeTaxExpense": 131875000, "netIncome": 615302000, "netIncomeRatio": 0.0762308366, "eps": 8.37, "epsdiluted": 8.31, "weightedAverageShsOut": 73516000, "weightedAverageShsOutDil": 74043000, "link": "https://www.sec.gov/Archives/edgar/data/851968/000085196816000120/0000851968-16-000120-index.htm", "finalLink": "https://www.sec.gov/Archives/edgar/data/851968/000085196816000120/a201510kdocument.htm", "calculatedOtherExpenses": 0, "calculatedOperatingExpenses": 1573120000, "calculatedNetInterest": -71086000, "calculatedOtherIncome": -17619000, "calculatedIncomeNonControlling": 1684000, "calculatedEbitda": 1200213000}, {"date": "2014-12-31", "symbol": "MHK", "reportedCurrency": "USD", "cik": "0000851968", "fillingDate": "2015-02-27", "acceptedDate": "2015-02-27 15:12:28", "calendarYear": "2014", "period": "FY", "revenue": 7803446000, "costOfRevenue": 5649254000, "grossProfit": 2154192000, "grossProfitRatio": 0.2760565012, "researchAndDevelopmentExpenses": 0, "generalAndAdministrativeExpenses": 1288346000, "sellingAndMarketingExpenses": 93050000, "sellingGeneralAndAdministrativeExpenses": 1381396000, "otherExpenses": -10698000, "operatingExpenses": 1381396000, "costAndExpenses": 7030650000, "interestIncome": 0, "interestExpense": 98207000, "depreciationAndAmortization": 345570000, "ebitda": 762098000, "ebitdaratio": 0.0976617253, "operatingIncome": 772796000, "operatingIncomeRatio": 0.0990326581, "totalOtherIncomeExpensesNet": -10698000, "incomeBeforeTax": 663891000, "incomeBeforeTaxRatio": 0.0850766443, "incomeTaxExpense": 131637000, "netIncome": 531965000, "netIncomeRatio": 0.0681705236, "eps": 7.3, "epsdiluted": 7.25, "weightedAverageShsOut": 72837000, "weightedAverageShsOutDil": 73363000, "link": "https://www.sec.gov/Archives/edgar/data/851968/000085196815000022/0000851968-15-000022-index.htm", "finalLink": "https://www.sec.gov/Archives/edgar/data/851968/000085196815000022/a4q201410kdocument.htm", "calculatedOtherExpenses": 0, "calculatedOperatingExpenses": 1381396000, "calculatedNetInterest": -98207000, "calculatedOtherIncome": -10698000, "calculatedIncomeNonControlling": 289000, "calculatedEbitda": 1118366000}, {"date": "2013-12-31", "symbol": "MHK", "reportedCurrency": "USD", "cik": "0000851968", "fillingDate": "2014-02-28", "acceptedDate": "2014-02-28 16:17:54", "calendarYear": "2013", "period": "FY", "revenue": 7348754000, "costOfRevenue": 5427945000, "grossProfit": 1920809000, "grossProfitRatio": 0.2613788678, "researchAndDevelopmentExpenses": 0, "generalAndAdministrativeExpenses": 1331251000, "sellingAndMarketingExpenses": 42627000, "sellingGeneralAndAdministrativeExpenses": 1373878000, "otherExpenses": -9114000, "operatingExpenses": 1373878000, "costAndExpenses": 6801823000, "interestIncome": 0, "interestExpense": 92246000, "depreciationAndAmortization": 308871000, "ebitda": 537817000, "ebitdaratio": 0.0731847875, "operatingIncome": 546931000, "operatingIncomeRatio": 0.0744249978, "totalOtherIncomeExpensesNet": -9114000, "incomeBeforeTax": 445571000, "incomeBeforeTaxRatio": 0.0606321834, "incomeTaxExpense": 78385000, "netIncome": 348786000, "netIncomeRatio": 0.0474619235, "eps": 4.86, "epsdiluted": 4.82, "weightedAverageShsOut": 71773000, "weightedAverageShsOutDil": 72301000, "link": "https://www.sec.gov/Archives/edgar/data/851968/000085196814000021/0000851968-14-000021-index.htm", "finalLink": "https://www.sec.gov/Archives/edgar/data/851968/000085196814000021/a4q201310kdocument.htm", "calculatedOtherExpenses": 0, "calculatedOperatingExpenses": 1373878000, "calculatedNetInterest": -92246000, "calculatedOtherIncome": -9114000, "calculatedIncomeNonControlling": 18400000, "calculatedEbitda": 855802000}, {"date": "2012-12-31", "symbol": "MHK", "reportedCurrency": "USD", "cik": "0000851968", "fillingDate": "2013-02-27", "acceptedDate": "2013-02-27 16:47:24", "calendarYear": "2012", "period": "FY", "revenue": 5787980000, "costOfRevenue": 4297922000, "grossProfit": 1490058000, "grossProfitRatio": 0.2574400741, "researchAndDevelopmentExpenses": 0, "generalAndAdministrativeExpenses": 1081375000, "sellingAndMarketingExpenses": 29175000, "sellingGeneralAndAdministrativeExpenses": 1110550000, "otherExpenses": -303000, "operatingExpenses": 1110550000, "costAndExpenses": 5408472000, "interestIncome": 0, "interestExpense": 74713000, "depreciationAndAmortization": 280293000, "ebitda": 379205000, "ebitdaratio": 0.0655159486, "operatingIncome": 379508000, "operatingIncomeRatio": 0.0655682984, "totalOtherIncomeExpensesNet": -303000, "incomeBeforeTax": 304492000, "incomeBeforeTaxRatio": 0.0526076455, "incomeTaxExpense": 53599000, "netIncome": 250258000, "netIncomeRatio": 0.0432375371, "eps": 3.63, "epsdiluted": 3.61, "weightedAverageShsOut": 68988000, "weightedAverageShsOutDil": 69306000, "link": "https://www.sec.gov/Archives/edgar/data/851968/000085196813000027/0000851968-13-000027-index.htm", "finalLink": "https://www.sec.gov/Archives/edgar/data/851968/000085196813000027/a201210k.htm", "calculatedOtherExpenses": 0, "calculatedOperatingExpenses": 1110550000, "calculatedNetInterest": -74713000, "calculatedOtherIncome": -303000, "calculatedIncomeNonControlling": 635000, "calculatedEbitda": 659801000}, {"date": "2011-12-31", "symbol": "MHK", "reportedCurrency": "USD", "cik": "0000851968", "fillingDate": "2012-02-29", "acceptedDate": "2012-02-29 07:02:10", "calendarYear": "2011", "period": "FY", "revenue": 5642258000, "costOfRevenue": 4225379000, "grossProfit": 1416879000, "grossProfitRatio": 0.2511191441, "researchAndDevelopmentExpenses": 0, "generalAndAdministrativeExpenses": 0, "sellingAndMarketingExpenses": 0, "sellingGeneralAndAdministrativeExpenses": 1101337000, "otherExpenses": 0, "operatingExpenses": 1101337000, "costAndExpenses": 5326716000, "interestIncome": 0, "interestExpense": 101617000, "depreciationAndAmortization": 297734000, "ebitda": 315542000, "ebitdaratio": 0.0559247734, "operatingIncome": 315542000, "operatingIncomeRatio": 0.0559247734, "totalOtherIncomeExpensesNet": -14051000, "incomeBeforeTax": 199874000, "incomeBeforeTaxRatio": 0.0354244701, "incomeTaxExpense": 21649000, "netIncome": 173922000, "netIncomeRatio": 0.0308248932, "eps": 2.53, "epsdiluted": 2.52, "weightedAverageShsOut": 68736000, "weightedAverageShsOutDil": 68964000, "link": "https://www.sec.gov/Archives/edgar/data/851968/000119312512087058/0001193125-12-087058-index.htm", "finalLink": "https://www.sec.gov/Archives/edgar/data/851968/000119312512087058/d261698d10k.htm", "calculatedOtherExpenses": 0, "calculatedOperatingExpenses": 1101337000, "calculatedNetInterest": -101617000, "calculatedOtherIncome": -14051000, "calculatedIncomeNonControlling": 4303000, "calculatedEbitda": 613276000}, {"date": "2010-12-31", "symbol": "MHK", "reportedCurrency": "USD", "cik": "0000851968", "fillingDate": "2011-03-01", "acceptedDate": "2011-03-01 08:09:09", "calendarYear": "2010", "period": "FY", "revenue": 5319072000, "costOfRevenue": 3916472000, "grossProfit": 1402600000, "grossProfitRatio": 0.263692614, "researchAndDevelopmentExpenses": 0, "generalAndAdministrativeExpenses": 0, "sellingAndMarketingExpenses": 0, "sellingGeneralAndAdministrativeExpenses": 1088431000, "otherExpenses": 0, "operatingExpenses": 1088431000, "costAndExpenses": 5004903000, "interestIncome": 0, "interestExpense": 133151000, "depreciationAndAmortization": 296773000, "ebitda": 314169000, "ebitdaratio": 0.0590646263, "operatingIncome": 314169000, "operatingIncomeRatio": 0.0590646263, "totalOtherIncomeExpensesNet": 7166000, "incomeBeforeTax": 188184000, "incomeBeforeTaxRatio": 0.0353791037, "incomeTaxExpense": 2713000, "netIncome": 185471000, "netIncomeRatio": 0.0348690523, "eps": 2.66, "epsdiluted": 2.65, "weightedAverageShsOut": 68578000, "weightedAverageShsOutDil": 68784000, "link": "https://www.sec.gov/Archives/edgar/data/851968/000095012311020223/0000950123-11-020223-index.htm", "finalLink": "https://www.sec.gov/Archives/edgar/data/851968/000095012311020223/g25981e10vk.htm", "calculatedOtherExpenses": 0, "calculatedOperatingExpenses": 1088431000, "calculatedNetInterest": -133151000, "calculatedOtherIncome": 7166000, "calculatedIncomeNonControlling": 0, "calculatedEbitda": 610942000}, {"date": "2009-12-31", "symbol": "MHK", "reportedCurrency": "USD", "cik": "0000851968", "fillingDate": "2010-02-26", "acceptedDate": "2010-02-26 17:09:36", "calendarYear": "2009", "period": "FY", "revenue": 5344024000, "costOfRevenue": 4111794000, "grossProfit": 1232230000, "grossProfitRatio": 0.2305809255, "researchAndDevelopmentExpenses": 0, "generalAndAdministrativeExpenses": 0, "sellingAndMarketingExpenses": 0, "sellingGeneralAndAdministrativeExpenses": 1188500000, "otherExpenses": 0, "operatingExpenses": 1188500000, "costAndExpenses": 5300294000, "interestIncome": 0, "interestExpense": 127031000, "depreciationAndAmortization": 303004000, "ebitda": 43730000, "ebitdaratio": 0.0081829722, "operatingIncome": 43730000, "operatingIncomeRatio": 0.0081829722, "totalOtherIncomeExpensesNet": 1108000, "incomeBeforeTax": -82193000, "incomeBeforeTaxRatio": -0.0153803576, "incomeTaxExpense": -76694000, "netIncome": -5499000, "netIncomeRatio": -0.0010289999, "eps": -0.0803, "epsdiluted": -0.0803, "weightedAverageShsOut": 68452000, "weightedAverageShsOutDil": 68452000, "link": "https://www.sec.gov/Archives/edgar/data/851968/000095012310018309/0000950123-10-018309-index.htm", "finalLink": "https://www.sec.gov/Archives/edgar/data/851968/000095012310018309/g22145e10vk.htm", "calculatedOtherExpenses": 0, "calculatedOperatingExpenses": 1188500000, "calculatedNetInterest": -127031000, "calculatedOtherIncome": 1108000, "calculatedIncomeNonControlling": 0, "calculatedEbitda": 346734000}, {"date": "2008-12-31", "symbol": "MHK", "reportedCurrency": "USD", "cik": "0000851968", "fillingDate": "2009-03-02", "acceptedDate": "2009-03-02 16:01:18", "calendarYear": "2008", "period": "FY", "revenue": 6826348000, "costOfRevenue": 5088584000, "grossProfit": 1737764000, "grossProfitRatio": 0.2545671566, "researchAndDevelopmentExpenses": 0, "generalAndAdministrativeExpenses": 0, "sellingAndMarketingExpenses": 0, "sellingGeneralAndAdministrativeExpenses": 1318501000, "otherExpenses": 0, "operatingExpenses": 4405295000, "costAndExpenses": 9493879000, "interestIncome": 0, "interestExpense": 127050000, "depreciationAndAmortization": 295054000, "ebitda": -2721495000, "ebitdaratio": -0.3986751042, "operatingIncome": -1124134000, "operatingIncomeRatio": -0.1646757534, "totalOtherIncomeExpensesNet": 1570379000, "incomeBeforeTax": -1278166000, "incomeBeforeTaxRatio": -0.187240088, "incomeTaxExpense": 180062000, "netIncome": -1458228000, "netIncomeRatio": -0.2136175888, "eps": -21.32, "epsdiluted": -21.32, "weightedAverageShsOut": 68401000, "weightedAverageShsOutDil": 68401000, "link": "https://www.sec.gov/Archives/edgar/data/851968/000119312509042512/0001193125-09-042512-index.htm", "finalLink": "https://www.sec.gov/Archives/edgar/data/851968/000119312509042512/d10k.htm", "calculatedOtherExpenses": 1543397000, "calculatedOperatingExpenses": 2861898000, "calculatedNetInterest": -127050000, "calculatedOtherIncome": -26982000, "calculatedIncomeNonControlling": 0, "calculatedEbitda": -829080000}, {"date": "2007-12-31", "symbol": "MHK", "reportedCurrency": "USD", "cik": "0000851968", "fillingDate": "2008-02-29", "acceptedDate": "2008-02-29 14:02:20", "calendarYear": "2007", "period": "FY", "revenue": 7586018000, "costOfRevenue": 5471234000, "grossProfit": 2114784000, "grossProfitRatio": 0.2787739233, "researchAndDevelopmentExpenses": 0, "generalAndAdministrativeExpenses": 0, "sellingAndMarketingExpenses": 0, "sellingGeneralAndAdministrativeExpenses": 1364678000, "otherExpenses": 0, "operatingExpenses": 1364678000, "costAndExpenses": 6835912000, "interestIncome": 0, "interestExpense": 145989000, "depreciationAndAmortization": 306437000, "ebitda": 1048063000, "ebitdaratio": 0.1381571992, "operatingIncome": 750106000, "operatingIncomeRatio": 0.0988800712, "totalOtherIncomeExpensesNet": 8480000, "incomeBeforeTax": 604117000, "incomeBeforeTaxRatio": 0.0796355875, "incomeTaxExpense": -102697000, "netIncome": 706814000, "netIncomeRatio": 0.0931732564, "eps": 10.37, "epsdiluted": 10.32, "weightedAverageShsOut": 68172000, "weightedAverageShsOutDil": 68492000, "link": "https://www.sec.gov/Archives/edgar/data/851968/000119312508043355/0001193125-08-043355-index.htm", "finalLink": "https://www.sec.gov/Archives/edgar/data/851968/000119312508043355/d10k.htm", "calculatedOtherExpenses": 0, "calculatedOperatingExpenses": 1364678000, "calculatedNetInterest": -145989000, "calculatedOtherIncome": 0, "calculatedIncomeNonControlling": 0, "calculatedEbitda": 1056543000}, {"date": "2006-12-31", "symbol": "MHK", "reportedCurrency": "USD", "cik": "0000851968", "fillingDate": "2007-02-26", "acceptedDate": "2007-02-26 08:01:28", "calendarYear": "2006", "period": "FY", "revenue": 7905842000, "costOfRevenue": 5674531000, "grossProfit": 2231311000, "grossProfitRatio": 0.2822357189, "researchAndDevelopmentExpenses": 0, "generalAndAdministrativeExpenses": 0, "sellingAndMarketingExpenses": 0, "sellingGeneralAndAdministrativeExpenses": 1392251000, "otherExpenses": 0, "operatingExpenses": 1392251000, "costAndExpenses": 7066782000, "interestIncome": 0, "interestExpense": 162749000, "depreciationAndAmortization": 274952000, "ebitda": 1103064000, "ebitdaratio": 0.1395251764, "operatingIncome": 839060000, "operatingIncomeRatio": 0.1061316429, "totalOtherIncomeExpensesNet": 10948000, "incomeBeforeTax": 676311000, "incomeBeforeTaxRatio": 0.0855457268, "incomeTaxExpense": 220478000, "netIncome": 455833000, "netIncomeRatio": 0.0576577422, "eps": 6.74, "epsdiluted": 6.7, "weightedAverageShsOut": 67674000, "weightedAverageShsOutDil": 68056000, "link": "https://www.sec.gov/Archives/edgar/data/851968/000119312507039047/0001193125-07-039047-index.htm", "finalLink": "https://www.sec.gov/Archives/edgar/data/851968/000119312507039047/d10k.htm", "calculatedOtherExpenses": 0, "calculatedOperatingExpenses": 1392251000, "calculatedNetInterest": -162749000, "calculatedOtherIncome": 0, "calculatedIncomeNonControlling": 0, "calculatedEbitda": 1114012000}, {"date": "2005-12-31", "symbol": "MHK", "reportedCurrency": "USD", "cik": "0000851968", "fillingDate": "2005-12-31", "acceptedDate": "2005-12-31 00:00:00", "calendarYear": "2005", "period": "FY", "revenue": 6620099000, "costOfRevenue": 4896965000, "grossProfit": 1723134000, "grossProfitRatio": 0.2602882525, "researchAndDevelopmentExpenses": 0, "generalAndAdministrativeExpenses": 0, "sellingAndMarketingExpenses": 0, "sellingGeneralAndAdministrativeExpenses": 1095862000, "otherExpenses": 0, "operatingExpenses": 1095862000, "costAndExpenses": 5992827000, "interestIncome": 0, "interestExpense": 70251000, "depreciationAndAmortization": 149329000, "ebitda": 780061000, "ebitdaratio": 0.1178322258, "operatingIncome": 627272000, "operatingIncomeRatio": 0.0947526616, "totalOtherIncomeExpensesNet": -3460000, "incomeBeforeTax": 557021000, "incomeBeforeTaxRatio": 0.0841408867, "incomeTaxExpense": 198826000, "netIncome": 358195000, "netIncomeRatio": 0.0541071969, "eps": 5.78, "epsdiluted": 5.72, "weightedAverageShsOut": 66932000, "weightedAverageShsOutDil": 67644000, "link": null, "finalLink": null, "calculatedOtherExpenses": 0, "calculatedOperatingExpenses": 1095862000, "calculatedNetInterest": -70251000, "calculatedOtherIncome": 0, "calculatedIncomeNonControlling": 0, "calculatedEbitda": 776601000}, {"date": "2004-12-31", "symbol": "MHK", "reportedCurrency": "USD", "cik": "0000851968", "fillingDate": "2004-12-31", "acceptedDate": "2004-12-31 00:00:00", "calendarYear": "2004", "period": "FY", "revenue": 5880372000, "costOfRevenue": 4259531000, "grossProfit": 1620841000, "grossProfitRatio": 0.2756357931, "researchAndDevelopmentExpenses": 0, "generalAndAdministrativeExpenses": 0, "sellingAndMarketingExpenses": 0, "sellingGeneralAndAdministrativeExpenses": 985251000, "otherExpenses": 0, "operatingExpenses": 985251000, "costAndExpenses": 5244782000, "interestIncome": 0, "interestExpense": 58201000, "depreciationAndAmortization": 123088000, "ebitda": 763487000, "ebitdaratio": 0.1298365137, "operatingIncome": 635590000, "operatingIncomeRatio": 0.1080866993, "totalOtherIncomeExpensesNet": -4809000, "incomeBeforeTax": 577389000, "incomeBeforeTaxRatio": 0.0981891962, "incomeTaxExpense": 208767000, "netIncome": 368622000, "netIncomeRatio": 0.0626868504, "eps": 5.56, "epsdiluted": 5.49, "weightedAverageShsOut": 66682000, "weightedAverageShsOutDil": 67557000, "link": null, "finalLink": null, "calculatedOtherExpenses": 0, "calculatedOperatingExpenses": 985251000, "calculatedNetInterest": -58201000, "calculatedOtherIncome": 0, "calculatedIncomeNonControlling": 0, "calculatedEbitda": 758678000}, {"date": "2003-12-31", "symbol": "MHK", "reportedCurrency": "USD", "cik": "0000851968", "fillingDate": "2003-12-31", "acceptedDate": "2003-12-31 00:00:00", "calendarYear": "2003", "period": "FY", "revenue": 5005053000, "costOfRevenue": 3645677000, "grossProfit": 1359376000, "grossProfitRatio": 0.2716007203, "researchAndDevelopmentExpenses": 0, "generalAndAdministrativeExpenses": 0, "sellingAndMarketingExpenses": 0, "sellingGeneralAndAdministrativeExpenses": 817347000, "otherExpenses": 0, "operatingExpenses": 817347000, "costAndExpenses": 4463024000, "interestIncome": 0, "interestExpense": 53595000, "depreciationAndAmortization": 106615000, "ebitda": 646664000, "ebitdaratio": 0.1292022282, "operatingIncome": 542029000, "operatingIncomeRatio": 0.1082963557, "totalOtherIncomeExpensesNet": 1980000, "incomeBeforeTax": 488434000, "incomeBeforeTaxRatio": 0.0975881774, "incomeTaxExpense": 178285000, "netIncome": 310149000, "netIncomeRatio": 0.061967176, "eps": 4.68, "epsdiluted": 4.62, "weightedAverageShsOut": 66251000, "weightedAverageShsOutDil": 67121000, "link": null, "finalLink": null, "calculatedOtherExpenses": 0, "calculatedOperatingExpenses": 817347000, "calculatedNetInterest": -53595000, "calculatedOtherIncome": 0, "calculatedIncomeNonControlling": 0, "calculatedEbitda": 648644000}, {"date": "2002-12-31", "symbol": "MHK", "reportedCurrency": "USD", "cik": "0000851968", "fillingDate": "2002-12-31", "acceptedDate": "2002-12-31 00:00:00", "calendarYear": "2002", "period": "FY", "revenue": 4522336000, "costOfRevenue": 3285222000, "grossProfit": 1237114000, "grossProfitRatio": 0.2735564098, "researchAndDevelopmentExpenses": 0, "generalAndAdministrativeExpenses": 0, "sellingAndMarketingExpenses": 0, "sellingGeneralAndAdministrativeExpenses": 718002000, "otherExpenses": 0, "operatingExpenses": 718002000, "costAndExpenses": 4003224000, "interestIncome": 0, "interestExpense": 75483000, "depreciationAndAmortization": 101942000, "ebitda": 627565000, "ebitdaratio": 0.1387700958, "operatingIncome": 519112000, "operatingIncomeRatio": 0.1147884633, "totalOtherIncomeExpensesNet": -6511000, "incomeBeforeTax": 443629000, "incomeBeforeTaxRatio": 0.0980973108, "incomeTaxExpense": 159140000, "netIncome": 284489000, "netIncomeRatio": 0.0629075327, "eps": 4.46, "epsdiluted": 4.39, "weightedAverageShsOut": 63723000, "weightedAverageShsOutDil": 64861000, "link": null, "finalLink": null, "calculatedOtherExpenses": 0, "calculatedOperatingExpenses": 718002000, "calculatedNetInterest": -75483000, "calculatedOtherIncome": 0, "calculatedIncomeNonControlling": 0, "calculatedEbitda": 621054000}, {"date": "2001-12-31", "symbol": "MHK", "reportedCurrency": "USD", "cik": "0000851968", "fillingDate": "2002-03-20", "acceptedDate": "2002-03-20 00:00:00", "calendarYear": "2001", "period": "FY", "revenue": 3445945000, "costOfRevenue": 2613043000, "grossProfit": 832902000, "grossProfitRatio": 0.2417049605, "researchAndDevelopmentExpenses": 0, "generalAndAdministrativeExpenses": 0, "sellingAndMarketingExpenses": 0, "sellingGeneralAndAdministrativeExpenses": 505745000, "otherExpenses": 0, "operatingExpenses": 505745000, "costAndExpenses": 3118788000, "interestIncome": 0, "interestExpense": 35741000, "depreciationAndAmortization": 84167000, "ebitda": 417278000, "ebitdaratio": 0.1210924725, "operatingIncome": 327157000, "operatingIncomeRatio": 0.0949397045, "totalOtherIncomeExpensesNet": -5954000, "incomeBeforeTax": 291416000, "incomeBeforeTaxRatio": 0.0845678036, "incomeTaxExpense": 102824000, "netIncome": 188592000, "netIncomeRatio": 0.0547286738, "eps": 3.6, "epsdiluted": 3.55, "weightedAverageShsOut": 52418000, "weightedAverageShsOutDil": 53141000, "link": "https://www.sec.gov/Archives/edgar/data/851968/000093176302000711/0000931763-02-000711-index.htm", "finalLink": "https://www.sec.gov/Archives/edgar/data/851968/000093176302000711/d10k.txt", "calculatedOtherExpenses": 0, "calculatedOperatingExpenses": 505745000, "calculatedNetInterest": -35741000, "calculatedOtherIncome": 0, "calculatedIncomeNonControlling": 0, "calculatedEbitda": 411324000}, {"date": "2000-12-31", "symbol": "MHK", "reportedCurrency": "USD", "cik": "0000851968", "fillingDate": "2001-03-09", "acceptedDate": "2001-03-09 00:00:00", "calendarYear": "2000", "period": "FY", "revenue": 3255846000, "costOfRevenue": 2350651000, "grossProfit": 905195000, "grossProfitRatio": 0.278021442, "researchAndDevelopmentExpenses": 0, "generalAndAdministrativeExpenses": 0, "sellingAndMarketingExpenses": 0, "sellingGeneralAndAdministrativeExpenses": 505734000, "otherExpenses": 82346000, "operatingExpenses": 588080000, "costAndExpenses": 2938731000, "interestIncome": 0, "interestExpense": 49486000, "depreciationAndAmortization": 82346000, "ebitda": 410903000, "ebitdaratio": 0.1262046792, "operatingIncome": 317115000, "operatingIncomeRatio": 0.0973986485, "totalOtherIncomeExpensesNet": -11442000, "incomeBeforeTax": 267629000, "incomeBeforeTaxRatio": 0.0821995266, "incomeTaxExpense": 105030000, "netIncome": 162599000, "netIncomeRatio": 0.0499406299, "eps": 3.02, "epsdiluted": 3, "weightedAverageShsOut": 53769000, "weightedAverageShsOutDil": 54255000, "link": "https://www.sec.gov/Archives/edgar/data/851968/000093176301000389/0000931763-01-000389-index.htm", "finalLink": "https://www.sec.gov/Archives/edgar/data/851968/000093176301000389/0000931763-01-000389-0001.txt", "calculatedOtherExpenses": 82346000, "calculatedOperatingExpenses": 588080000, "calculatedNetInterest": -49486000, "calculatedOtherIncome": 0, "calculatedIncomeNonControlling": 0, "calculatedEbitda": 399461000}, {"date": "1999-12-31", "symbol": "MHK", "reportedCurrency": "USD", "cik": "0000851968", "fillingDate": "2000-03-10", "acceptedDate": "2000-03-10 00:00:00", "calendarYear": "1999", "period": "FY", "revenue": 3083300000, "costOfRevenue": 2201100000, "grossProfit": 882200000, "grossProfitRatio": 0.2861220121, "researchAndDevelopmentExpenses": 0, "generalAndAdministrativeExpenses": 0, "sellingAndMarketingExpenses": 0, "sellingGeneralAndAdministrativeExpenses": 482100000, "otherExpenses": 105300000, "operatingExpenses": 587400000, "costAndExpenses": 2788500000, "interestIncome": 0, "interestExpense": 34900000, "depreciationAndAmortization": 105300000, "ebitda": 402400000, "ebitdaratio": 0.130509519, "operatingIncome": 294800000, "operatingIncomeRatio": 0.0956118445, "totalOtherIncomeExpensesNet": -2300000, "incomeBeforeTax": 259900000, "incomeBeforeTaxRatio": 0.0842928032, "incomeTaxExpense": 102700000, "netIncome": 157200000, "netIncomeRatio": 0.050984335, "eps": 2.63, "epsdiluted": 2.61, "weightedAverageShsOut": 59730000, "weightedAverageShsOutDil": 60349000, "link": "https://www.sec.gov/Archives/edgar/data/851968/000093176300000482/0000931763-00-000482-index.html", "finalLink": "https://www.sec.gov/Archives/edgar/data/851968/000093176300000482/", "calculatedOtherExpenses": 105300000, "calculatedOperatingExpenses": 587400000, "calculatedNetInterest": -34900000, "calculatedOtherIncome": 0, "calculatedIncomeNonControlling": 0, "calculatedEbitda": 400100000}, {"date": "1998-12-31", "symbol": "MHK", "reportedCurrency": "USD", "cik": "0000851968", "fillingDate": "1999-03-10", "acceptedDate": "1999-03-10 00:00:00", "calendarYear": "1998", "period": "FY", "revenue": 2639200000, "costOfRevenue": 1931000000, "grossProfit": 708200000, "grossProfitRatio": 0.2683388906, "researchAndDevelopmentExpenses": 0, "generalAndAdministrativeExpenses": 0, "sellingAndMarketingExpenses": 0, "sellingGeneralAndAdministrativeExpenses": 406200000, "otherExpenses": 67900000, "operatingExpenses": 474100000, "costAndExpenses": 2405100000, "interestIncome": 0, "interestExpense": 51700000, "depreciationAndAmortization": 67900000, "ebitda": 324400000, "ebitdaratio": 0.1229160352, "operatingIncome": 234100000, "operatingIncomeRatio": 0.0887011216, "totalOtherIncomeExpensesNet": -22400000, "incomeBeforeTax": 182400000, "incomeBeforeTaxRatio": 0.0691118521, "incomeTaxExpense": 74800000, "netIncome": 107600000, "netIncomeRatio": 0.0407699303, "eps": 1.91, "epsdiluted": 1.89, "weightedAverageShsOut": 60393000, "weightedAverageShsOutDil": 61134000, "link": "https://www.sec.gov/Archives/edgar/data/851968/000093176399000698/0000931763-99-000698-index.html", "finalLink": "https://www.sec.gov/Archives/edgar/data/851968/", "calculatedOtherExpenses": 67900000, "calculatedOperatingExpenses": 474100000, "calculatedNetInterest": -51700000, "calculatedOtherIncome": 0, "calculatedIncomeNonControlling": 0, "calculatedEbitda": 302000000}, {"date": "1997-12-31", "symbol": "MHK", "reportedCurrency": "USD", "cik": "0000851968", "fillingDate": "1998-03-17", "acceptedDate": "1998-03-17 00:00:00", "calendarYear": "1997", "period": "FY", "revenue": 1901400000, "costOfRevenue": 1405400000, "grossProfit": 496000000, "grossProfitRatio": 0.2608604186, "researchAndDevelopmentExpenses": 0, "generalAndAdministrativeExpenses": 0, "sellingAndMarketingExpenses": 0, "sellingGeneralAndAdministrativeExpenses": 289600000, "otherExpenses": 59300000, "operatingExpenses": 348900000, "costAndExpenses": 1754300000, "interestIncome": 0, "interestExpense": 42900000, "depreciationAndAmortization": 59300000, "ebitda": 214600000, "ebitdaratio": 0.1128642053, "operatingIncome": 147100000, "operatingIncomeRatio": 0.0773640475, "totalOtherIncomeExpensesNet": -8200000, "incomeBeforeTax": 112400000, "incomeBeforeTaxRatio": 0.0591143368, "incomeTaxExpense": 44400000, "netIncome": 68000000, "netIncomeRatio": 0.0357631219, "eps": 1.33, "epsdiluted": 1.32, "weightedAverageShsOut": 59849624, "weightedAverageShsOutDil": 60303030, "link": "https://www.sec.gov/Archives/edgar/data/851968/000093176398000627/0000931763-98-000627-index.html", "finalLink": "https://www.sec.gov/Archives/edgar/data/851968/", "calculatedOtherExpenses": 59300000, "calculatedOperatingExpenses": 348900000, "calculatedNetInterest": -42900000, "calculatedOtherIncome": 8200000, "calculatedIncomeNonControlling": 0, "calculatedEbitda": 206400000}, {"date": "1996-12-31", "symbol": "MHK", "reportedCurrency": "USD", "cik": "0000851968", "fillingDate": "1997-03-07", "acceptedDate": "1997-03-07 00:00:00", "calendarYear": "1996", "period": "FY", "revenue": 1795100000, "costOfRevenue": 1313200000, "grossProfit": 481900000, "grossProfitRatio": 0.268453011, "researchAndDevelopmentExpenses": 0, "generalAndAdministrativeExpenses": 0, "sellingAndMarketingExpenses": 0, "sellingGeneralAndAdministrativeExpenses": 307000000, "otherExpenses": 55200000, "operatingExpenses": 362200000, "costAndExpenses": 1675400000, "interestIncome": 0, "interestExpense": 36900000, "depreciationAndAmortization": 55200000, "ebitda": 180300000, "ebitdaratio": 0.1004400869, "operatingIncome": 119700000, "operatingIncomeRatio": 0.0666815219, "totalOtherIncomeExpensesNet": -5400000, "incomeBeforeTax": 82800000, "incomeBeforeTaxRatio": 0.046125564, "incomeTaxExpense": 33700000, "netIncome": 49100000, "netIncomeRatio": 0.0273522366, "eps": 0.96, "epsdiluted": 0.95, "weightedAverageShsOut": 55625000, "weightedAverageShsOutDil": 56210526, "link": "https://www.sec.gov/Archives/edgar/data/851968/000093176397000262/0000931763-97-000262-index.html", "finalLink": "https://www.sec.gov/Archives/edgar/data/851968/", "calculatedOtherExpenses": 55200000, "calculatedOperatingExpenses": 362200000, "calculatedNetInterest": -36900000, "calculatedOtherIncome": 0, "calculatedIncomeNonControlling": 0, "calculatedEbitda": 174900000}, {"date": "1995-12-31", "symbol": "MHK", "reportedCurrency": "USD", "cik": "0000851968", "fillingDate": "1995-12-31", "acceptedDate": "1995-12-31 00:00:00", "calendarYear": "1995", "period": "FY", "revenue": 1648600000, "costOfRevenue": 1243200000, "grossProfit": 405400000, "grossProfitRatio": 0.2459056169, "researchAndDevelopmentExpenses": 0, "generalAndAdministrativeExpenses": 0, "sellingAndMarketingExpenses": 0, "sellingGeneralAndAdministrativeExpenses": 304800000, "otherExpenses": 52600000, "operatingExpenses": 357400000, "costAndExpenses": 1600600000, "interestIncome": 0, "interestExpense": 37600000, "depreciationAndAmortization": 52600000, "ebitda": 103000000, "ebitdaratio": 0.0624772534, "operatingIncome": 48000000, "operatingIncomeRatio": 0.0291156132, "totalOtherIncomeExpensesNet": -2400000, "incomeBeforeTax": 10400000, "incomeBeforeTaxRatio": 0.0063083829, "incomeTaxExpense": 4000000, "netIncome": 6400000, "netIncomeRatio": 0.0038820818, "eps": 0.13, "epsdiluted": 0.13, "weightedAverageShsOut": 49230769, "weightedAverageShsOutDil": 49230769, "link": null, "finalLink": null, "calculatedOtherExpenses": 52600000, "calculatedOperatingExpenses": 357400000, "calculatedNetInterest": -37600000, "calculatedOtherIncome": 0, "calculatedIncomeNonControlling": 0, "calculatedEbitda": 100600000}, {"date": "1994-12-31", "symbol": "MHK", "reportedCurrency": "USD", "cik": "0000851968", "fillingDate": "1994-12-31", "acceptedDate": "1994-12-31 00:00:00", "calendarYear": "1994", "period": "FY", "revenue": 1437400000, "costOfRevenue": 1058400000, "grossProfit": 379000000, "grossProfitRatio": 0.2636705162, "researchAndDevelopmentExpenses": 0, "generalAndAdministrativeExpenses": 0, "sellingAndMarketingExpenses": 0, "sellingGeneralAndAdministrativeExpenses": 231100000, "otherExpenses": 49500000, "operatingExpenses": 280600000, "costAndExpenses": 1339000000, "interestIncome": 0, "interestExpense": 40200000, "depreciationAndAmortization": 49500000, "ebitda": 161100000, "ebitdaratio": 0.1120773619, "operatingIncome": 98400000, "operatingIncomeRatio": 0.0684569361, "totalOtherIncomeExpensesNet": -13200000, "incomeBeforeTax": 58200000, "incomeBeforeTaxRatio": 0.0404897732, "incomeTaxExpense": 25200000, "netIncome": 33000000, "netIncomeRatio": 0.0229581188, "eps": 0.68, "epsdiluted": 0.66, "weightedAverageShsOut": 48529412, "weightedAverageShsOutDil": 50000000, "link": null, "finalLink": null, "calculatedOtherExpenses": 49500000, "calculatedOperatingExpenses": 280600000, "calculatedNetInterest": -40200000, "calculatedOtherIncome": 0, "calculatedIncomeNonControlling": 0, "calculatedEbitda": 147900000}, {"date": "1993-12-31", "symbol": "MHK", "reportedCurrency": "USD", "cik": "0000851968", "fillingDate": "1993-12-31", "acceptedDate": "1993-12-31 00:00:00", "calendarYear": "1993", "period": "FY", "revenue": 734000000, "costOfRevenue": 543600000, "grossProfit": 190400000, "grossProfitRatio": 0.259400545, "researchAndDevelopmentExpenses": 0, "generalAndAdministrativeExpenses": 0, "sellingAndMarketingExpenses": 0, "sellingGeneralAndAdministrativeExpenses": 118200000, "otherExpenses": 23100000, "operatingExpenses": 141300000, "costAndExpenses": 684900000, "interestIncome": 0, "interestExpense": 9800000, "depreciationAndAmortization": 23100000, "ebitda": 68500000, "ebitdaratio": 0.0933242507, "operatingIncome": 49100000, "operatingIncomeRatio": 0.066893733, "totalOtherIncomeExpensesNet": 3700000, "incomeBeforeTax": 39300000, "incomeBeforeTaxRatio": 0.0535422343, "incomeTaxExpense": 16600000, "netIncome": 22700000, "netIncomeRatio": 0.0309264305, "eps": 0.84, "epsdiluted": 0.8, "weightedAverageShsOut": 27023810, "weightedAverageShsOutDil": 28375000, "link": null, "finalLink": null, "calculatedOtherExpenses": 23100000, "calculatedOperatingExpenses": 141300000, "calculatedNetInterest": -9800000, "calculatedOtherIncome": 0, "calculatedIncomeNonControlling": 0, "calculatedEbitda": 72200000}, {"date": "1992-12-31", "symbol": "MHK", "reportedCurrency": "USD", "cik": "0000851968", "fillingDate": "1992-12-31", "acceptedDate": "1992-12-31 00:00:00", "calendarYear": "1992", "period": "FY", "revenue": 352500000, "costOfRevenue": 264600000, "grossProfit": 87900000, "grossProfitRatio": 0.2493617021, "researchAndDevelopmentExpenses": 0, "generalAndAdministrativeExpenses": 0, "sellingAndMarketingExpenses": 0, "sellingGeneralAndAdministrativeExpenses": 54100000, "otherExpenses": 7400000, "operatingExpenses": 61500000, "costAndExpenses": 326100000, "interestIncome": 0, "interestExpense": 4800000, "depreciationAndAmortization": 7400000, "ebitda": 33700000, "ebitdaratio": 0.0956028369, "operatingIncome": 26400000, "operatingIncomeRatio": 0.074893617, "totalOtherIncomeExpensesNet": 100000, "incomeBeforeTax": 21600000, "incomeBeforeTaxRatio": 0.0612765957, "incomeTaxExpense": 8500000, "netIncome": 9500000, "netIncomeRatio": 0.0269503546, "eps": 0.42, "epsdiluted": 0.42, "weightedAverageShsOut": 22380952, "weightedAverageShsOutDil": 22380952, "link": null, "finalLink": null, "calculatedOtherExpenses": 7400000, "calculatedOperatingExpenses": 61500000, "calculatedNetInterest": -4800000, "calculatedOtherIncome": 0, "calculatedIncomeNonControlling": 3600000, "calculatedEbitda": 33800000}, {"date": "1991-12-31", "symbol": "MHK", "reportedCurrency": "USD", "cik": "0000851968", "fillingDate": "1991-12-31", "acceptedDate": "1991-12-31 00:00:00", "calendarYear": "1991", "period": "FY", "revenue": 300100000, "costOfRevenue": 212700000, "grossProfit": 87400000, "grossProfitRatio": 0.2912362546, "researchAndDevelopmentExpenses": 0, "generalAndAdministrativeExpenses": 0, "sellingAndMarketingExpenses": 0, "sellingGeneralAndAdministrativeExpenses": 60300000, "otherExpenses": 6400000, "operatingExpenses": 66700000, "costAndExpenses": 279400000, "interestIncome": 0, "interestExpense": 10100000, "depreciationAndAmortization": 6400000, "ebitda": 28400000, "ebitdaratio": 0.0946351216, "operatingIncome": 20700000, "operatingIncomeRatio": 0.0689770077, "totalOtherIncomeExpensesNet": -1300000, "incomeBeforeTax": 10600000, "incomeBeforeTaxRatio": 0.0353215595, "incomeTaxExpense": 4200000, "netIncome": 6400000, "netIncomeRatio": 0.0213262246, "eps": 0.34, "epsdiluted": 0.34, "weightedAverageShsOut": 17352941, "weightedAverageShsOutDil": 17352941, "link": null, "finalLink": null, "calculatedOtherExpenses": 6400000, "calculatedOperatingExpenses": 66700000, "calculatedNetInterest": -10100000, "calculatedOtherIncome": 0, "calculatedIncomeNonControlling": 0, "calculatedEbitda": 27100000}]}