{"originalCurrency": "USD", "convertedCurrency": "USD", "report": [{"date": "2023-12-31", "symbol": "MHO", "reportedCurrency": "USD", "cik": "0000799292", "fillingDate": "2024-02-16", "acceptedDate": "2024-02-16 11:28:55", "calendarYear": "2023", "period": "FY", "revenue": 4028106000, "costOfRevenue": 3014573000, "grossProfit": 1013533000, "grossProfitRatio": 0.2516152753, "researchAndDevelopmentExpenses": 0, "generalAndAdministrativeExpenses": 222765000, "sellingAndMarketingExpenses": 208942000, "sellingGeneralAndAdministrativeExpenses": 431707000, "otherExpenses": 33000, "operatingExpenses": 431707000, "costAndExpenses": 3446280000, "interestIncome": 20022000, "interestExpense": 35845000, "depreciationAndAmortization": 14494000, "ebitda": 596320000, "ebitdaratio": 0.1480397984, "operatingIncome": 581826000, "operatingIncomeRatio": 0.1444415812, "totalOtherIncomeExpensesNet": 25451000, "incomeBeforeTax": 607277000, "incomeBeforeTaxRatio": 0.1507599353, "incomeTaxExpense": 141912000, "netIncome": 465365000, "netIncomeRatio": 0.1155294821, "eps": 16.76, "epsdiluted": 16.21, "weightedAverageShsOut": 27769000, "weightedAverageShsOutDil": 28716000, "link": "https://www.sec.gov/Archives/edgar/data/799292/000079929224000014/0000799292-24-000014-index.htm", "finalLink": "https://www.sec.gov/Archives/edgar/data/799292/000079929224000014/mho-20231231.htm", "calculatedOtherExpenses": 0, "calculatedOperatingExpenses": 431707000, "calculatedNetInterest": -15823000, "calculatedOtherIncome": 41274000, "calculatedIncomeNonControlling": 0, "calculatedEbitda": 596320000}, {"date": "2022-12-31", "symbol": "MHO", "reportedCurrency": "USD", "cik": "0000799292", "fillingDate": "2023-02-17", "acceptedDate": "2023-02-17 10:43:20", "calendarYear": "2022", "period": "FY", "revenue": 4131393000, "costOfRevenue": 3087551000, "grossProfit": 1043842000, "grossProfitRatio": 0.2526610274, "researchAndDevelopmentExpenses": 0, "generalAndAdministrativeExpenses": 214811000, "sellingAndMarketingExpenses": 191580000, "sellingGeneralAndAdministrativeExpenses": 406391000, "otherExpenses": 6000, "operatingExpenses": 406391000, "costAndExpenses": 3493942000, "interestIncome": 2872000, "interestExpense": 2250000, "depreciationAndAmortization": 6000, "ebitda": 637457000, "ebitdaratio": 0.1542958997, "operatingIncome": 637451000, "operatingIncomeRatio": 0.1542944474, "totalOtherIncomeExpensesNet": -2244000, "incomeBeforeTax": 635207000, "incomeBeforeTaxRatio": 0.1537512892, "incomeTaxExpense": 144545000, "netIncome": 490662000, "netIncomeRatio": 0.1187643006, "eps": 17.6, "epsdiluted": 17.24, "weightedAverageShsOut": 27876000, "weightedAverageShsOutDil": 28463000, "link": "https://www.sec.gov/Archives/edgar/data/799292/000079929223000037/0000799292-23-000037-index.htm", "finalLink": "https://www.sec.gov/Archives/edgar/data/799292/000079929223000037/mho-20221231.htm", "calculatedOtherExpenses": 0, "calculatedOperatingExpenses": 406391000, "calculatedNetInterest": 622000, "calculatedOtherIncome": -2866000, "calculatedIncomeNonControlling": 0, "calculatedEbitda": 637457000}, {"date": "2021-12-31", "symbol": "MHO", "reportedCurrency": "USD", "cik": "0000799292", "fillingDate": "2022-02-17", "acceptedDate": "2022-02-17 16:07:05", "calendarYear": "2021", "period": "FY", "revenue": 3745887000, "costOfRevenue": 2836972000, "grossProfit": 908915000, "grossProfitRatio": 0.2426434647, "researchAndDevelopmentExpenses": 0, "generalAndAdministrativeExpenses": 192009000, "sellingAndMarketingExpenses": 198610000, "sellingGeneralAndAdministrativeExpenses": 390619000, "otherExpenses": 2046000, "operatingExpenses": 390619000, "costAndExpenses": 3227591000, "interestIncome": 1756000, "interestExpense": 2156000, "depreciationAndAmortization": 2046000, "ebitda": 520342000, "ebitdaratio": 0.1389102234, "operatingIncome": 518296000, "operatingIncomeRatio": 0.1383640243, "totalOtherIncomeExpensesNet": -9182000, "incomeBeforeTax": 509114000, "incomeBeforeTaxRatio": 0.1359128025, "incomeTaxExpense": 112246000, "netIncome": 396868000, "netIncomeRatio": 0.1059476701, "eps": 13.64, "epsdiluted": 13.28, "weightedAverageShsOut": 29092000, "weightedAverageShsOutDil": 29880000, "link": "https://www.sec.gov/Archives/edgar/data/799292/000079929222000006/0000799292-22-000006-index.htm", "finalLink": "https://www.sec.gov/Archives/edgar/data/799292/000079929222000006/mho-20211231.htm", "calculatedOtherExpenses": 0, "calculatedOperatingExpenses": 390619000, "calculatedNetInterest": -400000, "calculatedOtherIncome": -8782000, "calculatedIncomeNonControlling": 0, "calculatedEbitda": 520342000}, {"date": "2020-12-31", "symbol": "MHO", "reportedCurrency": "USD", "cik": "0000799292", "fillingDate": "2021-02-19", "acceptedDate": "2021-02-19 12:39:36", "calendarYear": "2020", "period": "FY", "revenue": 3046145000, "costOfRevenue": 2369802000, "grossProfit": 676343000, "grossProfitRatio": 0.2220324377, "researchAndDevelopmentExpenses": 0, "generalAndAdministrativeExpenses": 177547000, "sellingAndMarketingExpenses": 179535000, "sellingGeneralAndAdministrativeExpenses": 357082000, "otherExpenses": 466000, "operatingExpenses": 357082000, "costAndExpenses": 2726884000, "interestIncome": 6757000, "interestExpense": 9684000, "depreciationAndAmortization": 466000, "ebitda": 319727000, "ebitdaratio": 0.1049611886, "operatingIncome": 319261000, "operatingIncomeRatio": 0.1048082084, "totalOtherIncomeExpensesNet": -9218000, "incomeBeforeTax": 310043000, "incomeBeforeTaxRatio": 0.1017820885, "incomeTaxExpense": 70169000, "netIncome": 239874000, "netIncomeRatio": 0.0787467438, "eps": 8.38, "epsdiluted": 8.23, "weightedAverageShsOut": 28610000, "weightedAverageShsOutDil": 29152000, "link": "https://www.sec.gov/Archives/edgar/data/799292/000079929221000032/0000799292-21-000032-index.htm", "finalLink": "https://www.sec.gov/Archives/edgar/data/799292/000079929221000032/mho-20201231.htm", "calculatedOtherExpenses": 0, "calculatedOperatingExpenses": 357082000, "calculatedNetInterest": -2927000, "calculatedOtherIncome": -6291000, "calculatedIncomeNonControlling": 0, "calculatedEbitda": 319727000}, {"date": "2019-12-31", "symbol": "MHO", "reportedCurrency": "USD", "cik": "0000799292", "fillingDate": "2020-02-21", "acceptedDate": "2020-02-21 10:42:45", "calendarYear": "2019", "period": "FY", "revenue": 2500290000, "costOfRevenue": 2010863000, "grossProfit": 489427000, "grossProfitRatio": 0.1957480932, "researchAndDevelopmentExpenses": 0, "generalAndAdministrativeExpenses": 147954000, "sellingAndMarketingExpenses": 154384000, "sellingGeneralAndAdministrativeExpenses": 302338000, "otherExpenses": 0, "operatingExpenses": 302338000, "costAndExpenses": 2313201000, "interestIncome": 17724000, "interestExpense": 21375000, "depreciationAndAmortization": 311000, "ebitda": 187400000, "ebitdaratio": 0.0749513056, "operatingIncome": 187089000, "operatingIncomeRatio": 0.0748269201, "totalOtherIncomeExpensesNet": -21064000, "incomeBeforeTax": 166025000, "incomeBeforeTaxRatio": 0.0664022973, "incomeTaxExpense": 38438000, "netIncome": 127587000, "netIncomeRatio": 0.0510288806, "eps": 4.58, "epsdiluted": 4.48, "weightedAverageShsOut": 27846000, "weightedAverageShsOutDil": 28475000, "link": "https://www.sec.gov/Archives/edgar/data/799292/000079929220000033/0000799292-20-000033-index.htm", "finalLink": "https://www.sec.gov/Archives/edgar/data/799292/000079929220000033/mho-20191231x10k.htm", "calculatedOtherExpenses": 0, "calculatedOperatingExpenses": 302338000, "calculatedNetInterest": -3651000, "calculatedOtherIncome": -17413000, "calculatedIncomeNonControlling": 0, "calculatedEbitda": 187400000}, {"date": "2018-12-31", "symbol": "MHO", "reportedCurrency": "USD", "cik": "0000799292", "fillingDate": "2019-02-22", "acceptedDate": "2019-02-22 14:31:25", "calendarYear": "2018", "period": "FY", "revenue": 2286282000, "costOfRevenue": 1842513000, "grossProfit": 443769000, "grossProfitRatio": 0.1941007277, "researchAndDevelopmentExpenses": 0, "generalAndAdministrativeExpenses": 137779000, "sellingAndMarketingExpenses": 142829000, "sellingGeneralAndAdministrativeExpenses": 280608000, "otherExpenses": -5809000, "operatingExpenses": 280608000, "costAndExpenses": 2123121000, "interestIncome": 0, "interestExpense": 20484000, "depreciationAndAmortization": 11740000, "ebitda": 163473000, "ebitdaratio": 0.0715016783, "operatingIncome": 163161000, "operatingIncomeRatio": 0.0713652122, "totalOtherIncomeExpensesNet": -1388000, "incomeBeforeTax": 141289000, "incomeBeforeTaxRatio": 0.0617985883, "incomeTaxExpense": 33626000, "netIncome": 107663000, "netIncomeRatio": 0.0470908663, "eps": 3.81, "epsdiluted": 3.69, "weightedAverageShsOut": 28224000, "weightedAverageShsOutDil": 29178000, "link": "https://www.sec.gov/Archives/edgar/data/799292/000079929219000008/0000799292-19-000008-index.htm", "finalLink": "https://www.sec.gov/Archives/edgar/data/799292/000079929219000008/mho-20181231x10k.htm", "calculatedOtherExpenses": 0, "calculatedOperatingExpenses": 280608000, "calculatedNetInterest": -20484000, "calculatedOtherIncome": -1388000, "calculatedIncomeNonControlling": 0, "calculatedEbitda": 174901000}, {"date": "2017-12-31", "symbol": "MHO", "reportedCurrency": "USD", "cik": "0000799292", "fillingDate": "2018-02-16", "acceptedDate": "2018-02-16 09:46:04", "calendarYear": "2017", "period": "FY", "revenue": 1961971000, "costOfRevenue": 1568703000, "grossProfit": 393268000, "grossProfitRatio": 0.2004453685, "researchAndDevelopmentExpenses": 0, "generalAndAdministrativeExpenses": 126282000, "sellingAndMarketingExpenses": 128327000, "sellingGeneralAndAdministrativeExpenses": 254609000, "otherExpenses": -7681000, "operatingExpenses": 254609000, "costAndExpenses": 1823312000, "interestIncome": 0, "interestExpense": 18874000, "depreciationAndAmortization": 10699000, "ebitda": 139198000, "ebitdaratio": 0.0709480415, "operatingIncome": 146340000, "operatingIncomeRatio": 0.0745882584, "totalOtherIncomeExpensesNet": 539000, "incomeBeforeTax": 120324000, "incomeBeforeTaxRatio": 0.0613281236, "incomeTaxExpense": 48243000, "netIncome": 72081000, "netIncomeRatio": 0.0367390751, "eps": 2.57, "epsdiluted": 2.26, "weightedAverageShsOut": 25769000, "weightedAverageShsOutDil": 30688000, "link": "https://www.sec.gov/Archives/edgar/data/799292/000079929218000009/0000799292-18-000009-index.htm", "finalLink": "https://www.sec.gov/Archives/edgar/data/799292/000079929218000009/mho-20171231x10k.htm", "calculatedOtherExpenses": -7681000, "calculatedOperatingExpenses": 246928000, "calculatedNetInterest": -18874000, "calculatedOtherIncome": -7142000, "calculatedIncomeNonControlling": 0, "calculatedEbitda": 157039000}, {"date": "2016-12-31", "symbol": "MHO", "reportedCurrency": "USD", "cik": "0000799292", "fillingDate": "2017-02-17", "acceptedDate": "2017-02-17 13:49:51", "calendarYear": "2016", "period": "FY", "revenue": 1691327000, "costOfRevenue": 1362175000, "grossProfit": 329152000, "grossProfitRatio": 0.1946116866, "researchAndDevelopmentExpenses": 0, "generalAndAdministrativeExpenses": 111600000, "sellingAndMarketingExpenses": 108809000, "sellingGeneralAndAdministrativeExpenses": 220409000, "otherExpenses": -3992000, "operatingExpenses": 220409000, "costAndExpenses": 1582584000, "interestIncome": 0, "interestExpense": 17598000, "depreciationAndAmortization": 10204000, "ebitda": 109383000, "ebitdaratio": 0.064672887, "operatingIncome": 112735000, "operatingIncomeRatio": 0.0666547628, "totalOtherIncomeExpensesNet": 640000, "incomeBeforeTax": 91785000, "incomeBeforeTaxRatio": 0.0542680392, "incomeTaxExpense": 35176000, "netIncome": 56609000, "netIncomeRatio": 0.0334701687, "eps": 2.1, "epsdiluted": 1.84, "weightedAverageShsOut": 24666000, "weightedAverageShsOutDil": 30116000, "link": "https://www.sec.gov/Archives/edgar/data/799292/000079929217000004/0000799292-17-000004-index.htm", "finalLink": "https://www.sec.gov/Archives/edgar/data/799292/000079929217000004/mho-20161231x10k.htm", "calculatedOtherExpenses": -3992000, "calculatedOperatingExpenses": 216417000, "calculatedNetInterest": -17598000, "calculatedOtherIncome": -3352000, "calculatedIncomeNonControlling": 0, "calculatedEbitda": 122939000}, {"date": "2015-12-31", "symbol": "MHO", "reportedCurrency": "USD", "cik": "0000799292", "fillingDate": "2016-02-26", "acceptedDate": "2016-02-26 12:11:38", "calendarYear": "2015", "period": "FY", "revenue": 1418395000, "costOfRevenue": 1118301000, "grossProfit": 300094000, "grossProfitRatio": 0.2115729398, "researchAndDevelopmentExpenses": 0, "generalAndAdministrativeExpenses": 93208000, "sellingAndMarketingExpenses": 95092000, "sellingGeneralAndAdministrativeExpenses": 188300000, "otherExpenses": 0, "operatingExpenses": 188300000, "costAndExpenses": 1306601000, "interestIncome": 0, "interestExpense": 17521000, "depreciationAndAmortization": 7622000, "ebitda": 112292000, "ebitdaratio": 0.0791683558, "operatingIncome": 115432000, "operatingIncomeRatio": 0.0813821256, "totalOtherIncomeExpensesNet": -7344000, "incomeBeforeTax": 86929000, "incomeBeforeTaxRatio": 0.0612868771, "incomeTaxExpense": 35166000, "netIncome": 51763000, "netIncomeRatio": 0.0364940655, "eps": 1.91, "epsdiluted": 1.68, "weightedAverageShsOut": 24575000, "weightedAverageShsOutDil": 30047000, "link": "https://www.sec.gov/Archives/edgar/data/799292/000079929216000048/0000799292-16-000048-index.htm", "finalLink": "https://www.sec.gov/Archives/edgar/data/799292/000079929216000048/mho-20151231x10k.htm", "calculatedOtherExpenses": -3638000, "calculatedOperatingExpenses": 184662000, "calculatedNetInterest": -17521000, "calculatedOtherIncome": -10982000, "calculatedIncomeNonControlling": 0, "calculatedEbitda": 123054000}, {"date": "2014-12-31", "symbol": "MHO", "reportedCurrency": "USD", "cik": "0000799292", "fillingDate": "2015-02-27", "acceptedDate": "2015-02-27 11:17:59", "calendarYear": "2014", "period": "FY", "revenue": 1215180000, "costOfRevenue": 962448000, "grossProfit": 252732000, "grossProfitRatio": 0.2079790648, "researchAndDevelopmentExpenses": 0, "generalAndAdministrativeExpenses": 88830000, "sellingAndMarketingExpenses": 81148000, "sellingGeneralAndAdministrativeExpenses": 169978000, "otherExpenses": 0, "operatingExpenses": 169978000, "costAndExpenses": 1132426000, "interestIncome": 0, "interestExpense": 13365000, "depreciationAndAmortization": 5950000, "ebitda": 83101000, "ebitdaratio": 0.0683857536, "operatingIncome": 86211000, "operatingIncomeRatio": 0.0709450452, "totalOtherIncomeExpensesNet": 347000, "incomeBeforeTax": 69736000, "incomeBeforeTaxRatio": 0.0573873829, "incomeTaxExpense": 18947000, "netIncome": 50789000, "netIncomeRatio": 0.0417954542, "eps": 1.88, "epsdiluted": 1.65, "weightedAverageShsOut": 24463000, "weightedAverageShsOutDil": 29912000, "link": "https://www.sec.gov/Archives/edgar/data/799292/000079929215000009/0000799292-15-000009-index.htm", "finalLink": "https://www.sec.gov/Archives/edgar/data/799292/000079929215000009/mho-20141231x10k.htm", "calculatedOtherExpenses": -3457000, "calculatedOperatingExpenses": 166521000, "calculatedNetInterest": -13365000, "calculatedOtherIncome": -3110000, "calculatedIncomeNonControlling": 0, "calculatedEbitda": 92161000}, {"date": "2013-12-31", "symbol": "MHO", "reportedCurrency": "USD", "cik": "0000799292", "fillingDate": "2014-02-28", "acceptedDate": "2014-02-28 12:02:25", "calendarYear": "2013", "period": "FY", "revenue": 1036782000, "costOfRevenue": 830313000, "grossProfit": 206469000, "grossProfitRatio": 0.1991440824, "researchAndDevelopmentExpenses": 0, "generalAndAdministrativeExpenses": 79494000, "sellingAndMarketingExpenses": 68282000, "sellingGeneralAndAdministrativeExpenses": 147776000, "otherExpenses": 0, "operatingExpenses": 147776000, "costAndExpenses": 978089000, "interestIncome": 0, "interestExpense": 15938000, "depreciationAndAmortization": 4973000, "ebitda": 58999000, "ebitdaratio": 0.0569058876, "operatingIncome": 64498000, "operatingIncomeRatio": 0.0622097992, "totalOtherIncomeExpensesNet": -1420000, "incomeBeforeTax": 41335000, "incomeBeforeTaxRatio": 0.0398685548, "incomeTaxExpense": -110088000, "netIncome": 151423000, "netIncomeRatio": 0.1460509538, "eps": 6.11, "epsdiluted": 5.24, "weightedAverageShsOut": 23822000, "weightedAverageShsOutDil": 28763000, "link": "https://www.sec.gov/Archives/edgar/data/799292/000079929214000007/0000799292-14-000007-index.htm", "finalLink": "https://www.sec.gov/Archives/edgar/data/799292/000079929214000007/mho-20131231x10k.htm", "calculatedOtherExpenses": -5805000, "calculatedOperatingExpenses": 141971000, "calculatedNetInterest": -15938000, "calculatedOtherIncome": -7225000, "calculatedIncomeNonControlling": 0, "calculatedEbitda": 69471000}, {"date": "2012-12-31", "symbol": "MHO", "reportedCurrency": "USD", "cik": "0000799292", "fillingDate": "2013-02-25", "acceptedDate": "2013-02-25 17:22:01", "calendarYear": "2012", "period": "FY", "revenue": 761905000, "costOfRevenue": 614042000, "grossProfit": 147863000, "grossProfitRatio": 0.1940701269, "researchAndDevelopmentExpenses": 0, "generalAndAdministrativeExpenses": 62627000, "sellingAndMarketingExpenses": 56406000, "sellingGeneralAndAdministrativeExpenses": 119033000, "otherExpenses": 0, "operatingExpenses": 119033000, "costAndExpenses": 733075000, "interestIncome": 0, "interestExpense": 16071000, "depreciationAndAmortization": 6363000, "ebitda": 28830000, "ebitdaratio": 0.0378393632, "operatingIncome": 32332000, "operatingIncomeRatio": 0.0424357367, "totalOtherIncomeExpensesNet": -3502000, "incomeBeforeTax": 12759000, "incomeBeforeTaxRatio": 0.0167461823, "incomeTaxExpense": -588000, "netIncome": 13347000, "netIncomeRatio": 0.017517932, "eps": 0.68, "epsdiluted": 0.67, "weightedAverageShsOut": 19651000, "weightedAverageShsOutDil": 19891000, "link": "https://www.sec.gov/Archives/edgar/data/799292/000079929213000005/0000799292-13-000005-index.htm", "finalLink": "https://www.sec.gov/Archives/edgar/data/799292/000079929213000005/mho-20121231x10k.htm", "calculatedOtherExpenses": -3502000, "calculatedOperatingExpenses": 115531000, "calculatedNetInterest": -16071000, "calculatedOtherIncome": -3502000, "calculatedIncomeNonControlling": 0, "calculatedEbitda": 38695000}, {"date": "2011-12-31", "symbol": "MHO", "reportedCurrency": "USD", "cik": "0000799292", "fillingDate": "2012-02-27", "acceptedDate": "2012-02-27 16:34:09", "calendarYear": "2011", "period": "FY", "revenue": 566424000, "costOfRevenue": 489123000, "grossProfit": 77301000, "grossProfitRatio": 0.1364719715, "researchAndDevelopmentExpenses": 0, "generalAndAdministrativeExpenses": 52664000, "sellingAndMarketingExpenses": 43534000, "sellingGeneralAndAdministrativeExpenses": 96198000, "otherExpenses": 0, "operatingExpenses": 96198000, "costAndExpenses": 585321000, "interestIncome": 0, "interestExpense": 15005000, "depreciationAndAmortization": 7574000, "ebitda": -18897000, "ebitdaratio": -0.0333619338, "operatingIncome": -18897000, "operatingIncomeRatio": -0.0333619338, "totalOtherIncomeExpensesNet": -21993000, "incomeBeforeTax": -33902000, "incomeBeforeTaxRatio": -0.0598526899, "incomeTaxExpense": -25000, "netIncome": -33877000, "netIncomeRatio": -0.0598085533, "eps": -1.81, "epsdiluted": -1.81, "weightedAverageShsOut": 18698000, "weightedAverageShsOutDil": 18698000, "link": "https://www.sec.gov/Archives/edgar/data/799292/000079929212000006/0000799292-12-000006-index.htm", "finalLink": "https://www.sec.gov/Archives/edgar/data/799292/000079929212000006/mho-20111231201110k.htm", "calculatedOtherExpenses": 0, "calculatedOperatingExpenses": 96198000, "calculatedNetInterest": -15005000, "calculatedOtherIncome": 0, "calculatedIncomeNonControlling": 0, "calculatedEbitda": -11323000}, {"date": "2010-12-31", "symbol": "MHO", "reportedCurrency": "USD", "cik": "0000799292", "fillingDate": "2011-03-01", "acceptedDate": "2011-02-28 19:24:00", "calendarYear": "2010", "period": "FY", "revenue": 616377000, "costOfRevenue": 511408000, "grossProfit": 104969000, "grossProfitRatio": 0.170299995, "researchAndDevelopmentExpenses": 0, "generalAndAdministrativeExpenses": 53958000, "sellingAndMarketingExpenses": 48084000, "sellingGeneralAndAdministrativeExpenses": 102042000, "otherExpenses": 0, "operatingExpenses": 102042000, "costAndExpenses": 613450000, "interestIncome": 0, "interestExpense": 9415000, "depreciationAndAmortization": 7756000, "ebitda": 10683000, "ebitdaratio": 0.0173319251, "operatingIncome": -9611000, "operatingIncomeRatio": -0.0155927298, "totalOtherIncomeExpensesNet": -20916000, "incomeBeforeTax": -27404000, "incomeBeforeTaxRatio": -0.044459803, "incomeTaxExpense": -1135000, "netIncome": -26269000, "netIncomeRatio": -0.0426183975, "eps": -1.42, "epsdiluted": -1.42, "weightedAverageShsOut": 18523000, "weightedAverageShsOutDil": 18523000, "link": "https://www.sec.gov/Archives/edgar/data/799292/000079929211000010/0000799292-11-000010-index.htm", "finalLink": "https://www.sec.gov/Archives/edgar/data/799292/000079929211000010/mihomes12311010k.htm", "calculatedOtherExpenses": 12538000, "calculatedOperatingExpenses": 114580000, "calculatedNetInterest": -9415000, "calculatedOtherIncome": -8378000, "calculatedIncomeNonControlling": 0, "calculatedEbitda": -1855000}, {"date": "2009-12-31", "symbol": "MHO", "reportedCurrency": "USD", "cik": "0000799292", "fillingDate": "2010-02-24", "acceptedDate": "2010-02-24 14:50:46", "calendarYear": "2009", "period": "FY", "revenue": 569949000, "costOfRevenue": 550410000, "grossProfit": 19539000, "grossProfitRatio": 0.0342820147, "researchAndDevelopmentExpenses": 0, "generalAndAdministrativeExpenses": 59170000, "sellingAndMarketingExpenses": 43950000, "sellingGeneralAndAdministrativeExpenses": 103120000, "otherExpenses": 941000, "operatingExpenses": 103120000, "costAndExpenses": 653530000, "interestIncome": 0, "interestExpense": 8467000, "depreciationAndAmortization": 7871000, "ebitda": -83581000, "ebitdaratio": -0.1466464543, "operatingIncome": -83581000, "operatingIncomeRatio": -0.1466464543, "totalOtherIncomeExpensesNet": -941000, "incomeBeforeTax": -92989000, "incomeBeforeTaxRatio": -0.1631531944, "incomeTaxExpense": -30880000, "netIncome": -62109000, "netIncomeRatio": -0.1089729081, "eps": -3.71, "epsdiluted": -3.71, "weightedAverageShsOut": 16730000, "weightedAverageShsOutDil": 16730000, "link": "https://www.sec.gov/Archives/edgar/data/799292/000079929210000009/0000799292-10-000009-index.htm", "finalLink": "https://www.sec.gov/Archives/edgar/data/799292/000079929210000009/basedoc.htm", "calculatedOtherExpenses": 0, "calculatedOperatingExpenses": 103120000, "calculatedNetInterest": -8467000, "calculatedOtherIncome": -941000, "calculatedIncomeNonControlling": 0, "calculatedEbitda": -75710000}, {"date": "2008-12-31", "symbol": "MHO", "reportedCurrency": "USD", "cik": "0000799292", "fillingDate": "2009-02-25", "acceptedDate": "2009-02-25 13:05:53", "calendarYear": "2008", "period": "FY", "revenue": 607659000, "costOfRevenue": 685464000, "grossProfit": -77805000, "grossProfitRatio": -0.1280405622, "researchAndDevelopmentExpenses": 0, "generalAndAdministrativeExpenses": 77458000, "sellingAndMarketingExpenses": 54219000, "sellingGeneralAndAdministrativeExpenses": 131677000, "otherExpenses": 0, "operatingExpenses": 131677000, "costAndExpenses": 817141000, "interestIncome": 0, "interestExpense": 11197000, "depreciationAndAmortization": 7754000, "ebitda": 607659000, "ebitdaratio": 1, "operatingIncome": -209482000, "operatingIncomeRatio": -0.3447361102, "totalOtherIncomeExpensesNet": 5555000, "incomeBeforeTax": -215124000, "incomeBeforeTaxRatio": -0.3540209229, "incomeTaxExpense": 30291000, "netIncome": -245448000, "netIncomeRatio": -0.4039239113, "eps": -17.51, "epsdiluted": -17.51, "weightedAverageShsOut": 14016000, "weightedAverageShsOutDil": 14016000, "link": "https://www.sec.gov/Archives/edgar/data/799292/000079929209000010/0000799292-09-000010-index.htm", "finalLink": "https://www.sec.gov/Archives/edgar/data/799292/000079929209000010/basedoc.htm", "calculatedOtherExpenses": 0, "calculatedOperatingExpenses": 131677000, "calculatedNetInterest": -11197000, "calculatedOtherIncome": 5555000, "calculatedIncomeNonControlling": 33000, "calculatedEbitda": -201728000}, {"date": "2007-12-31", "symbol": "MHO", "reportedCurrency": "USD", "cik": "0000799292", "fillingDate": "2008-03-04", "acceptedDate": "2008-03-04 16:38:13", "calendarYear": "2007", "period": "FY", "revenue": 1016460000, "costOfRevenue": 832596000, "grossProfit": 183864000, "grossProfitRatio": 0.1808866065, "researchAndDevelopmentExpenses": 0, "generalAndAdministrativeExpenses": 171020000, "sellingAndMarketingExpenses": 77971000, "sellingGeneralAndAdministrativeExpenses": 171020000, "otherExpenses": 0, "operatingExpenses": 171020000, "costAndExpenses": 1003616000, "interestIncome": 0, "interestExpense": 0, "depreciationAndAmortization": 7993000, "ebitda": 169214000, "ebitdaratio": 0.1664738406, "operatingIncome": 12844000, "operatingIncomeRatio": 0.0126360113, "totalOtherIncomeExpensesNet": -148377000, "incomeBeforeTax": -150876000, "incomeBeforeTaxRatio": -0.1484327962, "incomeTaxExpense": -58396000, "netIncome": -128126000, "netIncomeRatio": -0.1260511973, "eps": -9.17, "epsdiluted": -9.17, "weightedAverageShsOut": 13977000, "weightedAverageShsOutDil": 13977000, "link": "https://www.sec.gov/Archives/edgar/data/799292/000079929208000010/0000799292-08-000010-index.htm", "finalLink": "https://www.sec.gov/Archives/edgar/data/799292/000079929208000010/basedoc.htm", "calculatedOtherExpenses": 0, "calculatedOperatingExpenses": 171020000, "calculatedNetInterest": 0, "calculatedOtherIncome": -163720000, "calculatedIncomeNonControlling": 35646000, "calculatedEbitda": 20837000}, {"date": "2006-12-31", "symbol": "MHO", "reportedCurrency": "USD", "cik": "0000799292", "fillingDate": "2007-03-06", "acceptedDate": "2007-03-06 17:18:46", "calendarYear": "2006", "period": "FY", "revenue": 1359293000, "costOfRevenue": 1014519000, "grossProfit": 344774000, "grossProfitRatio": 0.2536421507, "researchAndDevelopmentExpenses": 0, "generalAndAdministrativeExpenses": 196658000, "sellingAndMarketingExpenses": 93616000, "sellingGeneralAndAdministrativeExpenses": 196658000, "otherExpenses": 0, "operatingExpenses": 196658000, "costAndExpenses": 1211177000, "interestIncome": 0, "interestExpense": 0, "depreciationAndAmortization": 6731000, "ebitda": 226597000, "ebitdaratio": 0.1667021018, "operatingIncome": 148116000, "operatingIncomeRatio": 0.1089654695, "totalOtherIncomeExpensesNet": -71750000, "incomeBeforeTax": 60119000, "incomeBeforeTaxRatio": 0.0442281392, "incomeTaxExpense": 21244000, "netIncome": 38875000, "netIncomeRatio": 0.0285994263, "eps": 2.78, "epsdiluted": 2.74, "weightedAverageShsOut": 13970000, "weightedAverageShsOutDil": 14168000, "link": "https://www.sec.gov/Archives/edgar/data/799292/000079929207000011/0000799292-07-000011-index.htm", "finalLink": "https://www.sec.gov/Archives/edgar/data/799292/000079929207000011/basedoc.htm", "calculatedOtherExpenses": 0, "calculatedOperatingExpenses": 196658000, "calculatedNetInterest": 0, "calculatedOtherIncome": -87997000, "calculatedIncomeNonControlling": 0, "calculatedEbitda": 154847000}, {"date": "2005-12-31", "symbol": "MHO", "reportedCurrency": "USD", "cik": "0000799292", "fillingDate": "2006-03-01", "acceptedDate": "2006-03-01 16:39:36", "calendarYear": "2005", "period": "FY", "revenue": 1347646000, "costOfRevenue": 1007523000, "grossProfit": 340123000, "grossProfitRatio": 0.2523830442, "researchAndDevelopmentExpenses": 0, "generalAndAdministrativeExpenses": 164588000, "sellingAndMarketingExpenses": 83931000, "sellingGeneralAndAdministrativeExpenses": 164588000, "otherExpenses": 0, "operatingExpenses": 164588000, "costAndExpenses": 1172111000, "interestIncome": 0, "interestExpense": 0, "depreciationAndAmortization": 4498000, "ebitda": 180033000, "ebitdaratio": 0.1335907204, "operatingIncome": 175535000, "operatingIncomeRatio": 0.1302530486, "totalOtherIncomeExpensesNet": -14108000, "incomeBeforeTax": 161427000, "incomeBeforeTaxRatio": 0.1197844241, "incomeTaxExpense": 60642000, "netIncome": 100785000, "netIncomeRatio": 0.0747859601, "eps": 7.05, "epsdiluted": 6.93, "weightedAverageShsOut": 14302000, "weightedAverageShsOutDil": 14539000, "link": "https://www.sec.gov/Archives/edgar/data/799292/000079929206000009/0000799292-06-000009-index.htm", "finalLink": "https://www.sec.gov/Archives/edgar/data/799292/000079929206000009/basedoc.htm", "calculatedOtherExpenses": 0, "calculatedOperatingExpenses": 164588000, "calculatedNetInterest": 0, "calculatedOtherIncome": -14108000, "calculatedIncomeNonControlling": 0, "calculatedEbitda": 180033000}, {"date": "2004-12-31", "symbol": "MHO", "reportedCurrency": "USD", "cik": "0000799292", "fillingDate": "2005-03-09", "acceptedDate": "2005-03-09 16:57:26", "calendarYear": "2004", "period": "FY", "revenue": 1174635000, "costOfRevenue": 875614000, "grossProfit": 299021000, "grossProfitRatio": 0.2545650351, "researchAndDevelopmentExpenses": 0, "generalAndAdministrativeExpenses": 139382000, "sellingAndMarketingExpenses": 74428000, "sellingGeneralAndAdministrativeExpenses": 139382000, "otherExpenses": 0, "operatingExpenses": 139382000, "costAndExpenses": 1014996000, "interestIncome": 0, "interestExpense": 0, "depreciationAndAmortization": 2448000, "ebitda": 162087000, "ebitdaratio": 0.1379892477, "operatingIncome": 159639000, "operatingIncomeRatio": 0.1359051961, "totalOtherIncomeExpensesNet": -8342000, "incomeBeforeTax": 151297000, "incomeBeforeTaxRatio": 0.1288034155, "incomeTaxExpense": 59763000, "netIncome": 91534000, "netIncomeRatio": 0.0779254832, "eps": 6.49, "epsdiluted": 6.35, "weightedAverageShsOut": 14107000, "weightedAverageShsOutDil": 14407000, "link": "https://www.sec.gov/Archives/edgar/data/799292/000079929205000016/0000799292-05-000016-index.htm", "finalLink": "https://www.sec.gov/Archives/edgar/data/799292/000079929205000016/basedoc.htm", "calculatedOtherExpenses": 0, "calculatedOperatingExpenses": 139382000, "calculatedNetInterest": 0, "calculatedOtherIncome": -8342000, "calculatedIncomeNonControlling": 0, "calculatedEbitda": 162087000}, {"date": "2003-12-31", "symbol": "MHO", "reportedCurrency": "USD", "cik": "0000799292", "fillingDate": "2004-03-10", "acceptedDate": "2004-03-10 16:47:48", "calendarYear": "2003", "period": "FY", "revenue": 1069563000, "costOfRevenue": 796726000, "grossProfit": 272837000, "grossProfitRatio": 0.2550920329, "researchAndDevelopmentExpenses": 0, "generalAndAdministrativeExpenses": 128101000, "sellingAndMarketingExpenses": 68479000, "sellingGeneralAndAdministrativeExpenses": 128101000, "otherExpenses": 0, "operatingExpenses": 128101000, "costAndExpenses": 924827000, "interestIncome": 0, "interestExpense": 0, "depreciationAndAmortization": 2382000, "ebitda": 147118000, "ebitdaratio": 0.1375496348, "operatingIncome": 144736000, "operatingIncomeRatio": 0.135322557, "totalOtherIncomeExpensesNet": -9637000, "incomeBeforeTax": 135099000, "incomeBeforeTaxRatio": 0.126312335, "incomeTaxExpense": 53369000, "netIncome": 81730000, "netIncomeRatio": 0.0764143861, "eps": 5.66, "epsdiluted": 5.51, "weightedAverageShsOut": 14428000, "weightedAverageShsOutDil": 14825000, "link": "https://www.sec.gov/Archives/edgar/data/799292/000079929204000013/0000799292-04-000013-index.htm", "finalLink": "https://www.sec.gov/Archives/edgar/data/799292/000079929204000013/basedoc.htm", "calculatedOtherExpenses": 0, "calculatedOperatingExpenses": 128101000, "calculatedNetInterest": 0, "calculatedOtherIncome": -9637000, "calculatedIncomeNonControlling": 0, "calculatedEbitda": 147118000}, {"date": "2002-12-31", "symbol": "MHO", "reportedCurrency": "USD", "cik": "0000799292", "fillingDate": "2003-03-31", "acceptedDate": "2003-03-31 11:23:27", "calendarYear": "2002", "period": "FY", "revenue": 1033025000, "costOfRevenue": 783752000, "grossProfit": 249273000, "grossProfitRatio": 0.2413039375, "researchAndDevelopmentExpenses": 0, "generalAndAdministrativeExpenses": 126263000, "sellingAndMarketingExpenses": 0, "sellingGeneralAndAdministrativeExpenses": 126263000, "otherExpenses": 0, "operatingExpenses": 126263000, "costAndExpenses": 910015000, "interestIncome": 0, "interestExpense": 0, "depreciationAndAmortization": 2239000, "ebitda": 125249000, "ebitdaratio": 0.1212448876, "operatingIncome": 123010000, "operatingIncomeRatio": 0.1190774667, "totalOtherIncomeExpensesNet": -13810000, "incomeBeforeTax": 109200000, "incomeBeforeTaxRatio": 0.1057089615, "incomeTaxExpense": 42588000, "netIncome": 66612000, "netIncomeRatio": 0.0644824665, "eps": 4.41, "epsdiluted": 4.3, "weightedAverageShsOut": 15104000, "weightedAverageShsOutDil": 15505000, "link": "https://www.sec.gov/Archives/edgar/data/799292/000095015203003721/0000950152-03-003721-index.htm", "finalLink": "https://www.sec.gov/Archives/edgar/data/799292/000095015203003721/l99426ae10vk.txt", "calculatedOtherExpenses": 0, "calculatedOperatingExpenses": 126263000, "calculatedNetInterest": 0, "calculatedOtherIncome": -13810000, "calculatedIncomeNonControlling": 0, "calculatedEbitda": 125249000}, {"date": "2001-12-31", "symbol": "MHO", "reportedCurrency": "USD", "cik": "0000799292", "fillingDate": "2002-03-26", "acceptedDate": "2002-03-26 00:00:00", "calendarYear": "2001", "period": "FY", "revenue": 976766000, "costOfRevenue": 755212000, "grossProfit": 221554000, "grossProfitRatio": 0.2268240295, "researchAndDevelopmentExpenses": 0, "generalAndAdministrativeExpenses": 120344000, "sellingAndMarketingExpenses": 0, "sellingGeneralAndAdministrativeExpenses": 120344000, "otherExpenses": 0, "operatingExpenses": 120344000, "costAndExpenses": 875556000, "interestIncome": 0, "interestExpense": 0, "depreciationAndAmortization": 2009000, "ebitda": 103219000, "ebitdaratio": 0.1056742352, "operatingIncome": 101210000, "operatingIncomeRatio": 0.1036174478, "totalOtherIncomeExpensesNet": -16168000, "incomeBeforeTax": 85042000, "incomeBeforeTaxRatio": 0.0870648651, "incomeTaxExpense": 32441000, "netIncome": 55282000, "netIncomeRatio": 0.0565969741, "eps": 1.83, "epsdiluted": 1.78, "weightedAverageShsOut": 30184000, "weightedAverageShsOutDil": 31060000, "link": "https://www.sec.gov/Archives/edgar/data/799292/000095015202002368/0000950152-02-002368-index.htm", "finalLink": "https://www.sec.gov/Archives/edgar/data/799292/000095015202002368/l93037ae10-k405.txt", "calculatedOtherExpenses": 0, "calculatedOperatingExpenses": 120344000, "calculatedNetInterest": 0, "calculatedOtherIncome": -16168000, "calculatedIncomeNonControlling": -2681000, "calculatedEbitda": 103219000}, {"date": "2000-12-31", "symbol": "MHO", "reportedCurrency": "USD", "cik": "0000799292", "fillingDate": "2001-03-28", "acceptedDate": "2001-03-28 00:00:00", "calendarYear": "2000", "period": "FY", "revenue": 935039000, "costOfRevenue": 733944000, "grossProfit": 201095000, "grossProfitRatio": 0.2150658956, "researchAndDevelopmentExpenses": 0, "generalAndAdministrativeExpenses": 108054000, "sellingAndMarketingExpenses": 0, "sellingGeneralAndAdministrativeExpenses": 108054000, "otherExpenses": 2123000, "operatingExpenses": 110177000, "costAndExpenses": 844121000, "interestIncome": 0, "interestExpense": 0, "depreciationAndAmortization": 2123000, "ebitda": 93041000, "ebitdaratio": 0.0995049404, "operatingIncome": 90918000, "operatingIncomeRatio": 0.0972344469, "totalOtherIncomeExpensesNet": -18354000, "incomeBeforeTax": 72564000, "incomeBeforeTaxRatio": 0.0776053191, "incomeTaxExpense": 28120000, "netIncome": 44444000, "netIncomeRatio": 0.0475317072, "eps": 2.82, "epsdiluted": 2.76, "weightedAverageShsOut": 15766000, "weightedAverageShsOutDil": 16112000, "link": "https://www.sec.gov/Archives/edgar/data/799292/000095015201001736/0000950152-01-001736-index.htm", "finalLink": "https://www.sec.gov/Archives/edgar/data/799292/000095015201001736/l86931ae10-k.txt", "calculatedOtherExpenses": 2123000, "calculatedOperatingExpenses": 110177000, "calculatedNetInterest": 0, "calculatedOtherIncome": -18354000, "calculatedIncomeNonControlling": 0, "calculatedEbitda": 93041000}, {"date": "1999-12-31", "symbol": "MHO", "reportedCurrency": "USD", "cik": "0000799292", "fillingDate": "2000-03-27", "acceptedDate": "2000-03-27 00:00:00", "calendarYear": "1999", "period": "FY", "revenue": 852400000, "costOfRevenue": 665700000, "grossProfit": 186700000, "grossProfitRatio": 0.2190286251, "researchAndDevelopmentExpenses": 0, "generalAndAdministrativeExpenses": 101400000, "sellingAndMarketingExpenses": 0, "sellingGeneralAndAdministrativeExpenses": 101400000, "otherExpenses": 2200000, "operatingExpenses": 103600000, "costAndExpenses": 769300000, "interestIncome": 0, "interestExpense": 0, "depreciationAndAmortization": 2200000, "ebitda": 85300000, "ebitdaratio": 0.1000703895, "operatingIncome": 83100000, "operatingIncomeRatio": 0.0974894416, "totalOtherIncomeExpensesNet": -14300000, "incomeBeforeTax": 68800000, "incomeBeforeTaxRatio": 0.0807132802, "incomeTaxExpense": 27200000, "netIncome": 41600000, "netIncomeRatio": 0.0488033787, "eps": 2.38, "epsdiluted": 2.34, "weightedAverageShsOut": 17524000, "weightedAverageShsOutDil": 17766000, "link": "https://www.sec.gov/Archives/edgar/data/799292/000095015200002139/0000950152-00-002139-index.html", "finalLink": "https://www.sec.gov/Archives/edgar/data/799292/000095015200002139/", "calculatedOtherExpenses": 2200000, "calculatedOperatingExpenses": 103600000, "calculatedNetInterest": 0, "calculatedOtherIncome": -14300000, "calculatedIncomeNonControlling": 0, "calculatedEbitda": 85300000}, {"date": "1998-12-31", "symbol": "MHO", "reportedCurrency": "USD", "cik": "0000799292", "fillingDate": "1999-03-25", "acceptedDate": "1999-03-25 00:00:00", "calendarYear": "1998", "period": "FY", "revenue": 739600000, "costOfRevenue": 586700000, "grossProfit": 152900000, "grossProfitRatio": 0.2067333694, "researchAndDevelopmentExpenses": 0, "generalAndAdministrativeExpenses": 91400000, "sellingAndMarketingExpenses": 0, "sellingGeneralAndAdministrativeExpenses": 91400000, "otherExpenses": 1800000, "operatingExpenses": 93200000, "costAndExpenses": 679900000, "interestIncome": 0, "interestExpense": 0, "depreciationAndAmortization": 1800000, "ebitda": 61500000, "ebitdaratio": 0.0831530557, "operatingIncome": 59700000, "operatingIncomeRatio": 0.0807193077, "totalOtherIncomeExpensesNet": -13100000, "incomeBeforeTax": 46600000, "incomeBeforeTaxRatio": 0.0630070308, "incomeTaxExpense": 18900000, "netIncome": 27700000, "netIncomeRatio": 0.0374526771, "eps": 1.65, "epsdiluted": 1.63, "weightedAverageShsOut": 16786000, "weightedAverageShsOutDil": 16976000, "link": "https://www.sec.gov/Archives/edgar/data/799292/000095015299002398/0000950152-99-002398-index.html", "finalLink": "https://www.sec.gov/Archives/edgar/data/799292/", "calculatedOtherExpenses": 1800000, "calculatedOperatingExpenses": 93200000, "calculatedNetInterest": 0, "calculatedOtherIncome": -13100000, "calculatedIncomeNonControlling": 0, "calculatedEbitda": 61500000}, {"date": "1997-12-31", "symbol": "MHO", "reportedCurrency": "USD", "cik": "0000799292", "fillingDate": "1998-03-27", "acceptedDate": "1998-03-27 00:00:00", "calendarYear": "1997", "period": "FY", "revenue": 614000000, "costOfRevenue": 493000000, "grossProfit": 121000000, "grossProfitRatio": 0.1970684039, "researchAndDevelopmentExpenses": 0, "generalAndAdministrativeExpenses": 78200000, "sellingAndMarketingExpenses": 0, "sellingGeneralAndAdministrativeExpenses": 78200000, "otherExpenses": 1600000, "operatingExpenses": 79800000, "costAndExpenses": 572800000, "interestIncome": 0, "interestExpense": 0, "depreciationAndAmortization": 1600000, "ebitda": 42800000, "ebitdaratio": 0.0697068404, "operatingIncome": 41200000, "operatingIncomeRatio": 0.0671009772, "totalOtherIncomeExpensesNet": -11800000, "incomeBeforeTax": 29400000, "incomeBeforeTaxRatio": 0.0478827362, "incomeTaxExpense": 12000000, "netIncome": 17400000, "netIncomeRatio": 0.0283387622, "eps": 1.08, "epsdiluted": 1.07, "weightedAverageShsOut": 16216586, "weightedAverageShsOutDil": 16300030, "link": "https://www.sec.gov/Archives/edgar/data/799292/000095015298002604/0000950152-98-002604-index.html", "finalLink": "https://www.sec.gov/Archives/edgar/data/799292/", "calculatedOtherExpenses": 1600000, "calculatedOperatingExpenses": 79800000, "calculatedNetInterest": 0, "calculatedOtherIncome": -11800000, "calculatedIncomeNonControlling": 0, "calculatedEbitda": 42800000}, {"date": "1996-12-31", "symbol": "MHO", "reportedCurrency": "USD", "cik": "0000799292", "fillingDate": "1997-03-31", "acceptedDate": "1997-03-31 00:00:00", "calendarYear": "1996", "period": "FY", "revenue": 577200000, "costOfRevenue": 466700000, "grossProfit": 110500000, "grossProfitRatio": 0.1914414414, "researchAndDevelopmentExpenses": 0, "generalAndAdministrativeExpenses": 72900000, "sellingAndMarketingExpenses": 0, "sellingGeneralAndAdministrativeExpenses": 72900000, "otherExpenses": 1400000, "operatingExpenses": 74300000, "costAndExpenses": 541000000, "interestIncome": 0, "interestExpense": 0, "depreciationAndAmortization": 1400000, "ebitda": 37600000, "ebitdaratio": 0.0651420651, "operatingIncome": 36200000, "operatingIncomeRatio": 0.0627165627, "totalOtherIncomeExpensesNet": -13100000, "incomeBeforeTax": 23100000, "incomeBeforeTaxRatio": 0.04002079, "incomeTaxExpense": 9000000, "netIncome": 12800000, "netIncomeRatio": 0.0221760222, "eps": 0.73, "epsdiluted": 0.73, "weightedAverageShsOut": 17600000, "weightedAverageShsOutDil": 17600000, "link": "https://www.sec.gov/Archives/edgar/data/799292/000095015297002544/0000950152-97-002544-index.html", "finalLink": "https://www.sec.gov/Archives/edgar/data/799292/", "calculatedOtherExpenses": 1400000, "calculatedOperatingExpenses": 74300000, "calculatedNetInterest": 0, "calculatedOtherIncome": -13100000, "calculatedIncomeNonControlling": 1300000, "calculatedEbitda": 37600000}, {"date": "1995-12-31", "symbol": "MHO", "reportedCurrency": "USD", "cik": "0000799292", "fillingDate": "1996-03-29", "acceptedDate": "1996-03-29 00:00:00", "calendarYear": "1995", "period": "FY", "revenue": 527800000, "costOfRevenue": 430200000, "grossProfit": 97600000, "grossProfitRatio": 0.1849185297, "researchAndDevelopmentExpenses": 0, "generalAndAdministrativeExpenses": 65200000, "sellingAndMarketingExpenses": 0, "sellingGeneralAndAdministrativeExpenses": 65200000, "otherExpenses": 1800000, "operatingExpenses": 67000000, "costAndExpenses": 497200000, "interestIncome": 0, "interestExpense": 0, "depreciationAndAmortization": 1800000, "ebitda": 32400000, "ebitdaratio": 0.061386889, "operatingIncome": 30600000, "operatingIncomeRatio": 0.0579765063, "totalOtherIncomeExpensesNet": -14100000, "incomeBeforeTax": 16500000, "incomeBeforeTaxRatio": 0.0312618416, "incomeTaxExpense": 6600000, "netIncome": 9900000, "netIncomeRatio": 0.018757105, "eps": 0.28, "epsdiluted": 0.28, "weightedAverageShsOut": 17600000, "weightedAverageShsOutDil": 17600000, "link": "https://www.sec.gov/Archives/edgar/data/799292/000095015296001280/0000950152-96-001280-index.html", "finalLink": "https://www.sec.gov/Archives/edgar/data/799292/", "calculatedOtherExpenses": 1800000, "calculatedOperatingExpenses": 67000000, "calculatedNetInterest": 0, "calculatedOtherIncome": -14100000, "calculatedIncomeNonControlling": 0, "calculatedEbitda": 32400000}, {"date": "1994-12-31", "symbol": "MHO", "reportedCurrency": "USD", "cik": "0000799292", "fillingDate": "1994-12-31", "acceptedDate": "1994-12-30 19:00:00", "calendarYear": "1994", "period": "FY", "revenue": 491700000, "costOfRevenue": 402000000, "grossProfit": 89700000, "grossProfitRatio": 0.1824283099, "researchAndDevelopmentExpenses": 0, "generalAndAdministrativeExpenses": 0, "sellingAndMarketingExpenses": 0, "sellingGeneralAndAdministrativeExpenses": 59000000, "otherExpenses": 60600000, "operatingExpenses": 60600000, "costAndExpenses": 462600000, "interestIncome": 0, "interestExpense": 0, "depreciationAndAmortization": 1600000, "ebitda": 30700000, "ebitdaratio": 0.062436445, "operatingIncome": 29100000, "operatingIncomeRatio": 0.0591824283, "totalOtherIncomeExpensesNet": -9900000, "incomeBeforeTax": 19200000, "incomeBeforeTaxRatio": 0.0390482001, "incomeTaxExpense": 7600000, "netIncome": 11600000, "netIncomeRatio": 0.0235916209, "eps": 0.33, "epsdiluted": 0.33, "weightedAverageShsOut": 17600000, "weightedAverageShsOutDil": 17600000, "link": "", "finalLink": "", "calculatedOtherExpenses": 1600000, "calculatedOperatingExpenses": 60600000, "calculatedNetInterest": 0, "calculatedOtherIncome": -9900000, "calculatedIncomeNonControlling": 0, "calculatedEbitda": 30700000}, {"date": "1993-12-31", "symbol": "MHO", "reportedCurrency": "USD", "cik": "0000799292", "fillingDate": "1993-12-31", "acceptedDate": "1993-12-30 19:00:00", "calendarYear": "1993", "period": "FY", "revenue": 446100000, "costOfRevenue": 363900000, "grossProfit": 82200000, "grossProfitRatio": 0.184263618, "researchAndDevelopmentExpenses": 0, "generalAndAdministrativeExpenses": 0, "sellingAndMarketingExpenses": 0, "sellingGeneralAndAdministrativeExpenses": 52000000, "otherExpenses": 53600000, "operatingExpenses": 53600000, "costAndExpenses": 417500000, "interestIncome": 0, "interestExpense": 0, "depreciationAndAmortization": 1600000, "ebitda": 30200000, "ebitdaratio": 0.0676978256, "operatingIncome": 28600000, "operatingIncomeRatio": 0.0641111858, "totalOtherIncomeExpensesNet": -10000000, "incomeBeforeTax": 18600000, "incomeBeforeTaxRatio": 0.0416946873, "incomeTaxExpense": 2500000, "netIncome": 16100000, "netIncomeRatio": 0.0360905627, "eps": 0.47, "epsdiluted": 0.47, "weightedAverageShsOut": 21989529, "weightedAverageShsOutDil": 21989529, "link": "", "finalLink": "", "calculatedOtherExpenses": 1600000, "calculatedOperatingExpenses": 53600000, "calculatedNetInterest": 0, "calculatedOtherIncome": -10000000, "calculatedIncomeNonControlling": 0, "calculatedEbitda": 30200000}]}