{"originalCurrency": "USD", "convertedCurrency": "USD", "report": [{"date": "2023-12-30", "symbol": "MIDD", "reportedCurrency": "USD", "cik": "0000769520", "fillingDate": "2024-02-28", "acceptedDate": "2024-02-28 16:41:19", "calendarYear": "2023", "period": "FY", "revenue": 4036605000, "costOfRevenue": 2524443000, "grossProfit": 1512162000, "grossProfitRatio": 0.3746123289, "researchAndDevelopmentExpenses": 53100000, "generalAndAdministrativeExpenses": 0, "sellingAndMarketingExpenses": 0, "sellingGeneralAndAdministrativeExpenses": 727579000, "otherExpenses": -4213000, "operatingExpenses": 780679000, "costAndExpenses": 3305122000, "interestIncome": 0, "interestExpense": 152569000, "depreciationAndAmortization": 125400000, "ebitda": 856883000, "ebitdaratio": 0.2122781397, "operatingIncome": 731483000, "operatingIncomeRatio": 0.1812124298, "totalOtherIncomeExpensesNet": -212104999, "incomeBeforeTax": 519378000, "incomeBeforeTaxRatio": 0.1286670358, "incomeTaxExpense": 118496000, "netIncome": 400882000, "netIncomeRatio": 0.099311674, "eps": 7.48, "epsdiluted": 7.41, "weightedAverageShsOut": 53577000, "weightedAverageShsOutDil": 54086000, "link": "https://www.sec.gov/Archives/edgar/data/769520/000076952024000004/0000769520-24-000004-index.htm", "finalLink": "https://www.sec.gov/Archives/edgar/data/769520/000076952024000004/midd-20231230.htm", "calculatedOtherExpenses": 0, "calculatedOperatingExpenses": 780679000, "calculatedNetInterest": -152569000, "calculatedOtherIncome": -59536000, "calculatedIncomeNonControlling": 0, "calculatedEbitda": 856883000}, {"date": "2022-12-31", "symbol": "MIDD", "reportedCurrency": "USD", "cik": "0000769520", "fillingDate": "2023-03-01", "acceptedDate": "2023-03-01 16:15:16", "calendarYear": "2022", "period": "FY", "revenue": 4032853000, "costOfRevenue": 2586299000, "grossProfit": 1446554000, "grossProfitRatio": 0.3586924691, "researchAndDevelopmentExpenses": 48900000, "generalAndAdministrativeExpenses": 754553000, "sellingAndMarketingExpenses": 42681000, "sellingGeneralAndAdministrativeExpenses": 797234000, "otherExpenses": 13788000, "operatingExpenses": 797234000, "costAndExpenses": 3383533000, "interestIncome": 88977000, "interestExpense": 88977000, "depreciationAndAmortization": 23504000, "ebitda": 663108000, "ebitdaratio": 0.1644265239, "operatingIncome": 639604000, "operatingIncomeRatio": 0.1585983918, "totalOtherIncomeExpensesNet": -75189000, "incomeBeforeTax": 564415000, "incomeBeforeTaxRatio": 0.1399542706, "incomeTaxExpense": 127846000, "netIncome": 436569000, "netIncomeRatio": 0.1082531399, "eps": 8.07, "epsdiluted": 7.95, "weightedAverageShsOut": 54095000, "weightedAverageShsOutDil": 54947000, "link": "https://www.sec.gov/Archives/edgar/data/769520/000076952023000004/0000769520-23-000004-index.htm", "finalLink": "https://www.sec.gov/Archives/edgar/data/769520/000076952023000004/midd-20221231.htm", "calculatedOtherExpenses": -39184000, "calculatedOperatingExpenses": 806950000, "calculatedNetInterest": 0, "calculatedOtherIncome": -75189000, "calculatedIncomeNonControlling": 0, "calculatedEbitda": 663108000}, {"date": "2021-12-31", "symbol": "MIDD", "reportedCurrency": "USD", "cik": "0000769520", "fillingDate": "2022-03-02", "acceptedDate": "2022-03-02 16:10:44", "calendarYear": "2021", "period": "FY", "revenue": 3250792000, "costOfRevenue": 2055932000, "grossProfit": 1194860000, "grossProfitRatio": 0.3675596593, "researchAndDevelopmentExpenses": 41800000, "generalAndAdministrativeExpenses": 622910000, "sellingAndMarketingExpenses": 45066000, "sellingGeneralAndAdministrativeExpenses": 667976000, "otherExpenses": 46669000, "operatingExpenses": 667976000, "costAndExpenses": 2723908000, "interestIncome": 57157000, "interestExpense": 57157000, "depreciationAndAmortization": 125243000, "ebitda": 573553000, "ebitdaratio": 0.1764348503, "operatingIncome": 448310000, "operatingIncomeRatio": 0.1379079314, "totalOtherIncomeExpensesNet": 171194000, "incomeBeforeTax": 619504000, "incomeBeforeTaxRatio": 0.1905701749, "incomeTaxExpense": 131012000, "netIncome": 488492000, "netIncomeRatio": 0.1502686115, "eps": 8.85, "epsdiluted": 8.62, "weightedAverageShsOut": 55216000, "weightedAverageShsOutDil": 56665000, "link": "https://www.sec.gov/Archives/edgar/data/769520/000076952022000005/0000769520-22-000005-index.htm", "finalLink": "https://www.sec.gov/Archives/edgar/data/769520/000076952022000005/midd-20220101.htm", "calculatedOtherExpenses": 36774000, "calculatedOperatingExpenses": 746550000, "calculatedNetInterest": 0, "calculatedOtherIncome": 171194000, "calculatedIncomeNonControlling": 0, "calculatedEbitda": 573553000}, {"date": "2020-12-31", "symbol": "MIDD", "reportedCurrency": "USD", "cik": "0000769520", "fillingDate": "2021-03-03", "acceptedDate": "2021-03-03 16:06:09", "calendarYear": "2020", "period": "FY", "revenue": 2513257000, "costOfRevenue": 1631209000, "grossProfit": 882048000, "grossProfitRatio": 0.3509581392, "researchAndDevelopmentExpenses": 35300000, "generalAndAdministrativeExpenses": 491901000, "sellingAndMarketingExpenses": 39996000, "sellingGeneralAndAdministrativeExpenses": 531897000, "otherExpenses": 22243000, "operatingExpenses": 531897000, "costAndExpenses": 2163106000, "interestIncome": 78617000, "interestExpense": 78617000, "depreciationAndAmortization": 47963000, "ebitda": 372394000, "ebitdaratio": 0.1481718742, "operatingIncome": 324431000, "operatingIncomeRatio": 0.1290878728, "totalOtherIncomeExpensesNet": -56374000, "incomeBeforeTax": 268057000, "incomeBeforeTaxRatio": 0.1066572181, "incomeTaxExpense": 60763000, "netIncome": 207294000, "netIncomeRatio": 0.0824802239, "eps": 3.76, "epsdiluted": 3.76, "weightedAverageShsOut": 55093000, "weightedAverageShsOutDil": 55136000, "link": "https://www.sec.gov/Archives/edgar/data/769520/000076952021000003/0000769520-21-000003-index.htm", "finalLink": "https://www.sec.gov/Archives/edgar/data/769520/000076952021000003/midd-20210102.htm", "calculatedOtherExpenses": -9580000, "calculatedOperatingExpenses": 557617000, "calculatedNetInterest": 0, "calculatedOtherIncome": -56374000, "calculatedIncomeNonControlling": 0, "calculatedEbitda": 372394000}, {"date": "2019-12-28", "symbol": "MIDD", "reportedCurrency": "USD", "cik": "0000769520", "fillingDate": "2020-02-26", "acceptedDate": "2020-02-26 16:19:51", "calendarYear": "2019", "period": "FY", "revenue": 2959446000, "costOfRevenue": 1855949000, "grossProfit": 1103497000, "grossProfitRatio": 0.3728728282, "researchAndDevelopmentExpenses": 41200000, "generalAndAdministrativeExpenses": 0, "sellingAndMarketingExpenses": 0, "sellingGeneralAndAdministrativeExpenses": 583697000, "otherExpenses": 31185000, "operatingExpenses": 583697000, "costAndExpenses": 2439646000, "interestIncome": 82609000, "interestExpense": 82609000, "depreciationAndAmortization": 36942000, "ebitda": 550985000, "ebitdaratio": 0.1861784266, "operatingIncome": 514043000, "operatingIncomeRatio": 0.1736956849, "totalOtherIncomeExpensesNet": -51424000, "incomeBeforeTax": 462619000, "incomeBeforeTaxRatio": 0.1563194598, "incomeTaxExpense": 110379000, "netIncome": 352240000, "netIncomeRatio": 0.1190222765, "eps": 6.33, "epsdiluted": 6.33, "weightedAverageShsOut": 55647000, "weightedAverageShsOutDil": 55656000, "link": "https://www.sec.gov/Archives/edgar/data/769520/000076952020000004/0000769520-20-000004-index.htm", "finalLink": "https://www.sec.gov/Archives/edgar/data/769520/000076952020000004/midd-2019122819x10kq4.htm", "calculatedOtherExpenses": -35443000, "calculatedOperatingExpenses": 589454000, "calculatedNetInterest": 0, "calculatedOtherIncome": -51424000, "calculatedIncomeNonControlling": 0, "calculatedEbitda": 550985000}, {"date": "2018-12-29", "symbol": "MIDD", "reportedCurrency": "USD", "cik": "0000769520", "fillingDate": "2019-02-27", "acceptedDate": "2019-02-27 15:24:05", "calendarYear": "2018", "period": "FY", "revenue": 2722931000, "costOfRevenue": 1718791000, "grossProfit": 1004140000, "grossProfitRatio": 0.368771739, "researchAndDevelopmentExpenses": 35300000, "generalAndAdministrativeExpenses": 0, "sellingAndMarketingExpenses": 0, "sellingGeneralAndAdministrativeExpenses": 538842000, "otherExpenses": 36289000, "operatingExpenses": 538842000, "costAndExpenses": 2257633000, "interestIncome": 0, "interestExpense": 58742000, "depreciationAndAmortization": 97238000, "ebitda": 501587000, "ebitdaratio": 0.1842084871, "operatingIncome": 445966000, "operatingIncomeRatio": 0.1637816015, "totalOtherIncomeExpensesNet": 16957000, "incomeBeforeTax": 423513000, "incomeBeforeTaxRatio": 0.1555357077, "incomeTaxExpense": 106361000, "netIncome": 317152000, "netIncomeRatio": 0.1164744902, "eps": 5.71, "epsdiluted": 5.7, "weightedAverageShsOut": 55576000, "weightedAverageShsOutDil": 55604000, "link": "https://www.sec.gov/Archives/edgar/data/769520/000076952019000003/0000769520-19-000003-index.htm", "finalLink": "https://www.sec.gov/Archives/edgar/data/769520/000076952019000003/midd-2018122918x10kq4.htm", "calculatedOtherExpenses": -15968000, "calculatedOperatingExpenses": 558174000, "calculatedNetInterest": -58742000, "calculatedOtherIncome": 36289000, "calculatedIncomeNonControlling": 0, "calculatedEbitda": 543204000}, {"date": "2017-12-30", "symbol": "MIDD", "reportedCurrency": "USD", "cik": "0000769520", "fillingDate": "2018-02-28", "acceptedDate": "2018-02-28 16:51:01", "calendarYear": "2017", "period": "FY", "revenue": 2335542000, "costOfRevenue": 1422801000, "grossProfit": 912741000, "grossProfitRatio": 0.3908047896, "researchAndDevelopmentExpenses": 29100000, "generalAndAdministrativeExpenses": 0, "sellingAndMarketingExpenses": 0, "sellingGeneralAndAdministrativeExpenses": 436491000, "otherExpenses": -829000, "operatingExpenses": 436491000, "costAndExpenses": 1859292000, "interestIncome": 0, "interestExpense": 25983000, "depreciationAndAmortization": 69774000, "ebitda": 475421000, "ebitdaratio": 0.2035591738, "operatingIncome": 410341000, "operatingIncomeRatio": 0.1756941215, "totalOtherIncomeExpensesNet": -66738000, "incomeBeforeTax": 383529000, "incomeBeforeTaxRatio": 0.164214131, "incomeTaxExpense": 85401000, "netIncome": 298128000, "netIncomeRatio": 0.1276483146, "eps": 5.26, "epsdiluted": 5.26, "weightedAverageShsOut": 56715000, "weightedAverageShsOutDil": 56719000, "link": "https://www.sec.gov/Archives/edgar/data/769520/000076952018000003/0000769520-18-000003-index.htm", "finalLink": "https://www.sec.gov/Archives/edgar/data/769520/000076952018000003/midd-2017123017x10kq4.htm", "calculatedOtherExpenses": 36809000, "calculatedOperatingExpenses": 502400000, "calculatedNetInterest": -25983000, "calculatedOtherIncome": -829000, "calculatedIncomeNonControlling": 0, "calculatedEbitda": 480115000}, {"date": "2016-12-31", "symbol": "MIDD", "reportedCurrency": "USD", "cik": "0000769520", "fillingDate": "2017-03-01", "acceptedDate": "2017-03-01 15:39:28", "calendarYear": "2016", "period": "FY", "revenue": 2267852000, "costOfRevenue": 1366672000, "grossProfit": 901180000, "grossProfitRatio": 0.3973716098, "researchAndDevelopmentExpenses": 26300000, "generalAndAdministrativeExpenses": 220548000, "sellingAndMarketingExpenses": 223883000, "sellingGeneralAndAdministrativeExpenses": 444431000, "otherExpenses": -1040000, "operatingExpenses": 444431000, "costAndExpenses": 1811103000, "interestIncome": 0, "interestExpense": 23880000, "depreciationAndAmortization": 58234000, "ebitda": 455709000, "ebitdaratio": 0.2009430069, "operatingIncome": 446225000, "operatingIncomeRatio": 0.1967610761, "totalOtherIncomeExpensesNet": -11564000, "incomeBeforeTax": 421305000, "incomeBeforeTaxRatio": 0.1857727047, "incomeTaxExpense": 137089000, "netIncome": 284216000, "netIncomeRatio": 0.1253238748, "eps": 4.98, "epsdiluted": 4.98, "weightedAverageShsOut": 57030000, "weightedAverageShsOutDil": 57085000, "link": "https://www.sec.gov/Archives/edgar/data/769520/000076952017000003/0000769520-17-000003-index.htm", "finalLink": "https://www.sec.gov/Archives/edgar/data/769520/000076952017000003/midd-2016123116x10kq4.htm", "calculatedOtherExpenses": -15776000, "calculatedOperatingExpenses": 454955000, "calculatedNetInterest": -23880000, "calculatedOtherIncome": -1040000, "calculatedIncomeNonControlling": 0, "calculatedEbitda": 504459000}, {"date": "2015-12-31", "symbol": "MIDD", "reportedCurrency": "USD", "cik": "0000769520", "fillingDate": "2016-03-02", "acceptedDate": "2016-03-02 14:47:45", "calendarYear": "2015", "period": "FY", "revenue": 1826598000, "costOfRevenue": 1120093000, "grossProfit": 706505000, "grossProfitRatio": 0.38678735, "researchAndDevelopmentExpenses": 22400000, "generalAndAdministrativeExpenses": 181795000, "sellingAndMarketingExpenses": 193353000, "sellingGeneralAndAdministrativeExpenses": 375148000, "otherExpenses": -4469000, "operatingExpenses": 375148000, "costAndExpenses": 1495241000, "interestIncome": 0, "interestExpense": 16967000, "depreciationAndAmortization": 54074000, "ebitda": 326888000, "ebitdaratio": 0.178960012, "operatingIncome": 302603000, "operatingIncomeRatio": 0.1656648042, "totalOtherIncomeExpensesNet": -33223000, "incomeBeforeTax": 281167000, "incomeBeforeTaxRatio": 0.1539293265, "incomeTaxExpense": 89557000, "netIncome": 191610000, "netIncomeRatio": 0.1048999287, "eps": 3.36, "epsdiluted": 3.36, "weightedAverageShsOut": 56951000, "weightedAverageShsOutDil": 56973000, "link": "https://www.sec.gov/Archives/edgar/data/769520/000076952016000010/0000769520-16-000010-index.htm", "finalLink": "https://www.sec.gov/Archives/edgar/data/769520/000076952016000010/midd-201510216x10k.htm", "calculatedOtherExpenses": 6354000, "calculatedOperatingExpenses": 403902000, "calculatedNetInterest": -16967000, "calculatedOtherIncome": -4469000, "calculatedIncomeNonControlling": 0, "calculatedEbitda": 356677000}, {"date": "2014-12-31", "symbol": "MIDD", "reportedCurrency": "USD", "cik": "0000769520", "fillingDate": "2015-03-04", "acceptedDate": "2015-03-04 15:45:36", "calendarYear": "2014", "period": "FY", "revenue": 1636538000, "costOfRevenue": 995953000, "grossProfit": 640585000, "grossProfitRatio": 0.3914269024, "researchAndDevelopmentExpenses": 22600000, "generalAndAdministrativeExpenses": 164094000, "sellingAndMarketingExpenses": 182578000, "sellingGeneralAndAdministrativeExpenses": 346672000, "otherExpenses": -4050000, "operatingExpenses": 346672000, "costAndExpenses": 1342625000, "interestIncome": 0, "interestExpense": 15592000, "depreciationAndAmortization": 41252000, "ebitda": 331115000, "ebitdaratio": 0.2023264965, "operatingIncome": 300432000, "operatingIncomeRatio": 0.1835777721, "totalOtherIncomeExpensesNet": 2469000, "incomeBeforeTax": 280790000, "incomeBeforeTaxRatio": 0.1715756066, "incomeTaxExpense": 87478000, "netIncome": 193312000, "netIncomeRatio": 0.1181225245, "eps": 3.41, "epsdiluted": 3.4, "weightedAverageShsOut": 56764000, "weightedAverageShsOutDil": 56784000, "link": "https://www.sec.gov/Archives/edgar/data/769520/000076952015000003/0000769520-15-000003-index.htm", "finalLink": "https://www.sec.gov/Archives/edgar/data/769520/000076952015000003/midd-2014010315x10k.htm", "calculatedOtherExpenses": -29119000, "calculatedOperatingExpenses": 340153000, "calculatedNetInterest": -15592000, "calculatedOtherIncome": -4050000, "calculatedIncomeNonControlling": 0, "calculatedEbitda": 341684000}, {"date": "2013-12-28", "symbol": "MIDD", "reportedCurrency": "USD", "cik": "0000769520", "fillingDate": "2014-02-26", "acceptedDate": "2014-02-26 16:46:40", "calendarYear": "2013", "period": "FY", "revenue": 1428685000, "costOfRevenue": 878674000, "grossProfit": 550011000, "grossProfitRatio": 0.3849770943, "researchAndDevelopmentExpenses": 21400000, "generalAndAdministrativeExpenses": 149910000, "sellingAndMarketingExpenses": 155639000, "sellingGeneralAndAdministrativeExpenses": 305549000, "otherExpenses": -2780000, "operatingExpenses": 305549000, "costAndExpenses": 1184223000, "interestIncome": 0, "interestExpense": 15901000, "depreciationAndAmortization": 43164000, "ebitda": 241682000, "ebitdaratio": 0.1691639515, "operatingIncome": 244462000, "operatingIncomeRatio": 0.1711097968, "totalOtherIncomeExpensesNet": -2780000, "incomeBeforeTax": 225781000, "incomeBeforeTaxRatio": 0.1580341363, "incomeTaxExpense": 71853000, "netIncome": 153928000, "netIncomeRatio": 0.1077410346, "eps": 2.76, "epsdiluted": 2.74, "weightedAverageShsOut": 55830000, "weightedAverageShsOutDil": 56265000, "link": "https://www.sec.gov/Archives/edgar/data/769520/000144530514000623/0001445305-14-000623-index.htm", "finalLink": "https://www.sec.gov/Archives/edgar/data/769520/000144530514000623/midd-20131228x10kq4.htm", "calculatedOtherExpenses": -21400000, "calculatedOperatingExpenses": 305549000, "calculatedNetInterest": -15901000, "calculatedOtherIncome": -2780000, "calculatedIncomeNonControlling": 0, "calculatedEbitda": 287626000}, {"date": "2012-12-29", "symbol": "MIDD", "reportedCurrency": "USD", "cik": "0000769520", "fillingDate": "2013-02-27", "acceptedDate": "2013-02-27 17:21:28", "calendarYear": "2012", "period": "FY", "revenue": 1038174000, "costOfRevenue": 635185000, "grossProfit": 402989000, "grossProfitRatio": 0.3881709617, "researchAndDevelopmentExpenses": 14100000, "generalAndAdministrativeExpenses": 108776000, "sellingAndMarketingExpenses": 106129000, "sellingGeneralAndAdministrativeExpenses": 214905000, "otherExpenses": -4406000, "operatingExpenses": 214905000, "costAndExpenses": 850090000, "interestIncome": 0, "interestExpense": 9238000, "depreciationAndAmortization": 26903000, "ebitda": 210581000, "ebitdaratio": 0.2028378673, "operatingIncome": 188084000, "operatingIncomeRatio": 0.1811680894, "totalOtherIncomeExpensesNet": -4406000, "incomeBeforeTax": 174440000, "incomeBeforeTaxRatio": 0.1680257837, "incomeTaxExpense": 53743000, "netIncome": 120697000, "netIncomeRatio": 0.1162589315, "eps": 2.22, "epsdiluted": 2.2, "weightedAverageShsOut": 54377000, "weightedAverageShsOutDil": 54807000, "link": "https://www.sec.gov/Archives/edgar/data/769520/000144530513000370/0001445305-13-000370-index.htm", "finalLink": "https://www.sec.gov/Archives/edgar/data/769520/000144530513000370/midd-20121229x10k.htm", "calculatedOtherExpenses": -14100000, "calculatedOperatingExpenses": 214905000, "calculatedNetInterest": -9238000, "calculatedOtherIncome": -4406000, "calculatedIncomeNonControlling": 0, "calculatedEbitda": 214987000}, {"date": "2011-12-31", "symbol": "MIDD", "reportedCurrency": "USD", "cik": "0000769520", "fillingDate": "2012-03-15", "acceptedDate": "2012-03-15 13:20:37", "calendarYear": "2011", "period": "FY", "revenue": 855907000, "costOfRevenue": 511770000, "grossProfit": 344137000, "grossProfitRatio": 0.4020728888, "researchAndDevelopmentExpenses": 0, "generalAndAdministrativeExpenses": 104314000, "sellingAndMarketingExpenses": 91113000, "sellingGeneralAndAdministrativeExpenses": 195427000, "otherExpenses": 0, "operatingExpenses": 195427000, "costAndExpenses": 707197000, "interestIncome": 0, "interestExpense": 8503000, "depreciationAndAmortization": 19708000, "ebitda": 148710000, "ebitdaratio": 0.1737455121, "operatingIncome": 148710000, "operatingIncomeRatio": 0.1737455121, "totalOtherIncomeExpensesNet": 241000, "incomeBeforeTax": 140448000, "incomeBeforeTaxRatio": 0.1640925942, "incomeTaxExpense": 44975000, "netIncome": 95473000, "netIncomeRatio": 0.1115459974, "eps": 1.77, "epsdiluted": 1.72, "weightedAverageShsOut": 53994000, "weightedAverageShsOutDil": 55602000, "link": "https://www.sec.gov/Archives/edgar/data/769520/000114420412015141/0001144204-12-015141-index.htm", "finalLink": "https://www.sec.gov/Archives/edgar/data/769520/000114420412015141/v245205_10k.htm", "calculatedOtherExpenses": 0, "calculatedOperatingExpenses": 195427000, "calculatedNetInterest": -8503000, "calculatedOtherIncome": 241000, "calculatedIncomeNonControlling": 0, "calculatedEbitda": 168418000}, {"date": "2010-12-31", "symbol": "MIDD", "reportedCurrency": "USD", "cik": "0000769520", "fillingDate": "2011-03-02", "acceptedDate": "2011-03-02 16:37:40", "calendarYear": "2010", "period": "FY", "revenue": 719121000, "costOfRevenue": 432444000, "grossProfit": 286677000, "grossProfitRatio": 0.3986491842, "researchAndDevelopmentExpenses": 0, "generalAndAdministrativeExpenses": 88117000, "sellingAndMarketingExpenses": 75772000, "sellingGeneralAndAdministrativeExpenses": 163889000, "otherExpenses": 0, "operatingExpenses": 163889000, "costAndExpenses": 596333000, "interestIncome": 0, "interestExpense": 8592000, "depreciationAndAmortization": 17014000, "ebitda": 139802000, "ebitdaratio": 0.1944067827, "operatingIncome": 122788000, "operatingIncomeRatio": 0.1707473429, "totalOtherIncomeExpensesNet": 40000, "incomeBeforeTax": 114236000, "incomeBeforeTaxRatio": 0.1588550466, "incomeTaxExpense": 41369000, "netIncome": 72867000, "netIncomeRatio": 0.1013278711, "eps": 1.36, "epsdiluted": 1.32, "weightedAverageShsOut": 53403000, "weightedAverageShsOutDil": 55011000, "link": "https://www.sec.gov/Archives/edgar/data/769520/000114420411012344/0001144204-11-012344-index.htm", "finalLink": "https://www.sec.gov/Archives/edgar/data/769520/000114420411012344/v212439_10k.htm", "calculatedOtherExpenses": 0, "calculatedOperatingExpenses": 163889000, "calculatedNetInterest": -8592000, "calculatedOtherIncome": 40000, "calculatedIncomeNonControlling": 0, "calculatedEbitda": 139802000}, {"date": "2009-12-31", "symbol": "MIDD", "reportedCurrency": "USD", "cik": "0000769520", "fillingDate": "2010-03-03", "acceptedDate": "2010-03-03 17:26:07", "calendarYear": "2009", "period": "FY", "revenue": 646629000, "costOfRevenue": 396001000, "grossProfit": 250628000, "grossProfitRatio": 0.3875916484, "researchAndDevelopmentExpenses": 0, "generalAndAdministrativeExpenses": 74948000, "sellingAndMarketingExpenses": 64239000, "sellingGeneralAndAdministrativeExpenses": 139187000, "otherExpenses": 0, "operatingExpenses": 139187000, "costAndExpenses": 535188000, "interestIncome": 0, "interestExpense": 11594000, "depreciationAndAmortization": 15888000, "ebitda": 111441000, "ebitdaratio": 0.1723414817, "operatingIncome": 111441000, "operatingIncomeRatio": 0.1723414817, "totalOtherIncomeExpensesNet": -121000, "incomeBeforeTax": 99726000, "incomeBeforeTaxRatio": 0.1542244471, "incomeTaxExpense": 38570000, "netIncome": 61156000, "netIncomeRatio": 0.0945766429, "eps": 1.16, "epsdiluted": 1.1, "weightedAverageShsOut": 52815000, "weightedAverageShsOutDil": 55725000, "link": "https://www.sec.gov/Archives/edgar/data/769520/000114420410011289/0001144204-10-011289-index.htm", "finalLink": "https://www.sec.gov/Archives/edgar/data/769520/000114420410011289/v176031_10k.htm", "calculatedOtherExpenses": 0, "calculatedOperatingExpenses": 139187000, "calculatedNetInterest": -11594000, "calculatedOtherIncome": -121000, "calculatedIncomeNonControlling": 0, "calculatedEbitda": 127329000}, {"date": "2008-12-31", "symbol": "MIDD", "reportedCurrency": "USD", "cik": "0000769520", "fillingDate": "2009-03-04", "acceptedDate": "2009-03-04 17:26:48", "calendarYear": "2008", "period": "FY", "revenue": 651888000, "costOfRevenue": 403746000, "grossProfit": 248142000, "grossProfitRatio": 0.3806512775, "researchAndDevelopmentExpenses": 0, "generalAndAdministrativeExpenses": 0, "sellingAndMarketingExpenses": 0, "sellingGeneralAndAdministrativeExpenses": 128524000, "otherExpenses": 0, "operatingExpenses": 128524000, "costAndExpenses": 532270000, "interestIncome": 0, "interestExpense": 0, "depreciationAndAmortization": 12390000, "ebitda": 134422000, "ebitdaratio": 0.2062041332, "operatingIncome": 119618000, "operatingIncomeRatio": 0.1834947107, "totalOtherIncomeExpensesNet": -2414000, "incomeBeforeTax": 104222000, "incomeBeforeTaxRatio": 0.1598771568, "incomeTaxExpense": 40321000, "netIncome": 63901000, "netIncomeRatio": 0.0980245073, "eps": 1.33, "epsdiluted": 1.25, "weightedAverageShsOut": 47934000, "weightedAverageShsOutDil": 51090000, "link": "https://www.sec.gov/Archives/edgar/data/769520/000114420409012162/0001144204-09-012162-index.htm", "finalLink": "https://www.sec.gov/Archives/edgar/data/769520/000114420409012162/v141734_10k.htm", "calculatedOtherExpenses": 0, "calculatedOperatingExpenses": 128524000, "calculatedNetInterest": 0, "calculatedOtherIncome": -15396000, "calculatedIncomeNonControlling": 0, "calculatedEbitda": 132008000}, {"date": "2007-12-29", "symbol": "MIDD", "reportedCurrency": "USD", "cik": "0000769520", "fillingDate": "2008-02-27", "acceptedDate": "2008-02-27 17:18:59", "calendarYear": "2007", "period": "FY", "revenue": 500472000, "costOfRevenue": 308107000, "grossProfit": 192365000, "grossProfitRatio": 0.3843671574, "researchAndDevelopmentExpenses": 0, "generalAndAdministrativeExpenses": 0, "sellingAndMarketingExpenses": 0, "sellingGeneralAndAdministrativeExpenses": 99432000, "otherExpenses": 0, "operatingExpenses": 99432000, "costAndExpenses": 407539000, "interestIncome": 0, "interestExpense": 0, "depreciationAndAmortization": 6360000, "ebitda": 98392000, "ebitdaratio": 0.1965984111, "operatingIncome": 92933000, "operatingIncomeRatio": 0.185690708, "totalOtherIncomeExpensesNet": 901000, "incomeBeforeTax": 87979000, "incomeBeforeTaxRatio": 0.1757920523, "incomeTaxExpense": 35365000, "netIncome": 52614000, "netIncomeRatio": 0.1051287585, "eps": 1.12, "epsdiluted": 1.04, "weightedAverageShsOut": 47082000, "weightedAverageShsOutDil": 50814000, "link": "https://www.sec.gov/Archives/edgar/data/769520/000114420408012109/0001144204-08-012109-index.htm", "finalLink": "https://www.sec.gov/Archives/edgar/data/769520/000114420408012109/v104936_10k.htm", "calculatedOtherExpenses": 0, "calculatedOperatingExpenses": 99432000, "calculatedNetInterest": 0, "calculatedOtherIncome": -4954000, "calculatedIncomeNonControlling": 0, "calculatedEbitda": 99293000}, {"date": "2006-12-30", "symbol": "MIDD", "reportedCurrency": "USD", "cik": "0000769520", "fillingDate": "2007-03-15", "acceptedDate": "2007-03-15 16:52:28", "calendarYear": "2006", "period": "FY", "revenue": 403131000, "costOfRevenue": 246254000, "grossProfit": 156877000, "grossProfitRatio": 0.3891464561, "researchAndDevelopmentExpenses": 0, "generalAndAdministrativeExpenses": 0, "sellingAndMarketingExpenses": 0, "sellingGeneralAndAdministrativeExpenses": 79976000, "otherExpenses": 0, "operatingExpenses": 79976000, "costAndExpenses": 326230000, "interestIncome": 0, "interestExpense": 6932000, "depreciationAndAmortization": 4861000, "ebitda": 81923000, "ebitdaratio": 0.2032168203, "operatingIncome": 76901000, "operatingIncomeRatio": 0.1907593313, "totalOtherIncomeExpensesNet": -161000, "incomeBeforeTax": 69808000, "incomeBeforeTaxRatio": 0.1731645545, "incomeTaxExpense": 27431000, "netIncome": 42377000, "netIncomeRatio": 0.1051196757, "eps": 0.92, "epsdiluted": 0.86, "weightedAverageShsOut": 45858000, "weightedAverageShsOutDil": 49554000, "link": "https://www.sec.gov/Archives/edgar/data/769520/000114420407012915/0001144204-07-012915-index.htm", "finalLink": "https://www.sec.gov/Archives/edgar/data/769520/000114420407012915/v068283_10k.htm", "calculatedOtherExpenses": 0, "calculatedOperatingExpenses": 79976000, "calculatedNetInterest": -6932000, "calculatedOtherIncome": -161000, "calculatedIncomeNonControlling": 0, "calculatedEbitda": 81762000}, {"date": "2005-12-31", "symbol": "MIDD", "reportedCurrency": "USD", "cik": "0000769520", "fillingDate": "2006-03-16", "acceptedDate": "2006-03-16 16:44:58", "calendarYear": "2005", "period": "FY", "revenue": 316668000, "costOfRevenue": 195015000, "grossProfit": 121653000, "grossProfitRatio": 0.3841657509, "researchAndDevelopmentExpenses": 0, "generalAndAdministrativeExpenses": 0, "sellingAndMarketingExpenses": 0, "sellingGeneralAndAdministrativeExpenses": 63681000, "otherExpenses": 0, "operatingExpenses": 63681000, "costAndExpenses": 258696000, "interestIncome": 0, "interestExpense": 6437000, "depreciationAndAmortization": 3554000, "ebitda": 61663000, "ebitdaratio": 0.1947244433, "operatingIncome": 57972000, "operatingIncomeRatio": 0.1830687029, "totalOtherIncomeExpensesNet": -137000, "incomeBeforeTax": 51398000, "incomeBeforeTaxRatio": 0.1623087903, "incomeTaxExpense": 19220000, "netIncome": 32178000, "netIncomeRatio": 0.101614309, "eps": 0.71, "epsdiluted": 0.66, "weightedAverageShsOut": 45084000, "weightedAverageShsOutDil": 48558000, "link": "https://www.sec.gov/Archives/edgar/data/769520/000114420406010303/0001144204-06-010303-index.htm", "finalLink": "https://www.sec.gov/Archives/edgar/data/769520/000114420406010303/v037649_10-k.htm", "calculatedOtherExpenses": 0, "calculatedOperatingExpenses": 63681000, "calculatedNetInterest": -6437000, "calculatedOtherIncome": -137000, "calculatedIncomeNonControlling": 0, "calculatedEbitda": 61526000}, {"date": "2004-12-31", "symbol": "MIDD", "reportedCurrency": "USD", "cik": "0000769520", "fillingDate": "2005-03-17", "acceptedDate": "2005-03-17 14:51:18", "calendarYear": "2004", "period": "FY", "revenue": 271115000, "costOfRevenue": 168487000, "grossProfit": 102628000, "grossProfitRatio": 0.3785404718, "researchAndDevelopmentExpenses": 0, "generalAndAdministrativeExpenses": 0, "sellingAndMarketingExpenses": 0, "sellingGeneralAndAdministrativeExpenses": 53609000, "otherExpenses": 12647000, "operatingExpenses": 66256000, "costAndExpenses": 234743000, "interestIncome": 0, "interestExpense": 0, "depreciationAndAmortization": 3612000, "ebitda": 52155000, "ebitdaratio": 0.1923722406, "operatingIncome": 38259000, "operatingIncomeRatio": 0.1411172381, "totalOtherIncomeExpensesNet": -12171000, "incomeBeforeTax": 33844000, "incomeBeforeTaxRatio": 0.1248326356, "incomeTaxExpense": 10256000, "netIncome": 23588000, "netIncomeRatio": 0.08700367, "eps": 0.43, "epsdiluted": 0.4, "weightedAverageShsOut": 55200000, "weightedAverageShsOutDil": 59586000, "link": "https://www.sec.gov/Archives/edgar/data/769520/000114420405007953/0001144204-05-007953-index.htm", "finalLink": "https://www.sec.gov/Archives/edgar/data/769520/000114420405007953/v014440_10k.htm", "calculatedOtherExpenses": 10760000, "calculatedOperatingExpenses": 64369000, "calculatedNetInterest": 0, "calculatedOtherIncome": -4415000, "calculatedIncomeNonControlling": 0, "calculatedEbitda": 41871000}, {"date": "2003-12-31", "symbol": "MIDD", "reportedCurrency": "USD", "cik": "0000769520", "fillingDate": "2004-04-02", "acceptedDate": "2004-04-02 09:01:27", "calendarYear": "2003", "period": "FY", "revenue": 235402000, "costOfRevenue": 149549000, "grossProfit": 85853000, "grossProfitRatio": 0.3647080314, "researchAndDevelopmentExpenses": 0, "generalAndAdministrativeExpenses": 0, "sellingAndMarketingExpenses": 0, "sellingGeneralAndAdministrativeExpenses": 50837000, "otherExpenses": 62000, "operatingExpenses": 50899000, "costAndExpenses": 200448000, "interestIncome": 0, "interestExpense": 5891000, "depreciationAndAmortization": 3990000, "ebitda": 39248000, "ebitdaratio": 0.1667275554, "operatingIncome": 35016000, "operatingIncomeRatio": 0.1487497982, "totalOtherIncomeExpensesNet": -304000, "incomeBeforeTax": 28821000, "incomeBeforeTaxRatio": 0.1224331144, "incomeTaxExpense": 10123000, "netIncome": 18698000, "netIncomeRatio": 0.0794300813, "eps": 0.34, "epsdiluted": 0.33, "weightedAverageShsOut": 54390000, "weightedAverageShsOutDil": 56352000, "link": "https://www.sec.gov/Archives/edgar/data/769520/000115752304002960/0001157523-04-002960-index.htm", "finalLink": "https://www.sec.gov/Archives/edgar/data/769520/000115752304002960/d59143_10k.htm", "calculatedOtherExpenses": 0, "calculatedOperatingExpenses": 50837000, "calculatedNetInterest": -5891000, "calculatedOtherIncome": -304000, "calculatedIncomeNonControlling": 0, "calculatedEbitda": 39006000}, {"date": "2002-12-28", "symbol": "MIDD", "reportedCurrency": "USD", "cik": "0000769520", "fillingDate": "2003-03-28", "acceptedDate": "2003-03-28 16:54:04", "calendarYear": "2002", "period": "FY", "revenue": 229108000, "costOfRevenue": 150608000, "grossProfit": 78500000, "grossProfitRatio": 0.3426331686, "researchAndDevelopmentExpenses": 0, "generalAndAdministrativeExpenses": 0, "sellingAndMarketingExpenses": 0, "sellingGeneralAndAdministrativeExpenses": 48769000, "otherExpenses": 0, "operatingExpenses": 48769000, "costAndExpenses": 199377000, "interestIncome": 0, "interestExpense": 0, "depreciationAndAmortization": 6280000, "ebitda": 36626000, "ebitdaratio": 0.1598634705, "operatingIncome": 29731000, "operatingIncomeRatio": 0.1297684935, "totalOtherIncomeExpensesNet": -615000, "incomeBeforeTax": 17936000, "incomeBeforeTaxRatio": 0.0782862231, "incomeTaxExpense": 6320000, "netIncome": 17130000, "netIncomeRatio": 0.0747682316, "eps": 0.11, "epsdiluted": 0.11, "weightedAverageShsOut": 53940000, "weightedAverageShsOutDil": 54792000, "link": "https://www.sec.gov/Archives/edgar/data/769520/000116923203002421/0001169232-03-002421-index.htm", "finalLink": "https://www.sec.gov/Archives/edgar/data/769520/000116923203002421/d03-54793_form10k.htm", "calculatedOtherExpenses": 0, "calculatedOperatingExpenses": 48769000, "calculatedNetInterest": 0, "calculatedOtherIncome": -11795000, "calculatedIncomeNonControlling": -5514000, "calculatedEbitda": 36011000}, {"date": "2001-12-29", "symbol": "MIDD", "reportedCurrency": "USD", "cik": "0000769520", "fillingDate": "2002-03-29", "acceptedDate": "2002-03-29 00:00:00", "calendarYear": "2001", "period": "FY", "revenue": 101552000, "costOfRevenue": 70048000, "grossProfit": 31504000, "grossProfitRatio": 0.3102253033, "researchAndDevelopmentExpenses": 0, "generalAndAdministrativeExpenses": 0, "sellingAndMarketingExpenses": 0, "sellingGeneralAndAdministrativeExpenses": 23570000, "otherExpenses": 0, "operatingExpenses": 23570000, "costAndExpenses": 93618000, "interestIncome": 0, "interestExpense": 0, "depreciationAndAmortization": 3582000, "ebitda": 12310000, "ebitdaratio": 0.121218686, "operatingIncome": 7934000, "operatingIncomeRatio": 0.0781274618, "totalOtherIncomeExpensesNet": -794000, "incomeBeforeTax": 6400000, "incomeBeforeTaxRatio": 0.0630219001, "incomeTaxExpense": 4764000, "netIncome": 1636000, "netIncomeRatio": 0.0161099732, "eps": 0.03, "epsdiluted": 0.03, "weightedAverageShsOut": 53886000, "weightedAverageShsOutDil": 53982000, "link": "https://www.sec.gov/Archives/edgar/data/769520/000089155402001659/0000891554-02-001659-index.htm", "finalLink": "https://www.sec.gov/Archives/edgar/data/769520/000089155402001659/d50212form_10-k.htm", "calculatedOtherExpenses": 0, "calculatedOperatingExpenses": 23570000, "calculatedNetInterest": 0, "calculatedOtherIncome": -1534000, "calculatedIncomeNonControlling": 0, "calculatedEbitda": 11516000}, {"date": "2000-12-30", "symbol": "MIDD", "reportedCurrency": "USD", "cik": "0000769520", "fillingDate": "2001-03-30", "acceptedDate": "2001-03-30 00:00:00", "calendarYear": "2000", "period": "FY", "revenue": 126888000, "costOfRevenue": 78041000, "grossProfit": 48847000, "grossProfitRatio": 0.3849615409, "researchAndDevelopmentExpenses": 0, "generalAndAdministrativeExpenses": 0, "sellingAndMarketingExpenses": 0, "sellingGeneralAndAdministrativeExpenses": 33336000, "otherExpenses": 3661000, "operatingExpenses": 36997000, "costAndExpenses": 115038000, "interestIncome": 0, "interestExpense": 1204000, "depreciationAndAmortization": 3661000, "ebitda": 17014000, "ebitdaratio": 0.1340867537, "operatingIncome": 11850000, "operatingIncomeRatio": 0.0933894458, "totalOtherIncomeExpensesNet": -1503000, "incomeBeforeTax": 9143000, "incomeBeforeTaxRatio": 0.0720556711, "incomeTaxExpense": 5370000, "netIncome": 4008000, "netIncomeRatio": 0.0315869113, "eps": 0.0583, "epsdiluted": 0.0583, "weightedAverageShsOut": 59826000, "weightedAverageShsOutDil": 60546000, "link": "https://www.sec.gov/Archives/edgar/data/769520/000089155401501703/0000891554-01-501703-index.htm", "finalLink": "https://www.sec.gov/Archives/edgar/data/769520/000089155401501703/d70434_10k.txt", "calculatedOtherExpenses": 3661000, "calculatedOperatingExpenses": 36997000, "calculatedNetInterest": -1204000, "calculatedOtherIncome": -1503000, "calculatedIncomeNonControlling": -235000, "calculatedEbitda": 15511000}, {"date": "1999-12-31", "symbol": "MIDD", "reportedCurrency": "USD", "cik": "0000769520", "fillingDate": "2000-03-31", "acceptedDate": "2000-03-31 00:00:00", "calendarYear": "1999", "period": "FY", "revenue": 132500000, "costOfRevenue": 88100000, "grossProfit": 44400000, "grossProfitRatio": 0.3350943396, "researchAndDevelopmentExpenses": 0, "generalAndAdministrativeExpenses": 0, "sellingAndMarketingExpenses": 0, "sellingGeneralAndAdministrativeExpenses": 33100000, "otherExpenses": 3500000, "operatingExpenses": 36600000, "costAndExpenses": 124700000, "interestIncome": 0, "interestExpense": 0, "depreciationAndAmortization": 3500000, "ebitda": 14300000, "ebitdaratio": 0.1079245283, "operatingIncome": 7800000, "operatingIncomeRatio": 0.0588679245, "totalOtherIncomeExpensesNet": -3000000, "incomeBeforeTax": 2200000, "incomeBeforeTaxRatio": 0.0166037736, "incomeTaxExpense": 3200000, "netIncome": -1000000, "netIncomeRatio": -0.0075471698, "eps": -0.0164, "epsdiluted": -0.0162, "weightedAverageShsOut": 60966000, "weightedAverageShsOutDil": 61662000, "link": "https://www.sec.gov/Archives/edgar/data/769520/000089155400000914/0000891554-00-000914-index.html", "finalLink": "https://www.sec.gov/Archives/edgar/data/769520/000089155400000914/0000891554-00-000914-d1.html", "calculatedOtherExpenses": 3500000, "calculatedOperatingExpenses": 36600000, "calculatedNetInterest": 0, "calculatedOtherIncome": -5600000, "calculatedIncomeNonControlling": 0, "calculatedEbitda": 11300000}, {"date": "1998-12-31", "symbol": "MIDD", "reportedCurrency": "USD", "cik": "0000769520", "fillingDate": "1999-04-02", "acceptedDate": "1999-04-02 00:00:00", "calendarYear": "1998", "period": "FY", "revenue": 132300000, "costOfRevenue": 92900000, "grossProfit": 39400000, "grossProfitRatio": 0.2978080121, "researchAndDevelopmentExpenses": 0, "generalAndAdministrativeExpenses": 0, "sellingAndMarketingExpenses": 0, "sellingGeneralAndAdministrativeExpenses": 33100000, "otherExpenses": 3200000, "operatingExpenses": 36300000, "costAndExpenses": 129200000, "interestIncome": 0, "interestExpense": 0, "depreciationAndAmortization": 3200000, "ebitda": 10700000, "ebitdaratio": 0.0808767952, "operatingIncome": 3100000, "operatingIncomeRatio": 0.0234315949, "totalOtherIncomeExpensesNet": -4400000, "incomeBeforeTax": -4200000, "incomeBeforeTaxRatio": -0.0317460317, "incomeTaxExpense": -200000, "netIncome": -4000000, "netIncomeRatio": -0.0302343159, "eps": -0.0617, "epsdiluted": -0.0617, "weightedAverageShsOut": 64864865, "weightedAverageShsOutDil": 64864865, "link": "https://www.sec.gov/Archives/edgar/data/769520/000089155499000682/0000891554-99-000682-index.html", "finalLink": "https://www.sec.gov/Archives/edgar/data/769520/", "calculatedOtherExpenses": 3200000, "calculatedOperatingExpenses": 36300000, "calculatedNetInterest": 0, "calculatedOtherIncome": -7300000, "calculatedIncomeNonControlling": 0, "calculatedEbitda": 6300000}, {"date": "1997-12-31", "symbol": "MIDD", "reportedCurrency": "USD", "cik": "0000769520", "fillingDate": "1998-03-27", "acceptedDate": "1998-03-27 00:00:00", "calendarYear": "1997", "period": "FY", "revenue": 148300000, "costOfRevenue": 99500000, "grossProfit": 48800000, "grossProfitRatio": 0.3290627107, "researchAndDevelopmentExpenses": 0, "generalAndAdministrativeExpenses": 0, "sellingAndMarketingExpenses": 0, "sellingGeneralAndAdministrativeExpenses": 32800000, "otherExpenses": 3000000, "operatingExpenses": 35800000, "costAndExpenses": 135300000, "interestIncome": 0, "interestExpense": 0, "depreciationAndAmortization": 3000000, "ebitda": 16400000, "ebitdaratio": 0.1105866487, "operatingIncome": 13000000, "operatingIncomeRatio": 0.0876601483, "totalOtherIncomeExpensesNet": -400000, "incomeBeforeTax": 8300000, "incomeBeforeTaxRatio": 0.0559676332, "incomeTaxExpense": 2500000, "netIncome": 5200000, "netIncomeRatio": 0.0350640593, "eps": 0.0983, "epsdiluted": 0.0967, "weightedAverageShsOut": 52881356, "weightedAverageShsOutDil": 53793103, "link": "https://www.sec.gov/Archives/edgar/data/769520/000104746998012098/0001047469-98-012098-index.html", "finalLink": "https://www.sec.gov/Archives/edgar/data/769520/", "calculatedOtherExpenses": 3000000, "calculatedOperatingExpenses": 35800000, "calculatedNetInterest": 0, "calculatedOtherIncome": -4700000, "calculatedIncomeNonControlling": 600000, "calculatedEbitda": 16000000}, {"date": "1996-12-28", "symbol": "MIDD", "reportedCurrency": "USD", "cik": "0000769520", "fillingDate": "1997-03-28", "acceptedDate": "1997-03-28 00:00:00", "calendarYear": "1996", "period": "FY", "revenue": 124800000, "costOfRevenue": 84500000, "grossProfit": 40300000, "grossProfitRatio": 0.3229166667, "researchAndDevelopmentExpenses": 0, "generalAndAdministrativeExpenses": 0, "sellingAndMarketingExpenses": 0, "sellingGeneralAndAdministrativeExpenses": 28800000, "otherExpenses": 2800000, "operatingExpenses": 31600000, "costAndExpenses": 116100000, "interestIncome": 0, "interestExpense": 0, "depreciationAndAmortization": 2800000, "ebitda": 11400000, "ebitdaratio": 0.0913461538, "operatingIncome": 8700000, "operatingIncomeRatio": 0.0697115385, "totalOtherIncomeExpensesNet": 100000, "incomeBeforeTax": 4500000, "incomeBeforeTaxRatio": 0.0360576923, "incomeTaxExpense": 1400000, "netIncome": 500000, "netIncomeRatio": 0.0040064103, "eps": 0.01, "epsdiluted": 0.0083, "weightedAverageShsOut": 50000000, "weightedAverageShsOutDil": 60000000, "link": "https://www.sec.gov/Archives/edgar/data/769520/000091205797010639/0000912057-97-010639-index.html", "finalLink": "https://www.sec.gov/Archives/edgar/data/769520/", "calculatedOtherExpenses": 2800000, "calculatedOperatingExpenses": 31600000, "calculatedNetInterest": 0, "calculatedOtherIncome": -4200000, "calculatedIncomeNonControlling": 2600000, "calculatedEbitda": 11500000}, {"date": "1995-12-30", "symbol": "MIDD", "reportedCurrency": "USD", "cik": "0000769520", "fillingDate": "1996-03-29", "acceptedDate": "1996-03-29 00:00:00", "calendarYear": "1995", "period": "FY", "revenue": 139200000, "costOfRevenue": 96100000, "grossProfit": 43100000, "grossProfitRatio": 0.3096264368, "researchAndDevelopmentExpenses": 0, "generalAndAdministrativeExpenses": 0, "sellingAndMarketingExpenses": 0, "sellingGeneralAndAdministrativeExpenses": 29400000, "otherExpenses": 3400000, "operatingExpenses": 32800000, "costAndExpenses": 128900000, "interestIncome": 0, "interestExpense": 0, "depreciationAndAmortization": 3400000, "ebitda": 15200000, "ebitdaratio": 0.1091954023, "operatingIncome": 10300000, "operatingIncomeRatio": 0.0739942529, "totalOtherIncomeExpensesNet": -1500000, "incomeBeforeTax": 3600000, "incomeBeforeTaxRatio": 0.025862069, "incomeTaxExpense": 100000, "netIncome": 3500000, "netIncomeRatio": 0.0251436782, "eps": 0.0667, "epsdiluted": 0.0667, "weightedAverageShsOut": 52500000, "weightedAverageShsOutDil": 52500000, "link": "https://www.sec.gov/Archives/edgar/data/769520/000091205796005583/0000912057-96-005583-index.html", "finalLink": "https://www.sec.gov/Archives/edgar/data/769520/", "calculatedOtherExpenses": 3400000, "calculatedOperatingExpenses": 32800000, "calculatedNetInterest": 0, "calculatedOtherIncome": -6700000, "calculatedIncomeNonControlling": 0, "calculatedEbitda": 13700000}, {"date": "1994-12-31", "symbol": "MIDD", "reportedCurrency": "USD", "cik": "0000769520", "fillingDate": "1994-12-31", "acceptedDate": "1994-12-30 19:00:00", "calendarYear": "1994", "period": "FY", "revenue": 130000000, "costOfRevenue": 91300000, "grossProfit": 38700000, "grossProfitRatio": 0.2976923077, "researchAndDevelopmentExpenses": 0, "generalAndAdministrativeExpenses": 0, "sellingAndMarketingExpenses": 0, "sellingGeneralAndAdministrativeExpenses": 27500000, "otherExpenses": 2400000, "operatingExpenses": 29900000, "costAndExpenses": 121200000, "interestIncome": 0, "interestExpense": 0, "depreciationAndAmortization": 2400000, "ebitda": 12000000, "ebitdaratio": 0.0923076923, "operatingIncome": 8800000, "operatingIncomeRatio": 0.0676923077, "totalOtherIncomeExpensesNet": -800000, "incomeBeforeTax": 4000000, "incomeBeforeTaxRatio": 0.0307692308, "incomeTaxExpense": 900000, "netIncome": 3100000, "netIncomeRatio": 0.0238461538, "eps": 0.055, "epsdiluted": 0.0533, "weightedAverageShsOut": 56363636, "weightedAverageShsOutDil": 58125000, "link": "", "finalLink": "", "calculatedOtherExpenses": 2400000, "calculatedOperatingExpenses": 29900000, "calculatedNetInterest": 0, "calculatedOtherIncome": -4800000, "calculatedIncomeNonControlling": 0, "calculatedEbitda": 11200000}, {"date": "1993-12-31", "symbol": "MIDD", "reportedCurrency": "USD", "cik": "0000769520", "fillingDate": "1993-12-31", "acceptedDate": "1993-12-30 19:00:00", "calendarYear": "1993", "period": "FY", "revenue": 121600000, "costOfRevenue": 88300000, "grossProfit": 33300000, "grossProfitRatio": 0.2738486842, "researchAndDevelopmentExpenses": 0, "generalAndAdministrativeExpenses": 0, "sellingAndMarketingExpenses": 0, "sellingGeneralAndAdministrativeExpenses": 28700000, "otherExpenses": 3100000, "operatingExpenses": 31800000, "costAndExpenses": 120100000, "interestIncome": 0, "interestExpense": 0, "depreciationAndAmortization": 3100000, "ebitda": -2600000, "ebitdaratio": -0.0213815789, "operatingIncome": 1500000, "operatingIncomeRatio": 0.0123355263, "totalOtherIncomeExpensesNet": 7200000, "incomeBeforeTax": 3600000, "incomeBeforeTaxRatio": 0.0296052632, "incomeTaxExpense": 200000, "netIncome": 3400000, "netIncomeRatio": 0.0279605263, "eps": 0.28, "epsdiluted": 0.28, "weightedAverageShsOut": 49411765, "weightedAverageShsOutDil": 49411765, "link": "", "finalLink": "", "calculatedOtherExpenses": 3100000, "calculatedOperatingExpenses": 31800000, "calculatedNetInterest": 0, "calculatedOtherIncome": 2100000, "calculatedIncomeNonControlling": 0, "calculatedEbitda": 4600000}, {"date": "1992-12-31", "symbol": "MIDD", "reportedCurrency": "USD", "cik": "0000769520", "fillingDate": "1992-12-31", "acceptedDate": "1992-12-30 19:00:00", "calendarYear": "1992", "period": "FY", "revenue": 110000000, "costOfRevenue": 73100000, "grossProfit": 36900000, "grossProfitRatio": 0.3354545455, "researchAndDevelopmentExpenses": 0, "generalAndAdministrativeExpenses": 0, "sellingAndMarketingExpenses": 0, "sellingGeneralAndAdministrativeExpenses": 27700000, "otherExpenses": 3900000, "operatingExpenses": 31600000, "costAndExpenses": 104700000, "interestIncome": 0, "interestExpense": 0, "depreciationAndAmortization": 3900000, "ebitda": 10300000, "ebitdaratio": 0.0936363636, "operatingIncome": 5300000, "operatingIncomeRatio": 0.0481818182, "totalOtherIncomeExpensesNet": -1100000, "incomeBeforeTax": 4200000, "incomeBeforeTaxRatio": 0.0381818182, "incomeTaxExpense": 7200000, "netIncome": -1900000, "netIncomeRatio": -0.0172727273, "eps": -0.0383, "epsdiluted": -0.0383, "weightedAverageShsOut": 49565217, "weightedAverageShsOutDil": 49565217, "link": "", "finalLink": "", "calculatedOtherExpenses": 3900000, "calculatedOperatingExpenses": 31600000, "calculatedNetInterest": 0, "calculatedOtherIncome": -1100000, "calculatedIncomeNonControlling": -1100000, "calculatedEbitda": 9200000}, {"date": "1991-12-31", "symbol": "MIDD", "reportedCurrency": "USD", "cik": "0000769520", "fillingDate": "1991-12-31", "acceptedDate": "1991-12-30 19:00:00", "calendarYear": "1991", "period": "FY", "revenue": 103000000, "costOfRevenue": 68100000, "grossProfit": 34900000, "grossProfitRatio": 0.3388349515, "researchAndDevelopmentExpenses": 0, "generalAndAdministrativeExpenses": 0, "sellingAndMarketingExpenses": 0, "sellingGeneralAndAdministrativeExpenses": 29600000, "otherExpenses": 4200000, "operatingExpenses": 33800000, "costAndExpenses": 101900000, "interestIncome": 0, "interestExpense": 0, "depreciationAndAmortization": 4200000, "ebitda": 6500000, "ebitdaratio": 0.0631067961, "operatingIncome": 1100000, "operatingIncomeRatio": 0.0106796117, "totalOtherIncomeExpensesNet": -1200000, "incomeBeforeTax": -100000, "incomeBeforeTaxRatio": -0.0009708738, "incomeTaxExpense": 8600000, "netIncome": -7500000, "netIncomeRatio": -0.072815534, "eps": -0.15, "epsdiluted": -0.15, "weightedAverageShsOut": 50000000, "weightedAverageShsOutDil": 50000000, "link": "", "finalLink": "", "calculatedOtherExpenses": 4200000, "calculatedOperatingExpenses": 33800000, "calculatedNetInterest": 0, "calculatedOtherIncome": -1200000, "calculatedIncomeNonControlling": -1200000, "calculatedEbitda": 5300000}, {"date": "1990-12-31", "symbol": "MIDD", "reportedCurrency": "USD", "cik": "0000769520", "fillingDate": "1990-12-31", "acceptedDate": "1990-12-30 19:00:00", "calendarYear": "1990", "period": "FY", "revenue": 113000000, "costOfRevenue": 75000000, "grossProfit": 38000000, "grossProfitRatio": 0.3362831858, "researchAndDevelopmentExpenses": 0, "generalAndAdministrativeExpenses": 0, "sellingAndMarketingExpenses": 0, "sellingGeneralAndAdministrativeExpenses": 25400000, "otherExpenses": 4100000, "operatingExpenses": 29500000, "costAndExpenses": 104500000, "interestIncome": 0, "interestExpense": 0, "depreciationAndAmortization": 4100000, "ebitda": 13800000, "ebitdaratio": 0.1221238938, "operatingIncome": 8500000, "operatingIncomeRatio": 0.0752212389, "totalOtherIncomeExpensesNet": -1200000, "incomeBeforeTax": -900000, "incomeBeforeTaxRatio": -0.0079646018, "incomeTaxExpense": 100000, "netIncome": -1000000, "netIncomeRatio": -0.0088495575, "eps": -0.02, "epsdiluted": -0.02, "weightedAverageShsOut": 50000000, "weightedAverageShsOutDil": 50000000, "link": "", "finalLink": "", "calculatedOtherExpenses": 4100000, "calculatedOperatingExpenses": 29500000, "calculatedNetInterest": 0, "calculatedOtherIncome": -9400000, "calculatedIncomeNonControlling": 0, "calculatedEbitda": 12600000}, {"date": "1989-12-31", "symbol": "MIDD", "reportedCurrency": "USD", "cik": "0000769520", "fillingDate": "1989-12-31", "acceptedDate": "1989-12-30 19:00:00", "calendarYear": "1989", "period": "FY", "revenue": 72200000, "costOfRevenue": 48600000, "grossProfit": 23600000, "grossProfitRatio": 0.3268698061, "researchAndDevelopmentExpenses": 0, "generalAndAdministrativeExpenses": 0, "sellingAndMarketingExpenses": 0, "sellingGeneralAndAdministrativeExpenses": 16100000, "otherExpenses": 2200000, "operatingExpenses": 18300000, "costAndExpenses": 66900000, "interestIncome": 0, "interestExpense": 0, "depreciationAndAmortization": 2200000, "ebitda": 8200000, "ebitdaratio": 0.1135734072, "operatingIncome": 5300000, "operatingIncomeRatio": 0.0734072022, "totalOtherIncomeExpensesNet": -700000, "incomeBeforeTax": 1100000, "incomeBeforeTaxRatio": 0.0152354571, "incomeTaxExpense": 500000, "netIncome": 600000, "netIncomeRatio": 0.0083102493, "eps": 0.0117, "epsdiluted": 0.0117, "weightedAverageShsOut": 51428571, "weightedAverageShsOutDil": 51428571, "link": "", "finalLink": "", "calculatedOtherExpenses": 2200000, "calculatedOperatingExpenses": 18300000, "calculatedNetInterest": 0, "calculatedOtherIncome": -4200000, "calculatedIncomeNonControlling": 0, "calculatedEbitda": 7500000}, {"date": "1988-12-31", "symbol": "MIDD", "reportedCurrency": "USD", "cik": "0000769520", "fillingDate": "1988-12-31", "acceptedDate": "1988-12-30 19:00:00", "calendarYear": "1988", "period": "FY", "revenue": 34200000, "costOfRevenue": 19000000, "grossProfit": 15200000, "grossProfitRatio": 0.4444444444, "researchAndDevelopmentExpenses": 0, "generalAndAdministrativeExpenses": 0, "sellingAndMarketingExpenses": 0, "sellingGeneralAndAdministrativeExpenses": 8000000, "otherExpenses": 900000, "operatingExpenses": 8900000, "costAndExpenses": 27900000, "interestIncome": 0, "interestExpense": 0, "depreciationAndAmortization": 900000, "ebitda": 7100000, "ebitdaratio": 0.2076023392, "operatingIncome": 6300000, "operatingIncomeRatio": 0.1842105263, "totalOtherIncomeExpensesNet": 100000, "incomeBeforeTax": 5300000, "incomeBeforeTaxRatio": 0.1549707602, "incomeTaxExpense": 1100000, "netIncome": 4200000, "netIncomeRatio": 0.1228070175, "eps": 0.095, "epsdiluted": 0.095, "weightedAverageShsOut": 44210526, "weightedAverageShsOutDil": 44210526, "link": "", "finalLink": "", "calculatedOtherExpenses": 900000, "calculatedOperatingExpenses": 8900000, "calculatedNetInterest": 0, "calculatedOtherIncome": -1000000, "calculatedIncomeNonControlling": 0, "calculatedEbitda": 7200000}, {"date": "1987-12-31", "symbol": "MIDD", "reportedCurrency": "USD", "cik": "0000769520", "fillingDate": "1987-12-31", "acceptedDate": "1987-12-30 19:00:00", "calendarYear": "1987", "period": "FY", "revenue": 29100000, "costOfRevenue": 17000000, "grossProfit": 12100000, "grossProfitRatio": 0.4158075601, "researchAndDevelopmentExpenses": 0, "generalAndAdministrativeExpenses": 0, "sellingAndMarketingExpenses": 0, "sellingGeneralAndAdministrativeExpenses": 6500000, "otherExpenses": 800000, "operatingExpenses": 7300000, "costAndExpenses": 24300000, "interestIncome": 0, "interestExpense": 0, "depreciationAndAmortization": 800000, "ebitda": 7600000, "ebitdaratio": 0.2611683849, "operatingIncome": 4800000, "operatingIncomeRatio": 0.1649484536, "totalOtherIncomeExpensesNet": -2000000, "incomeBeforeTax": 1300000, "incomeBeforeTaxRatio": 0.0446735395, "incomeTaxExpense": 700000, "netIncome": 600000, "netIncomeRatio": 0.0206185567, "eps": 0.0133, "epsdiluted": 0.0133, "weightedAverageShsOut": 45000000, "weightedAverageShsOutDil": 45000000, "link": "", "finalLink": "", "calculatedOtherExpenses": 800000, "calculatedOperatingExpenses": 7300000, "calculatedNetInterest": 0, "calculatedOtherIncome": -3500000, "calculatedIncomeNonControlling": 0, "calculatedEbitda": 5600000}, {"date": "1986-12-31", "symbol": "MIDD", "reportedCurrency": "USD", "cik": "0000769520", "fillingDate": "1986-12-31", "acceptedDate": "1986-12-30 19:00:00", "calendarYear": "1986", "period": "FY", "revenue": 24600000, "costOfRevenue": 15900000, "grossProfit": 8700000, "grossProfitRatio": 0.3536585366, "researchAndDevelopmentExpenses": 0, "generalAndAdministrativeExpenses": 0, "sellingAndMarketingExpenses": 0, "sellingGeneralAndAdministrativeExpenses": 7300000, "otherExpenses": 700000, "operatingExpenses": 8000000, "costAndExpenses": 23900000, "interestIncome": 0, "interestExpense": 0, "depreciationAndAmortization": 700000, "ebitda": 1500000, "ebitdaratio": 0.0609756098, "operatingIncome": 700000, "operatingIncomeRatio": 0.0284552846, "totalOtherIncomeExpensesNet": -100000, "incomeBeforeTax": 600000, "incomeBeforeTaxRatio": 0.0243902439, "incomeTaxExpense": 1800000, "netIncome": -1100000, "netIncomeRatio": -0.0447154472, "eps": -0.0367, "epsdiluted": -0.0367, "weightedAverageShsOut": 30000000, "weightedAverageShsOutDil": 30000000, "link": "", "finalLink": "", "calculatedOtherExpenses": 700000, "calculatedOperatingExpenses": 8000000, "calculatedNetInterest": 0, "calculatedOtherIncome": -100000, "calculatedIncomeNonControlling": -100000, "calculatedEbitda": 1400000}, {"date": "1985-12-31", "symbol": "MIDD", "reportedCurrency": "USD", "cik": "0000769520", "fillingDate": "1985-12-31", "acceptedDate": "1985-12-30 19:00:00", "calendarYear": "1985", "period": "FY", "revenue": 27800000, "costOfRevenue": 16600000, "grossProfit": 11200000, "grossProfitRatio": 0.4028776978, "researchAndDevelopmentExpenses": 0, "generalAndAdministrativeExpenses": 0, "sellingAndMarketingExpenses": 0, "sellingGeneralAndAdministrativeExpenses": 7800000, "otherExpenses": 800000, "operatingExpenses": 8600000, "costAndExpenses": 25200000, "interestIncome": 0, "interestExpense": 0, "depreciationAndAmortization": 800000, "ebitda": 3400000, "ebitdaratio": 0.1223021583, "operatingIncome": 2600000, "operatingIncomeRatio": 0.0935251799, "totalOtherIncomeExpensesNet": -2100000, "incomeBeforeTax": 500000, "incomeBeforeTaxRatio": 0.0179856115, "incomeTaxExpense": 400000, "netIncome": 100000, "netIncomeRatio": 0.0035971223, "eps": 0.0033, "epsdiluted": 0.0033, "weightedAverageShsOut": 30000000, "weightedAverageShsOutDil": 30000000, "link": "", "finalLink": "", "calculatedOtherExpenses": 800000, "calculatedOperatingExpenses": 8600000, "calculatedNetInterest": 0, "calculatedOtherIncome": -2100000, "calculatedIncomeNonControlling": 0, "calculatedEbitda": 3400000}]}