{"originalCurrency": "USD", "convertedCurrency": "USD", "report": [{"date": "2023-11-30", "symbol": "MKC", "reportedCurrency": "USD", "cik": "0000063754", "fillingDate": "2024-01-25", "acceptedDate": "2024-01-25 16:25:07", "calendarYear": "2023", "period": "FY", "revenue": 6662200000, "costOfRevenue": 4159700000, "grossProfit": 2502500000, "grossProfitRatio": 0.3756266699, "researchAndDevelopmentExpenses": 94900000, "generalAndAdministrativeExpenses": 1231200000, "sellingAndMarketingExpenses": 247100000, "sellingGeneralAndAdministrativeExpenses": 1478300000, "otherExpenses": 8500000, "operatingExpenses": 1478300000, "costAndExpenses": 5638000000, "interestIncome": 36600000, "interestExpense": 208200000, "depreciationAndAmortization": 199300000, "ebitda": 1268600000, "ebitdaratio": 0.1904175798, "operatingIncome": 963000000, "operatingIncomeRatio": 0.1445468464, "totalOtherIncomeExpensesNet": -53900000, "incomeBeforeTax": 798700000, "incomeBeforeTaxRatio": 0.1198853232, "incomeTaxExpense": 174500000, "netIncome": 680600000, "netIncomeRatio": 0.1021584462, "eps": 2.54, "epsdiluted": 2.52, "weightedAverageShsOut": 268399999, "weightedAverageShsOutDil": 269800000, "link": "https://www.sec.gov/Archives/edgar/data/63754/000006375424000027/0000063754-24-000027-index.htm", "finalLink": "https://www.sec.gov/Archives/edgar/data/63754/000006375424000027/mkc-20231130.htm", "calculatedOtherExpenses": -33700000, "calculatedOperatingExpenses": 1539500000, "calculatedNetInterest": -171600000, "calculatedOtherIncome": 7300000, "calculatedIncomeNonControlling": -56400000, "calculatedEbitda": 1162300000}, {"date": "2022-11-30", "symbol": "MKC", "reportedCurrency": "USD", "cik": "0000063754", "fillingDate": "2023-01-26", "acceptedDate": "2023-01-26 16:59:17", "calendarYear": "2022", "period": "FY", "revenue": 6350500000, "costOfRevenue": 4076000000, "grossProfit": 2274500000, "grossProfitRatio": 0.3581607747, "researchAndDevelopmentExpenses": 87500000, "generalAndAdministrativeExpenses": 1116700000, "sellingAndMarketingExpenses": 240400000, "sellingGeneralAndAdministrativeExpenses": 1357100000, "otherExpenses": 30900000, "operatingExpenses": 1357100000, "costAndExpenses": 5433100000, "interestIncome": 17800000, "interestExpense": 149100000, "depreciationAndAmortization": 303100000, "ebitda": 1166700000, "ebitdaratio": 0.1837178175, "operatingIncome": 863600000, "operatingIncomeRatio": 0.1359892922, "totalOtherIncomeExpensesNet": -50800000, "incomeBeforeTax": 812800000, "incomeBeforeTaxRatio": 0.1279899221, "incomeTaxExpense": 168600000, "netIncome": 682000000, "netIncomeRatio": 0.1073931187, "eps": 2.54, "epsdiluted": 2.52, "weightedAverageShsOut": 268200000, "weightedAverageShsOutDil": 270200000, "link": "https://www.sec.gov/Archives/edgar/data/63754/000006375423000005/0000063754-23-000005-index.htm", "finalLink": "https://www.sec.gov/Archives/edgar/data/63754/000006375423000005/mkc-20221130.htm", "calculatedOtherExpenses": -33700000, "calculatedOperatingExpenses": 1410900000, "calculatedNetInterest": -131300000, "calculatedOtherIncome": 80500000, "calculatedIncomeNonControlling": -37800000, "calculatedEbitda": 1166700000}, {"date": "2021-11-30", "symbol": "MKC", "reportedCurrency": "USD", "cik": "0000063754", "fillingDate": "2022-01-27", "acceptedDate": "2022-01-27 16:20:45", "calendarYear": "2021", "period": "FY", "revenue": 6317900000, "costOfRevenue": 3823300000, "grossProfit": 2494600000, "grossProfitRatio": 0.3948463888, "researchAndDevelopmentExpenses": 87300000, "generalAndAdministrativeExpenses": 1166300000, "sellingAndMarketingExpenses": 237800000, "sellingGeneralAndAdministrativeExpenses": 1404100000, "otherExpenses": 8000000, "operatingExpenses": 1404100000, "costAndExpenses": 5227400000, "interestIncome": 9300000, "interestExpense": 136600000, "depreciationAndAmortization": 279000000, "ebitda": 1294100000, "ebitdaratio": 0.2048307191, "operatingIncome": 1015100000, "operatingIncomeRatio": 0.1606704759, "totalOtherIncomeExpensesNet": -119300000, "incomeBeforeTax": 895800000, "incomeBeforeTaxRatio": 0.1417876193, "incomeTaxExpense": 192700000, "netIncome": 755300000, "netIncomeRatio": 0.1195492173, "eps": 2.83, "epsdiluted": 2.8, "weightedAverageShsOut": 267300000, "weightedAverageShsOutDil": 269900000, "link": "https://www.sec.gov/Archives/edgar/data/63754/000006375422000005/0000063754-22-000005-index.htm", "finalLink": "https://www.sec.gov/Archives/edgar/data/63754/000006375422000005/mkc-20211130.htm", "calculatedOtherExpenses": -11900000, "calculatedOperatingExpenses": 1479500000, "calculatedNetInterest": -127300000, "calculatedOtherIncome": 8000000, "calculatedIncomeNonControlling": -52200000, "calculatedEbitda": 1294100000}, {"date": "2020-11-30", "symbol": "MKC", "reportedCurrency": "USD", "cik": "0000063754", "fillingDate": "2021-01-28", "acceptedDate": "2021-01-28 17:10:50", "calendarYear": "2020", "period": "FY", "revenue": 5601300000, "costOfRevenue": 3300900000, "grossProfit": 2300400000, "grossProfitRatio": 0.4106903754, "researchAndDevelopmentExpenses": 68600000, "generalAndAdministrativeExpenses": 1281600000, "sellingAndMarketingExpenses": 230300000, "sellingGeneralAndAdministrativeExpenses": 1281600000, "otherExpenses": 10700000, "operatingExpenses": 1281600000, "costAndExpenses": 4582500000, "interestIncome": 7800000, "interestExpense": 135600000, "depreciationAndAmortization": 195000000, "ebitda": 1194500000, "ebitdaratio": 0.213254066, "operatingIncome": 999500000, "operatingIncomeRatio": 0.1784407191, "totalOtherIncomeExpensesNet": -118000000, "incomeBeforeTax": 881500000, "incomeBeforeTaxRatio": 0.157374181, "incomeTaxExpense": 174900000, "netIncome": 747400000, "netIncomeRatio": 0.1334333101, "eps": 2.8, "epsdiluted": 2.78, "weightedAverageShsOut": 266500000, "weightedAverageShsOutDil": 269100000, "link": "https://www.sec.gov/Archives/edgar/data/63754/000006375421000020/0000063754-21-000020-index.htm", "finalLink": "https://www.sec.gov/Archives/edgar/data/63754/000006375421000020/mkc-20201130.htm", "calculatedOtherExpenses": -49300000, "calculatedOperatingExpenses": 1300900000, "calculatedNetInterest": -127800000, "calculatedOtherIncome": 9800000, "calculatedIncomeNonControlling": -40800000, "calculatedEbitda": 1194500000}, {"date": "2019-11-30", "symbol": "MKC", "reportedCurrency": "USD", "cik": "0000063754", "fillingDate": "2020-01-28", "acceptedDate": "2020-01-28 17:23:28", "calendarYear": "2019", "period": "FY", "revenue": 5347400000, "costOfRevenue": 3202100000, "grossProfit": 2145300000, "grossProfitRatio": 0.4011856229, "researchAndDevelopmentExpenses": 67300000, "generalAndAdministrativeExpenses": 1166800000, "sellingAndMarketingExpenses": 214600000, "sellingGeneralAndAdministrativeExpenses": 1166800000, "otherExpenses": 5900000, "operatingExpenses": 1166800000, "costAndExpenses": 4368900000, "interestIncome": 155100000, "interestExpense": 165200000, "depreciationAndAmortization": 185500000, "ebitda": 1143200000, "ebitdaratio": 0.2137861391, "operatingIncome": 957700000, "operatingIncomeRatio": 0.1790963833, "totalOtherIncomeExpensesNet": -138500000, "incomeBeforeTax": 819200000, "incomeBeforeTaxRatio": 0.1531959457, "incomeTaxExpense": 157400000, "netIncome": 702700000, "netIncomeRatio": 0.131409657, "eps": 2.65, "epsdiluted": 2.62, "weightedAverageShsOut": 265200000, "weightedAverageShsOutDil": 268200000, "link": "https://www.sec.gov/Archives/edgar/data/63754/000006375420000022/0000063754-20-000022-index.htm", "finalLink": "https://www.sec.gov/Archives/edgar/data/63754/000006375420000022/mkc-11302019x10kxq42019.htm", "calculatedOtherExpenses": -46500000, "calculatedOperatingExpenses": 1187600000, "calculatedNetInterest": -10100000, "calculatedOtherIncome": -128400000, "calculatedIncomeNonControlling": -40900000, "calculatedEbitda": 1143200000}, {"date": "2018-11-30", "symbol": "MKC", "reportedCurrency": "USD", "cik": "0000063754", "fillingDate": "2019-01-25", "acceptedDate": "2019-01-24 20:24:46", "calendarYear": "2018", "period": "FY", "revenue": 5302800000, "costOfRevenue": 3213700000, "grossProfit": 2089100000, "grossProfitRatio": 0.3939616806, "researchAndDevelopmentExpenses": 69400000, "generalAndAdministrativeExpenses": 1429500000, "sellingAndMarketingExpenses": -270300000, "sellingGeneralAndAdministrativeExpenses": 1159200000, "otherExpenses": 8500000, "operatingExpenses": 1159200000, "costAndExpenses": 4372900000, "interestIncome": 0, "interestExpense": 174600000, "depreciationAndAmortization": 150700000, "ebitda": 938400000, "ebitdaratio": 0.1769631138, "operatingIncome": 891100000, "operatingIncomeRatio": 0.1680432979, "totalOtherIncomeExpensesNet": -14000000, "incomeBeforeTax": 741300000, "incomeBeforeTaxRatio": 0.1397940711, "incomeTaxExpense": -157300000, "netIncome": 933400000, "netIncomeRatio": 0.1760202157, "eps": 3.55, "epsdiluted": 3.5, "weightedAverageShsOut": 263100000, "weightedAverageShsOutDil": 266500000, "link": "https://www.sec.gov/Archives/edgar/data/63754/000006375419000017/0000063754-19-000017-index.htm", "finalLink": "https://www.sec.gov/Archives/edgar/data/63754/000006375419000017/mkc-11302018x10kxq42018.htm", "calculatedOtherExpenses": -30600000, "calculatedOperatingExpenses": 1198000000, "calculatedNetInterest": -174600000, "calculatedOtherIncome": 24800000, "calculatedIncomeNonControlling": -34800000, "calculatedEbitda": 1041800000}, {"date": "2017-11-30", "symbol": "MKC", "reportedCurrency": "USD", "cik": "0000063754", "fillingDate": "2018-01-25", "acceptedDate": "2018-01-25 16:59:25", "calendarYear": "2017", "period": "FY", "revenue": 4834100000, "costOfRevenue": 2823900000, "grossProfit": 2010200000, "grossProfitRatio": 0.4158374878, "researchAndDevelopmentExpenses": 66099999, "generalAndAdministrativeExpenses": 1244800000, "sellingAndMarketingExpenses": 172500000, "sellingGeneralAndAdministrativeExpenses": 1244800000, "otherExpenses": -18700000, "operatingExpenses": 1244800000, "costAndExpenses": 4068700000, "interestIncome": 0, "interestExpense": 95700000, "depreciationAndAmortization": 125200000, "ebitda": 856500000, "ebitdaratio": 0.1771787923, "operatingIncome": 702400000, "operatingIncomeRatio": 0.1453010902, "totalOtherIncomeExpensesNet": -59500000, "incomeBeforeTax": 594800000, "incomeBeforeTaxRatio": 0.1230425519, "incomeTaxExpense": 151300000, "netIncome": 477400000, "netIncomeRatio": 0.0987567489, "eps": 1.88, "epsdiluted": 1.86, "weightedAverageShsOut": 253600000, "weightedAverageShsOutDil": 256800000, "link": "https://www.sec.gov/Archives/edgar/data/63754/000006375418000008/0000063754-18-000008-index.htm", "finalLink": "https://www.sec.gov/Archives/edgar/data/63754/000006375418000008/mkc-11302017x10kxq42017.htm", "calculatedOtherExpenses": -3099999, "calculatedOperatingExpenses": 1307800000, "calculatedNetInterest": -95700000, "calculatedOtherIncome": -11900000, "calculatedIncomeNonControlling": -33900000, "calculatedEbitda": 827600000}, {"date": "2016-11-30", "symbol": "MKC", "reportedCurrency": "USD", "cik": "0000063754", "fillingDate": "2017-01-25", "acceptedDate": "2017-01-25 16:49:00", "calendarYear": "2016", "period": "FY", "revenue": 4411500000, "costOfRevenue": 2579800000, "grossProfit": 1831700000, "grossProfitRatio": 0.4152102459, "researchAndDevelopmentExpenses": 61000000, "generalAndAdministrativeExpenses": 1175000000, "sellingAndMarketingExpenses": 343400000, "sellingGeneralAndAdministrativeExpenses": 1175000000, "otherExpenses": -11500000, "operatingExpenses": 1175000000, "costAndExpenses": 3754800000, "interestIncome": 0, "interestExpense": 56000000, "depreciationAndAmortization": 108700000, "ebitda": 753900000, "ebitdaratio": 0.1708942537, "operatingIncome": 641000000, "operatingIncomeRatio": 0.1453020515, "totalOtherIncomeExpensesNet": -11500000, "incomeBeforeTax": 589200000, "incomeBeforeTaxRatio": 0.1335600136, "incomeTaxExpense": 153000000, "netIncome": 472300000, "netIncomeRatio": 0.1070610903, "eps": 1.87, "epsdiluted": 1.84, "weightedAverageShsOut": 253200000, "weightedAverageShsOutDil": 256000000, "link": "https://www.sec.gov/Archives/edgar/data/63754/000006375417000014/0000063754-17-000014-index.htm", "finalLink": "https://www.sec.gov/Archives/edgar/data/63754/000006375417000014/mkc-11302016x10kxq42016.htm", "calculatedOtherExpenses": -45300000, "calculatedOperatingExpenses": 1190700000, "calculatedNetInterest": -56000000, "calculatedOtherIncome": 4200000, "calculatedIncomeNonControlling": -36100000, "calculatedEbitda": 749700000}, {"date": "2015-11-30", "symbol": "MKC", "reportedCurrency": "USD", "cik": "0000063754", "fillingDate": "2016-01-28", "acceptedDate": "2016-01-28 16:22:09", "calendarYear": "2015", "period": "FY", "revenue": 4296300000, "costOfRevenue": 2559000000, "grossProfit": 1737300000, "grossProfitRatio": 0.4043712031, "researchAndDevelopmentExpenses": 60800000, "generalAndAdministrativeExpenses": 1127400000, "sellingAndMarketingExpenses": 336400000, "sellingGeneralAndAdministrativeExpenses": 1127400000, "otherExpenses": -60400000, "operatingExpenses": 1127400000, "costAndExpenses": 3686400000, "interestIncome": 0, "interestExpense": 53300000, "depreciationAndAmortization": 105900000, "ebitda": 655400000, "ebitdaratio": 0.1525498685, "operatingIncome": 548400000, "operatingIncomeRatio": 0.1276447175, "totalOtherIncomeExpensesNet": -60400000, "incomeBeforeTax": 496200000, "incomeBeforeTaxRatio": 0.115494728, "incomeTaxExpense": 131300000, "netIncome": 401600000, "netIncomeRatio": 0.0934757815, "eps": 1.57, "epsdiluted": 1.55, "weightedAverageShsOut": 256000000, "weightedAverageShsOutDil": 258400000, "link": "https://www.sec.gov/Archives/edgar/data/63754/000006375416000063/0000063754-16-000063-index.htm", "finalLink": "https://www.sec.gov/Archives/edgar/data/63754/000006375416000063/mkc-11302015x10kxq42015.htm", "calculatedOtherExpenses": 700000, "calculatedOperatingExpenses": 1188900000, "calculatedNetInterest": -53300000, "calculatedOtherIncome": 1100000, "calculatedIncomeNonControlling": -36700000, "calculatedEbitda": 654300000}, {"date": "2014-11-30", "symbol": "MKC", "reportedCurrency": "USD", "cik": "0000063754", "fillingDate": "2015-01-29", "acceptedDate": "2015-01-29 15:39:34", "calendarYear": "2014", "period": "FY", "revenue": 4243200000, "costOfRevenue": 2513000000, "grossProfit": 1730200000, "grossProfitRatio": 0.4077582956, "researchAndDevelopmentExpenses": 62000000, "generalAndAdministrativeExpenses": 1122000000, "sellingAndMarketingExpenses": 326900000, "sellingGeneralAndAdministrativeExpenses": 1122000000, "otherExpenses": -4100000, "operatingExpenses": 1122000000, "costAndExpenses": 3635000000, "interestIncome": 0, "interestExpense": 49700000, "depreciationAndAmortization": 102700000, "ebitda": 706800000, "ebitdaratio": 0.1665723982, "operatingIncome": 603000000, "operatingIncomeRatio": 0.1421097285, "totalOtherIncomeExpensesNet": -4100000, "incomeBeforeTax": 554400000, "incomeBeforeTaxRatio": 0.1306561086, "incomeTaxExpense": 145900000, "netIncome": 437900000, "netIncomeRatio": 0.1032004148, "eps": 1.69, "epsdiluted": 1.67, "weightedAverageShsOut": 259800000, "weightedAverageShsOutDil": 262000000, "link": "https://www.sec.gov/Archives/edgar/data/63754/000006375415000013/0000063754-15-000013-index.htm", "finalLink": "https://www.sec.gov/Archives/edgar/data/63754/000006375415000013/mkc-11302014x10kxq42014.htm", "calculatedOtherExpenses": -56800000, "calculatedOperatingExpenses": 1127200000, "calculatedNetInterest": -49700000, "calculatedOtherIncome": 1100000, "calculatedIncomeNonControlling": -29400000, "calculatedEbitda": 705700000}, {"date": "2013-11-30", "symbol": "MKC", "reportedCurrency": "USD", "cik": "0000063754", "fillingDate": "2014-01-29", "acceptedDate": "2014-01-29 12:37:52", "calendarYear": "2013", "period": "FY", "revenue": 4123400000, "costOfRevenue": 2457600000, "grossProfit": 1665800000, "grossProfitRatio": 0.403987001, "researchAndDevelopmentExpenses": 61300000, "generalAndAdministrativeExpenses": 1090300000, "sellingAndMarketingExpenses": 304700000, "sellingGeneralAndAdministrativeExpenses": 1090300000, "otherExpenses": -22800000, "operatingExpenses": 1090300000, "costAndExpenses": 3547900000, "interestIncome": 0, "interestExpense": 53300000, "depreciationAndAmortization": 106000000, "ebitda": 658700000, "ebitdaratio": 0.1597468109, "operatingIncome": 550500000, "operatingIncomeRatio": 0.1335063297, "totalOtherIncomeExpensesNet": -22800000, "incomeBeforeTax": 499400000, "incomeBeforeTaxRatio": 0.1211136441, "incomeTaxExpense": 133600000, "netIncome": 389000000, "netIncomeRatio": 0.0943396226, "eps": 1.47, "epsdiluted": 1.46, "weightedAverageShsOut": 264200000, "weightedAverageShsOutDil": 267200000, "link": "https://www.sec.gov/Archives/edgar/data/63754/000006375414000008/0000063754-14-000008-index.htm", "finalLink": "https://www.sec.gov/Archives/edgar/data/63754/000006375414000008/mkc-11302013x10k.htm", "calculatedOtherExpenses": -36300000, "calculatedOperatingExpenses": 1115300000, "calculatedNetInterest": -53300000, "calculatedOtherIncome": 2200000, "calculatedIncomeNonControlling": -23200000, "calculatedEbitda": 656500000}, {"date": "2012-11-30", "symbol": "MKC", "reportedCurrency": "USD", "cik": "0000063754", "fillingDate": "2013-01-25", "acceptedDate": "2013-01-25 08:41:19", "calendarYear": "2012", "period": "FY", "revenue": 4014200000, "costOfRevenue": 2396400000, "grossProfit": 1617800000, "grossProfitRatio": 0.4030192816, "researchAndDevelopmentExpenses": 57800000, "generalAndAdministrativeExpenses": 1039500000, "sellingAndMarketingExpenses": 293100000, "sellingGeneralAndAdministrativeExpenses": 1039500000, "otherExpenses": 2400000, "operatingExpenses": 1039500000, "costAndExpenses": 3435900000, "interestIncome": 0, "interestExpense": 54600000, "depreciationAndAmortization": 102800000, "ebitda": 683500000, "ebitdaratio": 0.1702705396, "operatingIncome": 578300000, "operatingIncomeRatio": 0.1440635743, "totalOtherIncomeExpensesNet": 2400000, "incomeBeforeTax": 526100000, "incomeBeforeTaxRatio": 0.1310597379, "incomeTaxExpense": 139800000, "netIncome": 407800000, "netIncomeRatio": 0.1015893578, "eps": 1.54, "epsdiluted": 1.52, "weightedAverageShsOut": 265400000, "weightedAverageShsOutDil": 268600000, "link": "https://www.sec.gov/Archives/edgar/data/63754/000006375413000002/0000063754-13-000002-index.htm", "finalLink": "https://www.sec.gov/Archives/edgar/data/63754/000006375413000002/mkc-11302012x10k.htm", "calculatedOtherExpenses": -57800000, "calculatedOperatingExpenses": 1039500000, "calculatedNetInterest": -54600000, "calculatedOtherIncome": 2400000, "calculatedIncomeNonControlling": -21500000, "calculatedEbitda": 681100000}, {"date": "2011-11-30", "symbol": "MKC", "reportedCurrency": "USD", "cik": "0000063754", "fillingDate": "2012-01-27", "acceptedDate": "2012-01-27 10:06:33", "calendarYear": "2011", "period": "FY", "revenue": 3697600000, "costOfRevenue": 2175100000, "grossProfit": 1522500000, "grossProfitRatio": 0.4117535699, "researchAndDevelopmentExpenses": 0, "generalAndAdministrativeExpenses": 982200000, "sellingAndMarketingExpenses": 0, "sellingGeneralAndAdministrativeExpenses": 982200000, "otherExpenses": 0, "operatingExpenses": 982200000, "costAndExpenses": 3157300000, "interestIncome": 0, "interestExpense": 51200000, "depreciationAndAmortization": 98300000, "ebitda": 638600000, "ebitdaratio": 0.1727066205, "operatingIncome": 540300000, "operatingIncomeRatio": 0.1461218087, "totalOtherIncomeExpensesNet": 2300000, "incomeBeforeTax": 491400000, "incomeBeforeTaxRatio": 0.1328970143, "incomeTaxExpense": 142600000, "netIncome": 374200000, "netIncomeRatio": 0.1012007789, "eps": 1.41, "epsdiluted": 1.39, "weightedAverageShsOut": 265400000, "weightedAverageShsOutDil": 268600000, "link": "https://www.sec.gov/Archives/edgar/data/63754/000119312512026335/0001193125-12-026335-index.htm", "finalLink": "https://www.sec.gov/Archives/edgar/data/63754/000119312512026335/d226592d10k.htm", "calculatedOtherExpenses": 0, "calculatedOperatingExpenses": 982200000, "calculatedNetInterest": -51200000, "calculatedOtherIncome": 2300000, "calculatedIncomeNonControlling": -25400000, "calculatedEbitda": 638600000}, {"date": "2010-11-30", "symbol": "MKC", "reportedCurrency": "USD", "cik": "0000063754", "fillingDate": "2011-01-27", "acceptedDate": "2011-01-26 17:39:36", "calendarYear": "2010", "period": "FY", "revenue": 3336800000, "costOfRevenue": 1919100000, "grossProfit": 1417700000, "grossProfitRatio": 0.4248681371, "researchAndDevelopmentExpenses": 0, "generalAndAdministrativeExpenses": 907900000, "sellingAndMarketingExpenses": 0, "sellingGeneralAndAdministrativeExpenses": 907900000, "otherExpenses": 0, "operatingExpenses": 907900000, "costAndExpenses": 2827000000, "interestIncome": 0, "interestExpense": 49300000, "depreciationAndAmortization": 95100000, "ebitda": 509800000, "ebitdaratio": 0.1527811076, "operatingIncome": 509800000, "operatingIncomeRatio": 0.1527811076, "totalOtherIncomeExpensesNet": 2200000, "incomeBeforeTax": 462700000, "incomeBeforeTaxRatio": 0.1386657876, "incomeTaxExpense": 118000000, "netIncome": 370200000, "netIncomeRatio": 0.1109446176, "eps": 1.39, "epsdiluted": 1.37, "weightedAverageShsOut": 265800000, "weightedAverageShsOutDil": 269400000, "link": "https://www.sec.gov/Archives/edgar/data/63754/000119312511014958/0001193125-11-014958-index.htm", "finalLink": "https://www.sec.gov/Archives/edgar/data/63754/000119312511014958/d10k.htm", "calculatedOtherExpenses": 0, "calculatedOperatingExpenses": 907900000, "calculatedNetInterest": -49300000, "calculatedOtherIncome": 2200000, "calculatedIncomeNonControlling": -25500000, "calculatedEbitda": 604900000}, {"date": "2009-11-30", "symbol": "MKC", "reportedCurrency": "USD", "cik": "0000063754", "fillingDate": "2010-01-28", "acceptedDate": "2010-01-28 09:32:38", "calendarYear": "2009", "period": "FY", "revenue": 3192100000, "costOfRevenue": 1864900000, "grossProfit": 1327200000, "grossProfitRatio": 0.4157764481, "researchAndDevelopmentExpenses": 0, "generalAndAdministrativeExpenses": 846600000, "sellingAndMarketingExpenses": 0, "sellingGeneralAndAdministrativeExpenses": 846600000, "otherExpenses": 0, "operatingExpenses": 846600000, "costAndExpenses": 2711500000, "interestIncome": 0, "interestExpense": 52800000, "depreciationAndAmortization": 94300000, "ebitda": 574900000, "ebitdaratio": 0.180100874, "operatingIncome": 466900000, "operatingIncomeRatio": 0.1462673475, "totalOtherIncomeExpensesNet": -11300000, "incomeBeforeTax": 416500000, "incomeBeforeTaxRatio": 0.1304783685, "incomeTaxExpense": 133000000, "netIncome": 299800000, "netIncomeRatio": 0.0939193634, "eps": 1.15, "epsdiluted": 1.13, "weightedAverageShsOut": 261600000, "weightedAverageShsOutDil": 264600000, "link": "https://www.sec.gov/Archives/edgar/data/63754/000119312510014973/0001193125-10-014973-index.htm", "finalLink": "https://www.sec.gov/Archives/edgar/data/63754/000119312510014973/d10k.htm", "calculatedOtherExpenses": 13700000, "calculatedOperatingExpenses": 860300000, "calculatedNetInterest": -52800000, "calculatedOtherIncome": 2400000, "calculatedIncomeNonControlling": -16300000, "calculatedEbitda": 561200000}, {"date": "2008-11-30", "symbol": "MKC", "reportedCurrency": "USD", "cik": "0000063754", "fillingDate": "2009-01-28", "acceptedDate": "2009-01-28 17:30:07", "calendarYear": "2008", "period": "FY", "revenue": 3176600000, "costOfRevenue": 1888400000, "grossProfit": 1288200000, "grossProfitRatio": 0.4055279229, "researchAndDevelopmentExpenses": 0, "generalAndAdministrativeExpenses": 870600000, "sellingAndMarketingExpenses": 0, "sellingGeneralAndAdministrativeExpenses": 870600000, "otherExpenses": 29000000, "operatingExpenses": 899600000, "costAndExpenses": 2788000000, "interestIncome": 0, "interestExpense": 0, "depreciationAndAmortization": 85600000, "ebitda": 497300000, "ebitdaratio": 0.1565510294, "operatingIncome": 376500000, "operatingIncomeRatio": 0.1185229491, "totalOtherIncomeExpensesNet": -23100000, "incomeBeforeTax": 337800000, "incomeBeforeTaxRatio": 0.1063401121, "incomeTaxExpense": 100600000, "netIncome": 255800000, "netIncomeRatio": 0.0805263489, "eps": 0.99, "epsdiluted": 0.97, "weightedAverageShsOut": 258000000, "weightedAverageShsOutDil": 263600000, "link": "https://www.sec.gov/Archives/edgar/data/63754/000119312509013251/0001193125-09-013251-index.htm", "finalLink": "https://www.sec.gov/Archives/edgar/data/63754/000119312509013251/d10k.htm", "calculatedOtherExpenses": 41100000, "calculatedOperatingExpenses": 911700000, "calculatedNetInterest": 0, "calculatedOtherIncome": -38700000, "calculatedIncomeNonControlling": -18600000, "calculatedEbitda": 462100000}, {"date": "2007-11-30", "symbol": "MKC", "reportedCurrency": "USD", "cik": "0000063754", "fillingDate": "2008-01-28", "acceptedDate": "2008-01-28 17:16:59", "calendarYear": "2007", "period": "FY", "revenue": 2916200000, "costOfRevenue": 1724400000, "grossProfit": 1191800000, "grossProfitRatio": 0.4086825321, "researchAndDevelopmentExpenses": 0, "generalAndAdministrativeExpenses": 806900000, "sellingAndMarketingExpenses": 0, "sellingGeneralAndAdministrativeExpenses": 806900000, "otherExpenses": 0, "operatingExpenses": 806900000, "costAndExpenses": 2531300000, "interestIncome": 0, "interestExpense": 0, "depreciationAndAmortization": 82600000, "ebitda": 490200000, "ebitdaratio": 0.1680954667, "operatingIncome": 354200000, "operatingIncomeRatio": 0.1214594335, "totalOtherIncomeExpensesNet": -1300000, "incomeBeforeTax": 302400000, "incomeBeforeTaxRatio": 0.1036965915, "incomeTaxExpense": 92200000, "netIncome": 230100000, "netIncomeRatio": 0.0789040532, "eps": 0.89, "epsdiluted": 0.86, "weightedAverageShsOut": 258539326, "weightedAverageShsOutDil": 266011561, "link": "https://www.sec.gov/Archives/edgar/data/63754/000110465908005145/0001104659-08-005145-index.htm", "finalLink": "https://www.sec.gov/Archives/edgar/data/63754/000110465908005145/a08-3564_110k.htm", "calculatedOtherExpenses": 30700000, "calculatedOperatingExpenses": 837600000, "calculatedNetInterest": 0, "calculatedOtherIncome": -51800000, "calculatedIncomeNonControlling": -19900000, "calculatedEbitda": 436800000}, {"date": "2006-11-30", "symbol": "MKC", "reportedCurrency": "USD", "cik": "0000063754", "fillingDate": "2007-01-29", "acceptedDate": "2007-01-29 14:38:34", "calendarYear": "2006", "period": "FY", "revenue": 2716400000, "costOfRevenue": 1601800000, "grossProfit": 1114600000, "grossProfitRatio": 0.4103224856, "researchAndDevelopmentExpenses": 0, "generalAndAdministrativeExpenses": 772600000, "sellingAndMarketingExpenses": 0, "sellingGeneralAndAdministrativeExpenses": 772600000, "otherExpenses": 0, "operatingExpenses": 772600000, "costAndExpenses": 2374400000, "interestIncome": 0, "interestExpense": 0, "depreciationAndAmortization": 86800000, "ebitda": 467300000, "ebitdaratio": 0.1720291562, "operatingIncome": 269600000, "operatingIncomeRatio": 0.099249006, "totalOtherIncomeExpensesNet": -18600000, "incomeBeforeTax": 223000000, "incomeBeforeTaxRatio": 0.0820939479, "incomeTaxExpense": 64700000, "netIncome": 202200000, "netIncomeRatio": 0.0744367545, "eps": 0.77, "epsdiluted": 0.75, "weightedAverageShsOut": 264313725, "weightedAverageShsOutDil": 269600000, "link": "https://www.sec.gov/Archives/edgar/data/63754/000110465907005348/0001104659-07-005348-index.htm", "finalLink": "https://www.sec.gov/Archives/edgar/data/63754/000110465907005348/a07-2613_110k.htm", "calculatedOtherExpenses": 72400000, "calculatedOperatingExpenses": 845000000, "calculatedNetInterest": 0, "calculatedOtherIncome": -46600000, "calculatedIncomeNonControlling": -43900000, "calculatedEbitda": 356400000}, {"date": "2005-11-30", "symbol": "MKC", "reportedCurrency": "USD", "cik": "0000063754", "fillingDate": "2006-01-27", "acceptedDate": "2006-01-27 13:57:27", "calendarYear": "2005", "period": "FY", "revenue": 2592000000, "costOfRevenue": 1555400000, "grossProfit": 1036600000, "grossProfitRatio": 0.3999228395, "researchAndDevelopmentExpenses": 0, "generalAndAdministrativeExpenses": 681900000, "sellingAndMarketingExpenses": 0, "sellingGeneralAndAdministrativeExpenses": 681900000, "otherExpenses": 11200000, "operatingExpenses": 693100000, "costAndExpenses": 2248500000, "interestIncome": 0, "interestExpense": 0, "depreciationAndAmortization": 74600000, "ebitda": 408300000, "ebitdaratio": 0.1575231481, "operatingIncome": 343500000, "operatingIncomeRatio": 0.1325231481, "totalOtherIncomeExpensesNet": 9800000, "incomeBeforeTax": 295700000, "incomeBeforeTaxRatio": 0.1140817901, "incomeTaxExpense": 96700000, "netIncome": 214900000, "netIncomeRatio": 0.0829089506, "eps": 0.8, "epsdiluted": 0.78, "weightedAverageShsOut": 268625000, "weightedAverageShsOutDil": 275512821, "link": "https://www.sec.gov/Archives/edgar/data/63754/000110465906004340/0001104659-06-004340-index.htm", "finalLink": "https://www.sec.gov/Archives/edgar/data/63754/000110465906004340/a06-3546_110k.htm", "calculatedOtherExpenses": 11200000, "calculatedOperatingExpenses": 693100000, "calculatedNetInterest": 0, "calculatedOtherIncome": -47800000, "calculatedIncomeNonControlling": -15900000, "calculatedEbitda": 418100000}, {"date": "2004-11-30", "symbol": "MKC", "reportedCurrency": "USD", "cik": "0000063754", "fillingDate": "2005-01-27", "acceptedDate": "2005-01-27 16:11:28", "calendarYear": "2004", "period": "FY", "revenue": 2526200000, "costOfRevenue": 1518300000, "grossProfit": 1007900000, "grossProfitRatio": 0.3989787032, "researchAndDevelopmentExpenses": 0, "generalAndAdministrativeExpenses": 677700000, "sellingAndMarketingExpenses": 0, "sellingGeneralAndAdministrativeExpenses": 677700000, "otherExpenses": -2500000, "operatingExpenses": 675200000, "costAndExpenses": 2193500000, "interestIncome": 0, "interestExpense": 0, "depreciationAndAmortization": 72000000, "ebitda": 385500000, "ebitdaratio": 0.1526007442, "operatingIncome": 332700000, "operatingIncomeRatio": 0.1316997862, "totalOtherIncomeExpensesNet": 19200000, "incomeBeforeTax": 293800000, "incomeBeforeTaxRatio": 0.1163011638, "incomeTaxExpense": 89000000, "netIncome": 214500000, "netIncomeRatio": 0.0849101417, "eps": 0.78, "epsdiluted": 0.76, "weightedAverageShsOut": 273248408, "weightedAverageShsOutDil": 282236842, "link": "https://www.sec.gov/Archives/edgar/data/63754/000110465905002884/0001104659-05-002884-index.htm", "finalLink": "https://www.sec.gov/Archives/edgar/data/63754/000110465905002884/a05-2232_110k.htm", "calculatedOtherExpenses": -2500000, "calculatedOperatingExpenses": 675200000, "calculatedNetInterest": 0, "calculatedOtherIncome": -38900000, "calculatedIncomeNonControlling": -9700000, "calculatedEbitda": 404700000}, {"date": "2003-11-30", "symbol": "MKC", "reportedCurrency": "USD", "cik": "0000063754", "fillingDate": "2004-01-29", "acceptedDate": "2004-01-29 16:23:15", "calendarYear": "2003", "period": "FY", "revenue": 2269600000, "costOfRevenue": 1371000000, "grossProfit": 898600000, "grossProfitRatio": 0.395928798, "researchAndDevelopmentExpenses": 0, "generalAndAdministrativeExpenses": 597600000, "sellingAndMarketingExpenses": 0, "sellingGeneralAndAdministrativeExpenses": 597600000, "otherExpenses": 5500000, "operatingExpenses": 603100000, "costAndExpenses": 1974100000, "interestIncome": 0, "interestExpense": 0, "depreciationAndAmortization": 65300000, "ebitda": 336800000, "ebitdaratio": 0.1483961932, "operatingIncome": 295500000, "operatingIncomeRatio": 0.130199154, "totalOtherIncomeExpensesNet": 24000000, "incomeBeforeTax": 270000000, "incomeBeforeTaxRatio": 0.118963694, "incomeTaxExpense": 83400000, "netIncome": 210800000, "netIncomeRatio": 0.0928798026, "eps": 0.76, "epsdiluted": 0.74, "weightedAverageShsOut": 279205298, "weightedAverageShsOutDil": 284864865, "link": "https://www.sec.gov/Archives/edgar/data/63754/000104746904002319/0001047469-04-002319-index.htm", "finalLink": "https://www.sec.gov/Archives/edgar/data/63754/000104746904002319/a2127265z10-k.htm", "calculatedOtherExpenses": 5500000, "calculatedOperatingExpenses": 603100000, "calculatedNetInterest": 0, "calculatedOtherIncome": -25500000, "calculatedIncomeNonControlling": -24200000, "calculatedEbitda": 360800000}, {"date": "2002-11-30", "symbol": "MKC", "reportedCurrency": "USD", "cik": "0000063754", "fillingDate": "2003-02-05", "acceptedDate": "2003-02-05 14:48:29", "calendarYear": "2002", "period": "FY", "revenue": 2320000000, "costOfRevenue": 1463400000, "grossProfit": 856600000, "grossProfitRatio": 0.3692241379, "researchAndDevelopmentExpenses": 0, "generalAndAdministrativeExpenses": 570900000, "sellingAndMarketingExpenses": 0, "sellingGeneralAndAdministrativeExpenses": 570900000, "otherExpenses": 8000000, "operatingExpenses": 578900000, "costAndExpenses": 2042300000, "interestIncome": 0, "interestExpense": 0, "depreciationAndAmortization": 66800000, "ebitda": 329400000, "ebitdaratio": 0.1419827586, "operatingIncome": 277700000, "operatingIncomeRatio": 0.1196982759, "totalOtherIncomeExpensesNet": 15100000, "incomeBeforeTax": 234800000, "incomeBeforeTaxRatio": 0.1012068966, "incomeTaxExpense": 74300000, "netIncome": 179800000, "netIncomeRatio": 0.0775, "eps": 0.64, "epsdiluted": 0.63, "weightedAverageShsOut": 278759690, "weightedAverageShsOutDil": 285396825, "link": "https://www.sec.gov/Archives/edgar/data/63754/000104746903004108/0001047469-03-004108-index.htm", "finalLink": "https://www.sec.gov/Archives/edgar/data/63754/000104746903004108/a2102222z10-k.htm", "calculatedOtherExpenses": 8000000, "calculatedOperatingExpenses": 578900000, "calculatedNetInterest": 0, "calculatedOtherIncome": -42900000, "calculatedIncomeNonControlling": -19300000, "calculatedEbitda": 344500000}, {"date": "2001-11-30", "symbol": "MKC", "reportedCurrency": "USD", "cik": "0000063754", "fillingDate": "2002-02-19", "acceptedDate": "2002-02-19 00:00:00", "calendarYear": "2001", "period": "FY", "revenue": 2373300000, "costOfRevenue": 1401000000, "grossProfit": 972300000, "grossProfitRatio": 0.4096827203, "researchAndDevelopmentExpenses": 0, "generalAndAdministrativeExpenses": 719900000, "sellingAndMarketingExpenses": 0, "sellingGeneralAndAdministrativeExpenses": 719900000, "otherExpenses": 10800000, "operatingExpenses": 730700000, "costAndExpenses": 2131700000, "interestIncome": 0, "interestExpense": 0, "depreciationAndAmortization": 73000000, "ebitda": 301200000, "ebitdaratio": 0.1269118948, "operatingIncome": 240600000, "operatingIncomeRatio": 0.1013778283, "totalOtherIncomeExpensesNet": 13400000, "incomeBeforeTax": 190400000, "incomeBeforeTaxRatio": 0.0802258459, "incomeTaxExpense": 62900000, "netIncome": 146600000, "netIncomeRatio": 0.0617705305, "eps": 0.53, "epsdiluted": 0.52, "weightedAverageShsOut": 275697638, "weightedAverageShsOutDil": 280108800, "link": "https://www.sec.gov/Archives/edgar/data/63754/000091205702006688/0000912057-02-006688-index.htm", "finalLink": "https://www.sec.gov/Archives/edgar/data/63754/000091205702006688/a2069224z10-k.htm", "calculatedOtherExpenses": 11800000, "calculatedOperatingExpenses": 731700000, "calculatedNetInterest": 0, "calculatedOtherIncome": -50200000, "calculatedIncomeNonControlling": -19100000, "calculatedEbitda": 313600000}, {"date": "2000-11-20", "symbol": "MKC", "reportedCurrency": "USD", "cik": "0000063754", "fillingDate": "2001-02-16", "acceptedDate": "2001-02-16 00:00:00", "calendarYear": "2000", "period": "FY", "revenue": 2123500000, "costOfRevenue": 1257400000, "grossProfit": 866100000, "grossProfitRatio": 0.4078643749, "researchAndDevelopmentExpenses": 0, "generalAndAdministrativeExpenses": 578700000, "sellingAndMarketingExpenses": 0, "sellingGeneralAndAdministrativeExpenses": 578700000, "otherExpenses": 61300000, "operatingExpenses": 640000000, "costAndExpenses": 1897400000, "interestIncome": 0, "interestExpense": 0, "depreciationAndAmortization": 61300000, "ebitda": 269700000, "ebitdaratio": 0.1270072993, "operatingIncome": 226100000, "operatingIncomeRatio": 0.1064751589, "totalOtherIncomeExpensesNet": 17700000, "incomeBeforeTax": 204100000, "incomeBeforeTaxRatio": 0.0961149046, "incomeTaxExpense": 66600000, "netIncome": 137500000, "netIncomeRatio": 0.0647515894, "eps": 0.5, "epsdiluted": 0.49, "weightedAverageShsOut": 275000000, "weightedAverageShsOutDil": 277777778, "link": "https://www.sec.gov/Archives/edgar/data/63754/000091205701006146/0000912057-01-006146-index.htm", "finalLink": "https://www.sec.gov/Archives/edgar/data/63754/000091205701006146/a2038009z10-k.txt", "calculatedOtherExpenses": 61300000, "calculatedOperatingExpenses": 640000000, "calculatedNetInterest": 0, "calculatedOtherIncome": -22000000, "calculatedIncomeNonControlling": 0, "calculatedEbitda": 287400000}, {"date": "1999-11-30", "symbol": "MKC", "reportedCurrency": "USD", "cik": "0000063754", "fillingDate": "2000-02-24", "acceptedDate": "2000-02-24 00:00:00", "calendarYear": "1999", "period": "FY", "revenue": 2006900000, "costOfRevenue": 1232300000, "grossProfit": 774600000, "grossProfitRatio": 0.385968409, "researchAndDevelopmentExpenses": 0, "generalAndAdministrativeExpenses": 522300000, "sellingAndMarketingExpenses": 0, "sellingGeneralAndAdministrativeExpenses": 522300000, "otherExpenses": 57400000, "operatingExpenses": 579700000, "costAndExpenses": 1812000000, "interestIncome": 0, "interestExpense": 0, "depreciationAndAmortization": 57400000, "ebitda": 251400000, "ebitdaratio": 0.125267826, "operatingIncome": 194900000, "operatingIncomeRatio": 0.0971149534, "totalOtherIncomeExpensesNet": 900000, "incomeBeforeTax": 163400000, "incomeBeforeTaxRatio": 0.0814191041, "incomeTaxExpense": 60100000, "netIncome": 103300000, "netIncomeRatio": 0.0514724202, "eps": 0.36, "epsdiluted": 0.36, "weightedAverageShsOut": 284965517, "weightedAverageShsOutDil": 288951049, "link": "https://www.sec.gov/Archives/edgar/data/63754/000091205700008177/0000912057-00-008177-index.html", "finalLink": "https://www.sec.gov/Archives/edgar/data/63754/000091205700008177/", "calculatedOtherExpenses": 57400000, "calculatedOperatingExpenses": 579700000, "calculatedNetInterest": 0, "calculatedOtherIncome": -31500000, "calculatedIncomeNonControlling": 0, "calculatedEbitda": 252300000}, {"date": "1998-11-30", "symbol": "MKC", "reportedCurrency": "USD", "cik": "0000063754", "fillingDate": "1999-02-24", "acceptedDate": "1999-02-24 00:00:00", "calendarYear": "1998", "period": "FY", "revenue": 1881100000, "costOfRevenue": 1177400000, "grossProfit": 703700000, "grossProfitRatio": 0.3740896284, "researchAndDevelopmentExpenses": 0, "generalAndAdministrativeExpenses": 463800000, "sellingAndMarketingExpenses": 0, "sellingGeneralAndAdministrativeExpenses": 463800000, "otherExpenses": 54800000, "operatingExpenses": 518600000, "costAndExpenses": 1696000000, "interestIncome": 0, "interestExpense": 0, "depreciationAndAmortization": 54800000, "ebitda": 229400000, "ebitdaratio": 0.1219499229, "operatingIncome": 185100000, "operatingIncomeRatio": 0.0983998724, "totalOtherIncomeExpensesNet": 10500000, "incomeBeforeTax": 158700000, "incomeBeforeTaxRatio": 0.0843655308, "incomeTaxExpense": 54900000, "netIncome": 103800000, "netIncomeRatio": 0.0551804795, "eps": 0.36, "epsdiluted": 0.35, "weightedAverageShsOut": 292394366, "weightedAverageShsOutDil": 294468085, "link": "https://www.sec.gov/Archives/edgar/data/63754/000104746999007167/0001047469-99-007167-index.html", "finalLink": "https://www.sec.gov/Archives/edgar/data/63754/", "calculatedOtherExpenses": 54800000, "calculatedOperatingExpenses": 518600000, "calculatedNetInterest": 0, "calculatedOtherIncome": -26400000, "calculatedIncomeNonControlling": 0, "calculatedEbitda": 239900000}, {"date": "1997-11-30", "symbol": "MKC", "reportedCurrency": "USD", "cik": "0000063754", "fillingDate": "1998-02-24", "acceptedDate": "1998-02-24 00:00:00", "calendarYear": "1997", "period": "FY", "revenue": 1801000000, "costOfRevenue": 1123000000, "grossProfit": 678000000, "grossProfitRatio": 0.3764575236, "researchAndDevelopmentExpenses": 0, "generalAndAdministrativeExpenses": 461000000, "sellingAndMarketingExpenses": 0, "sellingGeneralAndAdministrativeExpenses": 461000000, "otherExpenses": 49300000, "operatingExpenses": 510300000, "costAndExpenses": 1633300000, "interestIncome": 0, "interestExpense": 0, "depreciationAndAmortization": 49300000, "ebitda": 198200000, "ebitdaratio": 0.1100499722, "operatingIncome": 167700000, "operatingIncomeRatio": 0.0931149361, "totalOtherIncomeExpensesNet": 18800000, "incomeBeforeTax": 150100000, "incomeBeforeTaxRatio": 0.0833425875, "incomeTaxExpense": 52700000, "netIncome": 98400000, "netIncomeRatio": 0.0546363132, "eps": 0.39, "epsdiluted": 0.39, "weightedAverageShsOut": 255368000, "weightedAverageShsOutDil": 255368000, "link": "https://www.sec.gov/Archives/edgar/data/63754/000104746998007373/0001047469-98-007373-index.html", "finalLink": "https://www.sec.gov/Archives/edgar/data/63754/", "calculatedOtherExpenses": 49300000, "calculatedOperatingExpenses": 510300000, "calculatedNetInterest": 0, "calculatedOtherIncome": -17600000, "calculatedIncomeNonControlling": -1000000, "calculatedEbitda": 217000000}, {"date": "1996-11-30", "symbol": "MKC", "reportedCurrency": "USD", "cik": "0000063754", "fillingDate": "1997-02-25", "acceptedDate": "1997-02-25 00:00:00", "calendarYear": "1996", "period": "FY", "revenue": 1732500000, "costOfRevenue": 1064200000, "grossProfit": 668300000, "grossProfitRatio": 0.3857431457, "researchAndDevelopmentExpenses": 0, "generalAndAdministrativeExpenses": 453100000, "sellingAndMarketingExpenses": 0, "sellingGeneralAndAdministrativeExpenses": 453100000, "otherExpenses": 63800000, "operatingExpenses": 516900000, "costAndExpenses": 1581100000, "interestIncome": 0, "interestExpense": 0, "depreciationAndAmortization": 63800000, "ebitda": 265400000, "ebitdaratio": 0.1531890332, "operatingIncome": 151400000, "operatingIncomeRatio": 0.0873881674, "totalOtherIncomeExpensesNet": -50200000, "incomeBeforeTax": 67400000, "incomeBeforeTaxRatio": 0.0389033189, "incomeTaxExpense": 23900000, "netIncome": 41900000, "netIncomeRatio": 0.0241847042, "eps": 0.13, "epsdiluted": 0.13, "weightedAverageShsOut": 312820000, "weightedAverageShsOutDil": 312820000, "link": "https://www.sec.gov/Archives/edgar/data/63754/000006375497000007/0000063754-97-000007-index.html", "finalLink": "https://www.sec.gov/Archives/edgar/data/63754/", "calculatedOtherExpenses": 63800000, "calculatedOperatingExpenses": 516900000, "calculatedNetInterest": 0, "calculatedOtherIncome": -84000000, "calculatedIncomeNonControlling": 1600000, "calculatedEbitda": 215200000}, {"date": "1995-11-30", "symbol": "MKC", "reportedCurrency": "USD", "cik": "0000063754", "fillingDate": "1996-02-23", "acceptedDate": "1996-02-23 00:00:00", "calendarYear": "1995", "period": "FY", "revenue": 1858700000, "costOfRevenue": 1147800000, "grossProfit": 710900000, "grossProfitRatio": 0.3824716199, "researchAndDevelopmentExpenses": 0, "generalAndAdministrativeExpenses": 446100000, "sellingAndMarketingExpenses": 0, "sellingGeneralAndAdministrativeExpenses": 446100000, "otherExpenses": 63700000, "operatingExpenses": 509800000, "costAndExpenses": 1657600000, "interestIncome": 0, "interestExpense": 0, "depreciationAndAmortization": 63700000, "ebitda": 261400000, "ebitdaratio": 0.1406359283, "operatingIncome": 201100000, "operatingIncomeRatio": 0.108193899, "totalOtherIncomeExpensesNet": 3400000, "incomeBeforeTax": 149200000, "incomeBeforeTaxRatio": 0.0802711573, "incomeTaxExpense": 53700000, "netIncome": 97600000, "netIncomeRatio": 0.0525098187, "eps": 0.3, "epsdiluted": 0.3, "weightedAverageShsOut": 324724000, "weightedAverageShsOutDil": 324724000, "link": "https://www.sec.gov/Archives/edgar/data/63754/000006375496000009/0000063754-96-000009-index.html", "finalLink": "https://www.sec.gov/Archives/edgar/data/63754/", "calculatedOtherExpenses": 63700000, "calculatedOperatingExpenses": 509800000, "calculatedNetInterest": 0, "calculatedOtherIncome": -51900000, "calculatedIncomeNonControlling": -2100000, "calculatedEbitda": 264800000}, {"date": "1994-11-30", "symbol": "MKC", "reportedCurrency": "USD", "cik": "0000063754", "fillingDate": "1995-02-21", "acceptedDate": "1995-02-21 00:00:00", "calendarYear": "1994", "period": "FY", "revenue": 1694800000, "costOfRevenue": 1004100000, "grossProfit": 690700000, "grossProfitRatio": 0.4075407128, "researchAndDevelopmentExpenses": 0, "generalAndAdministrativeExpenses": 429500000, "sellingAndMarketingExpenses": 0, "sellingGeneralAndAdministrativeExpenses": 429500000, "otherExpenses": 62500000, "operatingExpenses": 492000000, "costAndExpenses": 1496100000, "interestIncome": 0, "interestExpense": 0, "depreciationAndAmortization": 62500000, "ebitda": 334200000, "ebitdaratio": 0.197191409, "operatingIncome": 198700000, "operatingIncomeRatio": 0.1172409724, "totalOtherIncomeExpensesNet": -73000000, "incomeBeforeTax": 87000000, "incomeBeforeTaxRatio": 0.0513334907, "incomeTaxExpense": 33800000, "netIncome": 61100000, "netIncomeRatio": 0.0360514515, "eps": 0.19, "epsdiluted": 0.19, "weightedAverageShsOut": 324824000, "weightedAverageShsOutDil": 324824000, "link": "https://www.sec.gov/Archives/edgar/data/63754/000006375495000006/0000063754-95-000006-index.html", "finalLink": "https://www.sec.gov/Archives/edgar/data/63754/", "calculatedOtherExpenses": 62500000, "calculatedOperatingExpenses": 492000000, "calculatedNetInterest": 0, "calculatedOtherIncome": -111700000, "calculatedIncomeNonControlling": -7900000, "calculatedEbitda": 261200000}, {"date": "1993-11-30", "symbol": "MKC", "reportedCurrency": "USD", "cik": "0000063754", "fillingDate": "1994-02-22", "acceptedDate": "1994-02-22 00:00:00", "calendarYear": "1993", "period": "FY", "revenue": 1556600000, "costOfRevenue": 902900000, "grossProfit": 653700000, "grossProfitRatio": 0.4199537453, "researchAndDevelopmentExpenses": 0, "generalAndAdministrativeExpenses": 0, "sellingAndMarketingExpenses": 0, "sellingGeneralAndAdministrativeExpenses": 422700000, "otherExpenses": 50500000, "operatingExpenses": 473200000, "costAndExpenses": 1376100000, "interestIncome": 0, "interestExpense": 0, "depreciationAndAmortization": 50500000, "ebitda": 220200000, "ebitdaratio": 0.1414621611, "operatingIncome": 180500000, "operatingIncomeRatio": 0.1159578569, "totalOtherIncomeExpensesNet": 10800000, "incomeBeforeTax": 160200000, "incomeBeforeTaxRatio": 0.1029166131, "incomeTaxExpense": 60500000, "netIncome": 73100000, "netIncomeRatio": 0.046961326, "eps": 0.23, "epsdiluted": 0.23, "weightedAverageShsOut": 323996000, "weightedAverageShsOutDil": 323996000, "link": "https://www.sec.gov/Archives/edgar/data/63754/000006375494000009/0000063754-94-000009-index.html", "finalLink": "https://www.sec.gov/Archives/edgar/data/63754/", "calculatedOtherExpenses": 50500000, "calculatedOperatingExpenses": 473200000, "calculatedNetInterest": 0, "calculatedOtherIncome": -20300000, "calculatedIncomeNonControlling": 26600000, "calculatedEbitda": 231000000}, {"date": "1992-11-30", "symbol": "MKC", "reportedCurrency": "USD", "cik": "0000063754", "fillingDate": "1992-11-30", "acceptedDate": "1992-11-29 19:00:00", "calendarYear": "1992", "period": "FY", "revenue": 1471400000, "costOfRevenue": 843600000, "grossProfit": 627800000, "grossProfitRatio": 0.426668479, "researchAndDevelopmentExpenses": 0, "generalAndAdministrativeExpenses": 0, "sellingAndMarketingExpenses": 0, "sellingGeneralAndAdministrativeExpenses": 416800000, "otherExpenses": 43800000, "operatingExpenses": 460600000, "costAndExpenses": 1304200000, "interestIncome": 0, "interestExpense": 0, "depreciationAndAmortization": 43800000, "ebitda": 209000000, "ebitdaratio": 0.142041593, "operatingIncome": 167200000, "operatingIncomeRatio": 0.1136332744, "totalOtherIncomeExpensesNet": 2000000, "incomeBeforeTax": 138300000, "incomeBeforeTaxRatio": 0.0939921164, "incomeTaxExpense": 53000000, "netIncome": 95200000, "netIncomeRatio": 0.0647002854, "eps": 0.3, "epsdiluted": 0.3, "weightedAverageShsOut": 321232000, "weightedAverageShsOutDil": 321232000, "link": "", "finalLink": "", "calculatedOtherExpenses": 43800000, "calculatedOperatingExpenses": 460600000, "calculatedNetInterest": 0, "calculatedOtherIncome": -28900000, "calculatedIncomeNonControlling": -9900000, "calculatedEbitda": 211000000}, {"date": "1991-11-30", "symbol": "MKC", "reportedCurrency": "USD", "cik": "0000063754", "fillingDate": "1991-11-30", "acceptedDate": "1991-11-29 19:00:00", "calendarYear": "1991", "period": "FY", "revenue": 1427900000, "costOfRevenue": 846000000, "grossProfit": 581900000, "grossProfitRatio": 0.4075215351, "researchAndDevelopmentExpenses": 0, "generalAndAdministrativeExpenses": 0, "sellingAndMarketingExpenses": 0, "sellingGeneralAndAdministrativeExpenses": 395800000, "otherExpenses": 40500000, "operatingExpenses": 436300000, "costAndExpenses": 1282300000, "interestIncome": 0, "interestExpense": 0, "depreciationAndAmortization": 40500000, "ebitda": 180500000, "ebitdaratio": 0.1264094124, "operatingIncome": 145600000, "operatingIncomeRatio": 0.1019679249, "totalOtherIncomeExpensesNet": 5600000, "incomeBeforeTax": 123700000, "incomeBeforeTaxRatio": 0.0866307164, "incomeTaxExpense": 42800000, "netIncome": 80900000, "netIncomeRatio": 0.0566566286, "eps": 0.25, "epsdiluted": 0.25, "weightedAverageShsOut": 318728000, "weightedAverageShsOutDil": 318728000, "link": "", "finalLink": "", "calculatedOtherExpenses": 40500000, "calculatedOperatingExpenses": 436300000, "calculatedNetInterest": 0, "calculatedOtherIncome": -21900000, "calculatedIncomeNonControlling": 0, "calculatedEbitda": 186100000}, {"date": "1990-11-30", "symbol": "MKC", "reportedCurrency": "USD", "cik": "0000063754", "fillingDate": "1990-11-30", "acceptedDate": "1990-11-29 19:00:00", "calendarYear": "1990", "period": "FY", "revenue": 1323000000, "costOfRevenue": 801600000, "grossProfit": 521400000, "grossProfitRatio": 0.3941043084, "researchAndDevelopmentExpenses": 0, "generalAndAdministrativeExpenses": 0, "sellingAndMarketingExpenses": 0, "sellingGeneralAndAdministrativeExpenses": 357700000, "otherExpenses": 36600000, "operatingExpenses": 394300000, "costAndExpenses": 1195900000, "interestIncome": 0, "interestExpense": 0, "depreciationAndAmortization": 36600000, "ebitda": 153500000, "ebitdaratio": 0.1160241875, "operatingIncome": 127100000, "operatingIncomeRatio": 0.0960695389, "totalOtherIncomeExpensesNet": 10200000, "incomeBeforeTax": 108000000, "incomeBeforeTaxRatio": 0.0816326531, "incomeTaxExpense": 38600000, "netIncome": 69400000, "netIncomeRatio": 0.0524565382, "eps": 0.22, "epsdiluted": 0.22, "weightedAverageShsOut": 319464000, "weightedAverageShsOutDil": 319464000, "link": "", "finalLink": "", "calculatedOtherExpenses": 36600000, "calculatedOperatingExpenses": 394300000, "calculatedNetInterest": 0, "calculatedOtherIncome": -19100000, "calculatedIncomeNonControlling": 0, "calculatedEbitda": 163700000}, {"date": "1989-11-30", "symbol": "MKC", "reportedCurrency": "USD", "cik": "0000063754", "fillingDate": "1989-11-30", "acceptedDate": "1989-11-29 19:00:00", "calendarYear": "1989", "period": "FY", "revenue": 1246100000, "costOfRevenue": 771100000, "grossProfit": 475000000, "grossProfitRatio": 0.3811893106, "researchAndDevelopmentExpenses": 0, "generalAndAdministrativeExpenses": 0, "sellingAndMarketingExpenses": 0, "sellingGeneralAndAdministrativeExpenses": 338200000, "otherExpenses": 34800000, "operatingExpenses": 373000000, "costAndExpenses": 1144100000, "interestIncome": 0, "interestExpense": 0, "depreciationAndAmortization": 34800000, "ebitda": 123900000, "ebitdaratio": 0.0994302223, "operatingIncome": 102000000, "operatingIncomeRatio": 0.0818553888, "totalOtherIncomeExpensesNet": 12900000, "incomeBeforeTax": 82000000, "incomeBeforeTaxRatio": 0.0658053126, "incomeTaxExpense": 29500000, "netIncome": 52500000, "netIncomeRatio": 0.0421314501, "eps": 0.16, "epsdiluted": 0.16, "weightedAverageShsOut": 331664000, "weightedAverageShsOutDil": 331664000, "link": "", "finalLink": "", "calculatedOtherExpenses": 34800000, "calculatedOperatingExpenses": 373000000, "calculatedNetInterest": 0, "calculatedOtherIncome": -20000000, "calculatedIncomeNonControlling": 0, "calculatedEbitda": 136800000}, {"date": "1988-11-30", "symbol": "MKC", "reportedCurrency": "USD", "cik": "0000063754", "fillingDate": "1988-11-30", "acceptedDate": "1988-11-29 19:00:00", "calendarYear": "1988", "period": "FY", "revenue": 1183900000, "costOfRevenue": 1078100000, "grossProfit": 105800000, "grossProfitRatio": 0.0893656559, "researchAndDevelopmentExpenses": 0, "generalAndAdministrativeExpenses": 0, "sellingAndMarketingExpenses": 0, "sellingGeneralAndAdministrativeExpenses": 0, "otherExpenses": 27500000, "operatingExpenses": 27500000, "costAndExpenses": 1105600000, "interestIncome": 0, "interestExpense": -27500000, "depreciationAndAmortization": 27500000, "ebitda": 95600000, "ebitdaratio": 0.0807500633, "operatingIncome": 78300000, "operatingIncomeRatio": 0.0661373427, "totalOtherIncomeExpensesNet": 10200000, "incomeBeforeTax": 58400000, "incomeBeforeTaxRatio": 0.0493284906, "incomeTaxExpense": 22800000, "netIncome": 36300000, "netIncomeRatio": 0.0306613734, "eps": 0.1, "epsdiluted": 0.1, "weightedAverageShsOut": 360448000, "weightedAverageShsOutDil": 360448000, "link": "", "finalLink": "", "calculatedOtherExpenses": 27500000, "calculatedOperatingExpenses": 27500000, "calculatedNetInterest": 27500000, "calculatedOtherIncome": -47400000, "calculatedIncomeNonControlling": -700000, "calculatedEbitda": 105800000}, {"date": "1987-11-30", "symbol": "MKC", "reportedCurrency": "USD", "cik": "0000063754", "fillingDate": "1987-11-30", "acceptedDate": "1987-11-29 19:00:00", "calendarYear": "1987", "period": "FY", "revenue": 1078500000, "costOfRevenue": 677600000, "grossProfit": 400900000, "grossProfitRatio": 0.3717199815, "researchAndDevelopmentExpenses": 0, "generalAndAdministrativeExpenses": 0, "sellingAndMarketingExpenses": 0, "sellingGeneralAndAdministrativeExpenses": 305200000, "otherExpenses": 32600000, "operatingExpenses": 337800000, "costAndExpenses": 1015400000, "interestIncome": 0, "interestExpense": -32600000, "depreciationAndAmortization": 32600000, "ebitda": 79000000, "ebitdaratio": 0.0732498841, "operatingIncome": 63100000, "operatingIncomeRatio": 0.0585071859, "totalOtherIncomeExpensesNet": 16700000, "incomeBeforeTax": 48900000, "incomeBeforeTaxRatio": 0.045340751, "incomeTaxExpense": 18300000, "netIncome": 30600000, "netIncomeRatio": 0.0283727399, "eps": 0.082, "epsdiluted": 0.082, "weightedAverageShsOut": 373344000, "weightedAverageShsOutDil": 373344000, "link": "", "finalLink": "", "calculatedOtherExpenses": 32600000, "calculatedOperatingExpenses": 337800000, "calculatedNetInterest": 32600000, "calculatedOtherIncome": -46800000, "calculatedIncomeNonControlling": 0, "calculatedEbitda": 95700000}, {"date": "1986-11-30", "symbol": "MKC", "reportedCurrency": "USD", "cik": "0000063754", "fillingDate": "1986-11-30", "acceptedDate": "1986-11-29 19:00:00", "calendarYear": "1986", "period": "FY", "revenue": 975700000, "costOfRevenue": 605300000, "grossProfit": 370400000, "grossProfitRatio": 0.3796248847, "researchAndDevelopmentExpenses": 0, "generalAndAdministrativeExpenses": 0, "sellingAndMarketingExpenses": 0, "sellingGeneralAndAdministrativeExpenses": 271400000, "otherExpenses": 32100000, "operatingExpenses": 303500000, "costAndExpenses": 908800000, "interestIncome": 0, "interestExpense": -32100000, "depreciationAndAmortization": 32100000, "ebitda": 95600000, "ebitdaratio": 0.0979809368, "operatingIncome": 66900000, "operatingIncomeRatio": 0.0685661576, "totalOtherIncomeExpensesNet": 3400000, "incomeBeforeTax": 51200000, "incomeBeforeTaxRatio": 0.052475146, "incomeTaxExpense": 21500000, "netIncome": 29700000, "netIncomeRatio": 0.0304396843, "eps": 0.077, "epsdiluted": 0.077, "weightedAverageShsOut": 385920000, "weightedAverageShsOutDil": 385920000, "link": "", "finalLink": "", "calculatedOtherExpenses": 32100000, "calculatedOperatingExpenses": 303500000, "calculatedNetInterest": 32100000, "calculatedOtherIncome": -47800000, "calculatedIncomeNonControlling": 0, "calculatedEbitda": 99000000}, {"date": "1985-11-30", "symbol": "MKC", "reportedCurrency": "USD", "cik": "0000063754", "fillingDate": "1985-11-30", "acceptedDate": "1985-11-29 19:00:00", "calendarYear": "1985", "period": "FY", "revenue": 873000000, "costOfRevenue": 536300000, "grossProfit": 336700000, "grossProfitRatio": 0.3856815578, "researchAndDevelopmentExpenses": 0, "generalAndAdministrativeExpenses": 0, "sellingAndMarketingExpenses": 0, "sellingGeneralAndAdministrativeExpenses": 247900000, "otherExpenses": 28200000, "operatingExpenses": 276100000, "costAndExpenses": 812400000, "interestIncome": 0, "interestExpense": -28200000, "depreciationAndAmortization": 28200000, "ebitda": 83800000, "ebitdaratio": 0.0959908362, "operatingIncome": 60600000, "operatingIncomeRatio": 0.0694158076, "totalOtherIncomeExpensesNet": 5000000, "incomeBeforeTax": 45900000, "incomeBeforeTaxRatio": 0.0525773196, "incomeTaxExpense": 18100000, "netIncome": 27800000, "netIncomeRatio": 0.0318442153, "eps": 0.0709, "epsdiluted": 0.0709, "weightedAverageShsOut": 392000000, "weightedAverageShsOutDil": 392000000, "link": "", "finalLink": "", "calculatedOtherExpenses": 28200000, "calculatedOperatingExpenses": 276100000, "calculatedNetInterest": 28200000, "calculatedOtherIncome": -42900000, "calculatedIncomeNonControlling": 0, "calculatedEbitda": 88800000}]}