{"originalCurrency": "USD", "convertedCurrency": "USD", "report": [{"date": "2023-12-31", "symbol": "MKL", "reportedCurrency": "USD", "cik": "0001096343", "fillingDate": "2024-02-23", "acceptedDate": "2024-02-23 16:32:41", "calendarYear": "2023", "period": "FY", "revenue": 15786707000, "costOfRevenue": 180614000, "grossProfit": 15606093000, "grossProfitRatio": 0.9885591086, "researchAndDevelopmentExpenses": 0, "generalAndAdministrativeExpenses": 0, "sellingAndMarketingExpenses": 0, "sellingGeneralAndAdministrativeExpenses": 0, "otherExpenses": -7552793000, "operatingExpenses": 7552793000, "costAndExpenses": -12874802000, "interestIncome": 751754000, "interestExpense": 185077000, "depreciationAndAmortization": 259923999, "ebitda": 2928828000, "ebitdaratio": 0.1855249483, "operatingIncome": 2928828000, "operatingIncomeRatio": 0.1855249483, "totalOtherIncomeExpensesNet": 2653706000, "incomeBeforeTax": 2653706000, "incomeBeforeTaxRatio": 0.1680975013, "incomeTaxExpense": 552616000, "netIncome": 1996060000, "netIncomeRatio": 0.1264392884, "eps": 147.32, "epsdiluted": 146.98, "weightedAverageShsOut": 13347000, "weightedAverageShsOutDil": 13378000, "link": "https://www.sec.gov/Archives/edgar/data/1096343/000109634324000025/0001096343-24-000025-index.htm", "finalLink": "https://www.sec.gov/Archives/edgar/data/1096343/000109634324000025/mkl-20231231.htm", "calculatedOtherExpenses": 12677265000, "calculatedOperatingExpenses": 12677265000, "calculatedNetInterest": 566677000, "calculatedOtherIncome": -841799000, "calculatedIncomeNonControlling": 105030000, "calculatedEbitda": 3188751999}, {"date": "2022-12-31", "symbol": "MKL", "reportedCurrency": "USD", "cik": "0001096343", "fillingDate": "2023-02-17", "acceptedDate": "2023-02-17 16:33:39", "calendarYear": "2022", "period": "FY", "revenue": 11815544000, "costOfRevenue": 178778000, "grossProfit": 11636766000, "grossProfitRatio": 0.9848692536, "researchAndDevelopmentExpenses": 0, "generalAndAdministrativeExpenses": 0, "sellingAndMarketingExpenses": 0, "sellingGeneralAndAdministrativeExpenses": 0, "otherExpenses": 11768321000, "operatingExpenses": 11768321000, "costAndExpenses": 11964383000, "interestIncome": 464013000, "interestExpense": 196062000, "depreciationAndAmortization": 178778000, "ebitda": 1057407000, "ebitdaratio": 0.0894928748, "operatingIncome": 878629000, "operatingIncomeRatio": 0.0743621284, "totalOtherIncomeExpensesNet": -1027468000, "incomeBeforeTax": -148839000, "incomeBeforeTaxRatio": -0.0125968809, "incomeTaxExpense": -47636000, "netIncome": -101203000, "netIncomeRatio": -0.0085652425, "eps": -7.45, "epsdiluted": -7.45, "weightedAverageShsOut": 13580000, "weightedAverageShsOutDil": 13580000, "link": "https://www.sec.gov/Archives/edgar/data/1096343/000109634323000033/0001096343-23-000033-index.htm", "finalLink": "https://www.sec.gov/Archives/edgar/data/1096343/000109634323000033/mkl-20221231.htm", "calculatedOtherExpenses": 10758137000, "calculatedOperatingExpenses": 10758137000, "calculatedNetInterest": 267951000, "calculatedOtherIncome": -1295419000, "calculatedIncomeNonControlling": 0, "calculatedEbitda": 1057407000}, {"date": "2021-12-31", "symbol": "MKL", "reportedCurrency": "USD", "cik": "0001096343", "fillingDate": "2022-02-18", "acceptedDate": "2022-02-18 16:34:01", "calendarYear": "2021", "period": "FY", "revenue": 12918696000, "costOfRevenue": 160539000, "grossProfit": 12758157000, "grossProfitRatio": 0.9875731266, "researchAndDevelopmentExpenses": 0, "generalAndAdministrativeExpenses": 0, "sellingAndMarketingExpenses": 0, "sellingGeneralAndAdministrativeExpenses": 0, "otherExpenses": -13799496000, "operatingExpenses": -13799496000, "costAndExpenses": 9786503000, "interestIncome": 384419000, "interestExpense": 183579000, "depreciationAndAmortization": 160539000, "ebitda": -720261000, "ebitdaratio": -0.0557533825, "operatingIncome": -880800000, "operatingIncomeRatio": -0.068180256, "totalOtherIncomeExpensesNet": 4012993000, "incomeBeforeTax": 3132193000, "incomeBeforeTaxRatio": 0.2424542694, "incomeTaxExpense": 684458000, "netIncome": 2423135000, "netIncomeRatio": 0.1875680796, "eps": 176.92, "epsdiluted": 176.51, "weightedAverageShsOut": 13768000, "weightedAverageShsOutDil": 13800000, "link": "https://www.sec.gov/Archives/edgar/data/1096343/000109634322000039/0001096343-22-000039-index.htm", "finalLink": "https://www.sec.gov/Archives/edgar/data/1096343/000109634322000039/mkl-20211231.htm", "calculatedOtherExpenses": 13638957000, "calculatedOperatingExpenses": 13638957000, "calculatedNetInterest": 200840000, "calculatedOtherIncome": 3812153000, "calculatedIncomeNonControlling": 24600000, "calculatedEbitda": -720261000}, {"date": "2020-12-31", "symbol": "MKL", "reportedCurrency": "USD", "cik": "0001096343", "fillingDate": "2021-02-19", "acceptedDate": "2021-02-19 16:36:41", "calendarYear": "2020", "period": "FY", "revenue": 9639213000, "costOfRevenue": 159315000, "grossProfit": 9479898000, "grossProfitRatio": 0.9834721984, "researchAndDevelopmentExpenses": 0, "generalAndAdministrativeExpenses": 0, "sellingAndMarketingExpenses": 0, "sellingGeneralAndAdministrativeExpenses": 0, "otherExpenses": -11787553000, "operatingExpenses": -11787553000, "costAndExpenses": 8638764000, "interestIncome": 392045000, "interestExpense": 177582000, "depreciationAndAmortization": 159315000, "ebitda": -1989025000, "ebitdaratio": -0.2063472402, "operatingIncome": -2148340000, "operatingIncomeRatio": -0.2228750418, "totalOtherIncomeExpensesNet": 3148789000, "incomeBeforeTax": 1000449000, "incomeBeforeTaxRatio": 0.1037894899, "incomeTaxExpense": 168682000, "netIncome": 816030000, "netIncomeRatio": 0.0846573263, "eps": 55.67, "epsdiluted": 55.63, "weightedAverageShsOut": 13811000, "weightedAverageShsOutDil": 13823000, "link": "https://www.sec.gov/Archives/edgar/data/1096343/000109634321000032/0001096343-21-000032-index.htm", "finalLink": "https://www.sec.gov/Archives/edgar/data/1096343/000109634321000032/mkl-20201231.htm", "calculatedOtherExpenses": 11628238000, "calculatedOperatingExpenses": 11628238000, "calculatedNetInterest": 214463000, "calculatedOtherIncome": 2934326000, "calculatedIncomeNonControlling": 15737000, "calculatedEbitda": -1989025000}, {"date": "2019-12-31", "symbol": "MKL", "reportedCurrency": "USD", "cik": "0001096343", "fillingDate": "2020-02-21", "acceptedDate": "2020-02-21 16:46:03", "calendarYear": "2019", "period": "FY", "revenue": 9523926000, "costOfRevenue": 148638000, "grossProfit": 9375288000, "grossProfitRatio": 0.9843932009, "researchAndDevelopmentExpenses": 0, "generalAndAdministrativeExpenses": 675679000, "sellingAndMarketingExpenses": 0, "sellingGeneralAndAdministrativeExpenses": 675679000, "otherExpenses": -10345581000, "operatingExpenses": -9669902000, "costAndExpenses": 7238118000, "interestIncome": 171687000, "interestExpense": 171687000, "depreciationAndAmortization": 148638000, "ebitda": 2662000, "ebitdaratio": 0.0002795066, "operatingIncome": -145976000, "operatingIncomeRatio": -0.0153272925, "totalOtherIncomeExpensesNet": 2431784000, "incomeBeforeTax": 2285808000, "incomeBeforeTaxRatio": 0.2400069047, "incomeTaxExpense": 486346000, "netIncome": 1790466000, "netIncomeRatio": 0.1879966308, "eps": 129.25, "epsdiluted": 129.07, "weightedAverageShsOut": 13861000, "weightedAverageShsOutDil": 13881000, "link": "https://www.sec.gov/Archives/edgar/data/1096343/000109634320000039/0001096343-20-000039-index.htm", "finalLink": "https://www.sec.gov/Archives/edgar/data/1096343/000109634320000039/mkl1231201910k.htm", "calculatedOtherExpenses": 8845585000, "calculatedOperatingExpenses": 9521264000, "calculatedNetInterest": 0, "calculatedOtherIncome": 2431784000, "calculatedIncomeNonControlling": 8996000, "calculatedEbitda": 2662000}, {"date": "2018-12-31", "symbol": "MKL", "reportedCurrency": "USD", "cik": "0001096343", "fillingDate": "2019-02-28", "acceptedDate": "2019-02-28 17:00:48", "calendarYear": "2018", "period": "FY", "revenue": 6947883000, "costOfRevenue": 115930000, "grossProfit": 6831953000, "grossProfitRatio": 0.9833143419, "researchAndDevelopmentExpenses": 0, "generalAndAdministrativeExpenses": 474924000, "sellingAndMarketingExpenses": 0, "sellingGeneralAndAdministrativeExpenses": 474924000, "otherExpenses": -7274277000, "operatingExpenses": -6799353000, "costAndExpenses": 6955738000, "interestIncome": 0, "interestExpense": 154212000, "depreciationAndAmortization": 115930000, "ebitda": 376376000, "ebitdaratio": 0.054171321, "operatingIncome": 148530000, "operatingIncomeRatio": 0.0213777348, "totalOtherIncomeExpensesNet": 2132606000, "incomeBeforeTax": -7855000, "incomeBeforeTaxRatio": -0.0011305602, "incomeTaxExpense": 122498000, "netIncome": -128180000, "netIncomeRatio": -0.018448785, "eps": -9.21, "epsdiluted": -9.21, "weightedAverageShsOut": 13923000, "weightedAverageShsOutDil": 13923000, "link": "https://www.sec.gov/Archives/edgar/data/1096343/000109634319000074/0001096343-19-000074-index.htm", "finalLink": "https://www.sec.gov/Archives/edgar/data/1096343/000109634319000074/mkl_12312018x10k.htm", "calculatedOtherExpenses": 6208499000, "calculatedOperatingExpenses": 6683423000, "calculatedNetInterest": -154212000, "calculatedOtherIncome": -2173000, "calculatedIncomeNonControlling": -2173000, "calculatedEbitda": 264460000}, {"date": "2017-12-31", "symbol": "MKL", "reportedCurrency": "USD", "cik": "0001096343", "fillingDate": "2018-02-23", "acceptedDate": "2018-02-23 14:32:27", "calendarYear": "2017", "period": "FY", "revenue": 6061659000, "costOfRevenue": 80758000, "grossProfit": 5980901000, "grossProfitRatio": 0.9866772446, "researchAndDevelopmentExpenses": 0, "generalAndAdministrativeExpenses": 0, "sellingAndMarketingExpenses": 0, "sellingGeneralAndAdministrativeExpenses": 0, "otherExpenses": 5841913000, "operatingExpenses": 5841913000, "costAndExpenses": 5974364000, "interestIncome": 0, "interestExpense": 132451000, "depreciationAndAmortization": 80758000, "ebitda": 418128000, "ebitdaratio": 0.0689791359, "operatingIncome": 219746000, "operatingIncomeRatio": 0.0362517918, "totalOtherIncomeExpensesNet": 1413275000, "incomeBeforeTax": 87295000, "incomeBeforeTaxRatio": 0.014401173, "incomeTaxExpense": -313463000, "netIncome": 395269000, "netIncomeRatio": 0.0652080561, "eps": 25.89, "epsdiluted": 25.81, "weightedAverageShsOut": 13964000, "weightedAverageShsOutDil": 14006000, "link": "https://www.sec.gov/Archives/edgar/data/1096343/000109634318000042/0001096343-18-000042-index.htm", "finalLink": "https://www.sec.gov/Archives/edgar/data/1096343/000109634318000042/mkl_12312017x10k.htm", "calculatedOtherExpenses": 5761155000, "calculatedOperatingExpenses": 5761155000, "calculatedNetInterest": -132451000, "calculatedOtherIncome": 0, "calculatedIncomeNonControlling": 5489000, "calculatedEbitda": 300504000}, {"date": "2016-12-31", "symbol": "MKL", "reportedCurrency": "USD", "cik": "0001096343", "fillingDate": "2017-02-24", "acceptedDate": "2017-02-24 12:49:58", "calendarYear": "2016", "period": "FY", "revenue": 5612026000, "costOfRevenue": 68533000, "grossProfit": 5543493000, "grossProfitRatio": 0.9877881891, "researchAndDevelopmentExpenses": 0, "generalAndAdministrativeExpenses": 0, "sellingAndMarketingExpenses": 0, "sellingGeneralAndAdministrativeExpenses": 0, "otherExpenses": 4808110000, "operatingExpenses": 4808110000, "costAndExpenses": 4982106000, "interestIncome": 0, "interestExpense": 129896000, "depreciationAndAmortization": 68533000, "ebitda": 949209000, "ebitdaratio": 0.1691383825, "operatingIncome": 803916000, "operatingIncomeRatio": 0.1432488018, "totalOtherIncomeExpensesNet": 1307779000, "incomeBeforeTax": 629920000, "incomeBeforeTaxRatio": 0.1122446689, "incomeTaxExpense": 169477000, "netIncome": 455689000, "netIncomeRatio": 0.0811986616, "eps": 31.41, "epsdiluted": 31.27, "weightedAverageShsOut": 14013000, "weightedAverageShsOutDil": 14078000, "link": "https://www.sec.gov/Archives/edgar/data/1096343/000109634317000046/0001096343-17-000046-index.htm", "finalLink": "https://www.sec.gov/Archives/edgar/data/1096343/000109634317000046/mkl_12312016x10k.htm", "calculatedOtherExpenses": 4739577000, "calculatedOperatingExpenses": 4739577000, "calculatedNetInterest": -129896000, "calculatedOtherIncome": -44100000, "calculatedIncomeNonControlling": 4754000, "calculatedEbitda": 872449000}, {"date": "2015-12-31", "symbol": "MKL", "reportedCurrency": "USD", "cik": "0001096343", "fillingDate": "2016-02-26", "acceptedDate": "2016-02-26 14:22:49", "calendarYear": "2015", "period": "FY", "revenue": 5369983000, "costOfRevenue": 68947000, "grossProfit": 5301036000, "grossProfitRatio": 0.987160667, "researchAndDevelopmentExpenses": 0, "generalAndAdministrativeExpenses": 0, "sellingAndMarketingExpenses": 0, "sellingGeneralAndAdministrativeExpenses": 0, "otherExpenses": 4509577000, "operatingExpenses": 4509577000, "costAndExpenses": 4627878000, "interestIncome": 0, "interestExpense": 118301000, "depreciationAndAmortization": 68947000, "ebitda": 1055023000, "ebitdaratio": 0.19646673, "operatingIncome": 860406000, "operatingIncomeRatio": 0.1602250882, "totalOtherIncomeExpensesNet": 1086758000, "incomeBeforeTax": 742105000, "incomeBeforeTaxRatio": 0.1381950371, "incomeTaxExpense": 152963000, "netIncome": 582772000, "netIncomeRatio": 0.1085239935, "eps": 41.99, "epsdiluted": 41.74, "weightedAverageShsOut": 13978000, "weightedAverageShsOutDil": 14061000, "link": "https://www.sec.gov/Archives/edgar/data/1096343/000109634316000185/0001096343-16-000185-index.htm", "finalLink": "https://www.sec.gov/Archives/edgar/data/1096343/000109634316000185/mkl_12312015x10k.htm", "calculatedOtherExpenses": 4440630000, "calculatedOperatingExpenses": 4440630000, "calculatedNetInterest": -118301000, "calculatedOtherIncome": 0, "calculatedIncomeNonControlling": 6370000, "calculatedEbitda": 929353000}, {"date": "2014-12-31", "symbol": "MKL", "reportedCurrency": "USD", "cik": "0001096343", "fillingDate": "2015-02-27", "acceptedDate": "2015-02-27 14:39:25", "calendarYear": "2014", "period": "FY", "revenue": 5133667000, "costOfRevenue": 57627000, "grossProfit": 5076040000, "grossProfitRatio": 0.9887746907, "researchAndDevelopmentExpenses": 0, "generalAndAdministrativeExpenses": 0, "sellingAndMarketingExpenses": 0, "sellingGeneralAndAdministrativeExpenses": 0, "otherExpenses": 4575847000, "operatingExpenses": 4575847000, "costAndExpenses": 4693289000, "interestIncome": 0, "interestExpense": 117442000, "depreciationAndAmortization": 57627000, "ebitda": 758894000, "ebitdaratio": 0.1478268848, "operatingIncome": 557820000, "operatingIncomeRatio": 0.1086591709, "totalOtherIncomeExpensesNet": 883525000, "incomeBeforeTax": 440378000, "incomeBeforeTaxRatio": 0.0857823462, "incomeTaxExpense": 116690000, "netIncome": 321182000, "netIncomeRatio": 0.0625638554, "eps": 22.38, "epsdiluted": 22.27, "weightedAverageShsOut": 13984000, "weightedAverageShsOutDil": 14057000, "link": "https://www.sec.gov/Archives/edgar/data/1096343/000109634315000013/0001096343-15-000013-index.htm", "finalLink": "https://www.sec.gov/Archives/edgar/data/1096343/000109634315000013/mkl_12312014x10k.htm", "calculatedOtherExpenses": 4518220000, "calculatedOperatingExpenses": 4518220000, "calculatedNetInterest": -117442000, "calculatedOtherIncome": 0, "calculatedIncomeNonControlling": 2506000, "calculatedEbitda": 615447000}, {"date": "2013-12-31", "symbol": "MKL", "reportedCurrency": "USD", "cik": "0001096343", "fillingDate": "2014-02-28", "acceptedDate": "2014-02-28 13:29:40", "calendarYear": "2013", "period": "FY", "revenue": 4323083000, "costOfRevenue": 55223000, "grossProfit": 4267860000, "grossProfitRatio": 0.9872260144, "researchAndDevelopmentExpenses": 0, "generalAndAdministrativeExpenses": 0, "sellingAndMarketingExpenses": 0, "sellingGeneralAndAdministrativeExpenses": 0, "otherExpenses": 3847336000, "operatingExpenses": 3847336000, "costAndExpenses": 3961340000, "interestIncome": 0, "interestExpense": 114004000, "depreciationAndAmortization": 55223000, "ebitda": 662989000, "ebitdaratio": 0.1533602293, "operatingIncome": 475747000, "operatingIncomeRatio": 0.1100480837, "totalOtherIncomeExpensesNet": 710942000, "incomeBeforeTax": 361743000, "incomeBeforeTaxRatio": 0.0836770888, "incomeTaxExpense": 77898000, "netIncome": 281021000, "netIncomeRatio": 0.0650047663, "eps": 22.57, "epsdiluted": 22.48, "weightedAverageShsOut": 12538000, "weightedAverageShsOutDil": 12586000, "link": "https://www.sec.gov/Archives/edgar/data/1096343/000109634314000006/0001096343-14-000006-index.htm", "finalLink": "https://www.sec.gov/Archives/edgar/data/1096343/000109634314000006/mkl_12312013x10k.htm", "calculatedOtherExpenses": 3792113000, "calculatedOperatingExpenses": 3792113000, "calculatedNetInterest": -114004000, "calculatedOtherIncome": 0, "calculatedIncomeNonControlling": 2824000, "calculatedEbitda": 530970000}, {"date": "2012-12-31", "symbol": "MKL", "reportedCurrency": "USD", "cik": "0001096343", "fillingDate": "2013-02-28", "acceptedDate": "2013-02-28 11:11:22", "calendarYear": "2012", "period": "FY", "revenue": 3000112000, "costOfRevenue": 33512000, "grossProfit": 2966600000, "grossProfitRatio": 0.9888297504, "researchAndDevelopmentExpenses": 0, "generalAndAdministrativeExpenses": 0, "sellingAndMarketingExpenses": 0, "sellingGeneralAndAdministrativeExpenses": 0, "otherExpenses": 2595300000, "operatingExpenses": 2595300000, "costAndExpenses": 2688062000, "interestIncome": 0, "interestExpense": 92762000, "depreciationAndAmortization": 33512000, "ebitda": 487275000, "ebitdaratio": 0.1624189364, "operatingIncome": 404812000, "operatingIncomeRatio": 0.1349322959, "totalOtherIncomeExpensesNet": 539284000, "incomeBeforeTax": 312050000, "incomeBeforeTaxRatio": 0.1040127835, "incomeTaxExpense": 53802000, "netIncome": 253385000, "netIncomeRatio": 0.0844585135, "eps": 25.96, "epsdiluted": 25.89, "weightedAverageShsOut": 9667207, "weightedAverageShsOutDil": 9760593, "link": "https://www.sec.gov/Archives/edgar/data/1096343/000109634313000005/0001096343-13-000005-index.htm", "finalLink": "https://www.sec.gov/Archives/edgar/data/1096343/000109634313000005/mkl_12312012x10k.htm", "calculatedOtherExpenses": 2561788000, "calculatedOperatingExpenses": 2561788000, "calculatedNetInterest": -92762000, "calculatedOtherIncome": 0, "calculatedIncomeNonControlling": 4863000, "calculatedEbitda": 438324000}, {"date": "2011-12-31", "symbol": "MKL", "reportedCurrency": "USD", "cik": "0001096343", "fillingDate": "2012-02-28", "acceptedDate": "2012-02-28 10:53:28", "calendarYear": "2011", "period": "FY", "revenue": 2629950000, "costOfRevenue": 24291000, "grossProfit": 2605659000, "grossProfitRatio": 0.9907637027, "researchAndDevelopmentExpenses": 0, "generalAndAdministrativeExpenses": 0, "sellingAndMarketingExpenses": 0, "sellingGeneralAndAdministrativeExpenses": 0, "otherExpenses": 2353502000, "operatingExpenses": 2353502000, "costAndExpenses": 2439754000, "interestIncome": 0, "interestExpense": 86252000, "depreciationAndAmortization": 24291000, "ebitda": 340560000, "ebitdaratio": 0.1294929561, "operatingIncome": 276448000, "operatingIncomeRatio": 0.1051153064, "totalOtherIncomeExpensesNet": 351077000, "incomeBeforeTax": 190196000, "incomeBeforeTaxRatio": 0.0723192456, "incomeTaxExpense": 41710000, "netIncome": 142026000, "netIncomeRatio": 0.054003308, "eps": 14.66, "epsdiluted": 14.6, "weightedAverageShsOut": 9687995, "weightedAverageShsOutDil": 9726000, "link": "https://www.sec.gov/Archives/edgar/data/1096343/000119312512083817/0001193125-12-083817-index.htm", "finalLink": "https://www.sec.gov/Archives/edgar/data/1096343/000119312512083817/d219706d10k.htm", "calculatedOtherExpenses": 2329211000, "calculatedOperatingExpenses": 2329211000, "calculatedNetInterest": -86252000, "calculatedOtherIncome": 0, "calculatedIncomeNonControlling": 6460000, "calculatedEbitda": 300739000}, {"date": "2010-12-31", "symbol": "MKL", "reportedCurrency": "USD", "cik": "0001096343", "fillingDate": "2011-02-28", "acceptedDate": "2011-02-28 10:46:29", "calendarYear": "2010", "period": "FY", "revenue": 2225393000, "costOfRevenue": 16824000, "grossProfit": 2208569000, "grossProfitRatio": 0.992439987, "researchAndDevelopmentExpenses": 0, "generalAndAdministrativeExpenses": 0, "sellingAndMarketingExpenses": 0, "sellingGeneralAndAdministrativeExpenses": 0, "otherExpenses": 1856219000, "operatingExpenses": 1856219000, "costAndExpenses": 1929882000, "interestIncome": 0, "interestExpense": 73663000, "depreciationAndAmortization": 16824000, "ebitda": 421825000, "ebitdaratio": 0.1895507895, "operatingIncome": 369174000, "operatingIncomeRatio": 0.1658915976, "totalOtherIncomeExpensesNet": 234149000, "incomeBeforeTax": 295511000, "incomeBeforeTaxRatio": 0.1327904779, "incomeTaxExpense": 27782000, "netIncome": 266793000, "netIncomeRatio": 0.119885791, "eps": 27.31, "epsdiluted": 27.27, "weightedAverageShsOut": 9769059, "weightedAverageShsOutDil": 9783388, "link": "https://www.sec.gov/Archives/edgar/data/1096343/000119312511048986/0001193125-11-048986-index.htm", "finalLink": "https://www.sec.gov/Archives/edgar/data/1096343/000119312511048986/d10k.htm", "calculatedOtherExpenses": 1839395000, "calculatedOperatingExpenses": 1839395000, "calculatedNetInterest": -73663000, "calculatedOtherIncome": 0, "calculatedIncomeNonControlling": 936000, "calculatedEbitda": 385998000}, {"date": "2009-12-31", "symbol": "MKL", "reportedCurrency": "USD", "cik": "0001096343", "fillingDate": "2010-03-01", "acceptedDate": "2010-03-01 13:52:23", "calendarYear": "2009", "period": "FY", "revenue": 2069326000, "costOfRevenue": 6698000, "grossProfit": 2062628000, "grossProfitRatio": 0.9967631973, "researchAndDevelopmentExpenses": 0, "generalAndAdministrativeExpenses": 0, "sellingAndMarketingExpenses": 0, "sellingGeneralAndAdministrativeExpenses": 0, "otherExpenses": 1816720000, "operatingExpenses": 1816720000, "costAndExpenses": 1870689000, "interestIncome": 0, "interestExpense": 53969000, "depreciationAndAmortization": 6698000, "ebitda": 282997000, "ebitdaratio": 0.1367580555, "operatingIncome": 252606000, "operatingIncomeRatio": 0.1220716311, "totalOtherIncomeExpensesNet": 89782000, "incomeBeforeTax": 198637000, "incomeBeforeTaxRatio": 0.0959911585, "incomeTaxExpense": -3782000, "netIncome": 201638000, "netIncomeRatio": 0.0974413891, "eps": 20.54, "epsdiluted": 20.52, "weightedAverageShsOut": 9819000, "weightedAverageShsOutDil": 9826000, "link": "https://www.sec.gov/Archives/edgar/data/1096343/000119312510044413/0001193125-10-044413-index.htm", "finalLink": "https://www.sec.gov/Archives/edgar/data/1096343/000119312510044413/d10k.htm", "calculatedOtherExpenses": 1810022000, "calculatedOperatingExpenses": 1810022000, "calculatedNetInterest": -53969000, "calculatedOtherIncome": 0, "calculatedIncomeNonControlling": 781000, "calculatedEbitda": 259304000}, {"date": "2008-12-31", "symbol": "MKL", "reportedCurrency": "USD", "cik": "0001096343", "fillingDate": "2009-03-02", "acceptedDate": "2009-03-02 10:06:54", "calendarYear": "2008", "period": "FY", "revenue": 1898328000, "costOfRevenue": 4383000, "grossProfit": 1893945000, "grossProfitRatio": 0.9976911261, "researchAndDevelopmentExpenses": 0, "generalAndAdministrativeExpenses": 0, "sellingAndMarketingExpenses": 0, "sellingGeneralAndAdministrativeExpenses": 0, "otherExpenses": 2011954000, "operatingExpenses": 2011954000, "costAndExpenses": 2059344000, "interestIncome": 0, "interestExpense": 47390000, "depreciationAndAmortization": 4383000, "ebitda": -84956000, "ebitdaratio": -0.0447530669, "operatingIncome": -113626000, "operatingIncomeRatio": -0.059855831, "totalOtherIncomeExpensesNet": -47390000, "incomeBeforeTax": -161016000, "incomeBeforeTaxRatio": -0.0848199047, "incomeTaxExpense": -102249000, "netIncome": -58767000, "netIncomeRatio": -0.0309572424, "eps": -5.99, "epsdiluted": -5.99, "weightedAverageShsOut": 9814000, "weightedAverageShsOutDil": 9814000, "link": "https://www.sec.gov/Archives/edgar/data/1096343/000119312509041947/0001193125-09-041947-index.htm", "finalLink": "https://www.sec.gov/Archives/edgar/data/1096343/000119312509041947/d10k.htm", "calculatedOtherExpenses": 2007571000, "calculatedOperatingExpenses": 2007571000, "calculatedNetInterest": -47390000, "calculatedOtherIncome": 0, "calculatedIncomeNonControlling": 0, "calculatedEbitda": -109243000}, {"date": "2007-12-31", "symbol": "MKL", "reportedCurrency": "USD", "cik": "0001096343", "fillingDate": "2008-02-29", "acceptedDate": "2008-02-29 09:51:14", "calendarYear": "2007", "period": "FY", "revenue": 2483256000, "costOfRevenue": 2145000, "grossProfit": 2481111000, "grossProfitRatio": 0.9991362147, "researchAndDevelopmentExpenses": 0, "generalAndAdministrativeExpenses": 0, "sellingAndMarketingExpenses": 0, "sellingGeneralAndAdministrativeExpenses": 0, "otherExpenses": 1855047000, "operatingExpenses": 1855047000, "costAndExpenses": 1911298000, "interestIncome": 0, "interestExpense": 56251000, "depreciationAndAmortization": 30528000, "ebitda": 658737000, "ebitdaratio": 0.2652714823, "operatingIncome": 628209000, "operatingIncomeRatio": 0.2529779451, "totalOtherIncomeExpensesNet": -56251000, "incomeBeforeTax": 571958000, "incomeBeforeTaxRatio": 0.2303258303, "incomeTaxExpense": 166289000, "netIncome": 405669000, "netIncomeRatio": 0.1633617315, "eps": 40.73, "epsdiluted": 40.64, "weightedAverageShsOut": 9961000, "weightedAverageShsOutDil": 9981000, "link": "https://www.sec.gov/Archives/edgar/data/1096343/000119312508042863/0001193125-08-042863-index.htm", "finalLink": "https://www.sec.gov/Archives/edgar/data/1096343/000119312508042863/d10k.htm", "calculatedOtherExpenses": 1852902000, "calculatedOperatingExpenses": 1852902000, "calculatedNetInterest": -56251000, "calculatedOtherIncome": 0, "calculatedIncomeNonControlling": 0, "calculatedEbitda": 658737000}, {"date": "2006-12-31", "symbol": "MKL", "reportedCurrency": "USD", "cik": "0001096343", "fillingDate": "2007-03-01", "acceptedDate": "2007-03-01 10:25:17", "calendarYear": "2006", "period": "FY", "revenue": 2519005000, "costOfRevenue": 0, "grossProfit": 2519005000, "grossProfitRatio": 1, "researchAndDevelopmentExpenses": 0, "generalAndAdministrativeExpenses": 0, "sellingAndMarketingExpenses": 0, "sellingGeneralAndAdministrativeExpenses": 0, "otherExpenses": 1900432000, "operatingExpenses": 1900432000, "costAndExpenses": 1965604000, "interestIncome": 0, "interestExpense": 65172000, "depreciationAndAmortization": 27610000, "ebitda": 646183000, "ebitdaratio": 0.2565231113, "operatingIncome": 618573000, "operatingIncomeRatio": 0.2455624344, "totalOtherIncomeExpensesNet": -65172000, "incomeBeforeTax": 553401000, "incomeBeforeTaxRatio": 0.2196903142, "incomeTaxExpense": 160899000, "netIncome": 392502000, "netIncomeRatio": 0.1558162846, "eps": 40.43, "epsdiluted": 39.4, "weightedAverageShsOut": 9708187, "weightedAverageShsOutDil": 9961980, "link": "https://www.sec.gov/Archives/edgar/data/1096343/000119312507043689/0001193125-07-043689-index.htm", "finalLink": "https://www.sec.gov/Archives/edgar/data/1096343/000119312507043689/d10k.htm", "calculatedOtherExpenses": 1900432000, "calculatedOperatingExpenses": 1900432000, "calculatedNetInterest": -65172000, "calculatedOtherIncome": 0, "calculatedIncomeNonControlling": 0, "calculatedEbitda": 646183000}, {"date": "2005-12-31", "symbol": "MKL", "reportedCurrency": "USD", "cik": "0001096343", "fillingDate": "2006-03-03", "acceptedDate": "2006-03-03 16:31:56", "calendarYear": "2005", "period": "FY", "revenue": 2200148000, "costOfRevenue": 0, "grossProfit": 2200148000, "grossProfitRatio": 1, "researchAndDevelopmentExpenses": 0, "generalAndAdministrativeExpenses": 0, "sellingAndMarketingExpenses": 0, "sellingGeneralAndAdministrativeExpenses": 0, "otherExpenses": 1950306000, "operatingExpenses": 1950306000, "costAndExpenses": 2014148000, "interestIncome": 0, "interestExpense": 63842000, "depreciationAndAmortization": 29581000, "ebitda": 279423000, "ebitdaratio": 0.1270019108, "operatingIncome": 249842000, "operatingIncomeRatio": 0.1135569062, "totalOtherIncomeExpensesNet": -63842000, "incomeBeforeTax": 186000000, "incomeBeforeTaxRatio": 0.0845397673, "incomeTaxExpense": 38085000, "netIncome": 147915000, "netIncomeRatio": 0.0672295682, "eps": 15.05, "epsdiluted": 14.8, "weightedAverageShsOut": 9828239, "weightedAverageShsOutDil": 9994257, "link": "https://www.sec.gov/Archives/edgar/data/1096343/000119312506045092/0001193125-06-045092-index.htm", "finalLink": "https://www.sec.gov/Archives/edgar/data/1096343/000119312506045092/d10k.htm", "calculatedOtherExpenses": 1950306000, "calculatedOperatingExpenses": 1950306000, "calculatedNetInterest": -63842000, "calculatedOtherIncome": 0, "calculatedIncomeNonControlling": 0, "calculatedEbitda": 279423000}, {"date": "2004-12-31", "symbol": "MKL", "reportedCurrency": "USD", "cik": "0001096343", "fillingDate": "2005-03-01", "acceptedDate": "2005-03-01 16:20:57", "calendarYear": "2004", "period": "FY", "revenue": 2262058000, "costOfRevenue": 0, "grossProfit": 2262058000, "grossProfitRatio": 1, "researchAndDevelopmentExpenses": 0, "generalAndAdministrativeExpenses": 0, "sellingAndMarketingExpenses": 0, "sellingGeneralAndAdministrativeExpenses": 0, "otherExpenses": 1981793000, "operatingExpenses": 1981793000, "costAndExpenses": 2038013000, "interestIncome": 0, "interestExpense": 56220000, "depreciationAndAmortization": 31336000, "ebitda": 311601000, "ebitdaratio": 0.1377511098, "operatingIncome": 280265000, "operatingIncomeRatio": 0.1238982378, "totalOtherIncomeExpensesNet": -56220000, "incomeBeforeTax": 224045000, "incomeBeforeTaxRatio": 0.0990447637, "incomeTaxExpense": 58633000, "netIncome": 165412000, "netIncomeRatio": 0.0731245618, "eps": 16.79, "epsdiluted": 16.41, "weightedAverageShsOut": 9851817, "weightedAverageShsOutDil": 10079951, "link": "https://www.sec.gov/Archives/edgar/data/1096343/000119312505039831/0001193125-05-039831-index.htm", "finalLink": "https://www.sec.gov/Archives/edgar/data/1096343/000119312505039831/d10k.htm", "calculatedOtherExpenses": 1981793000, "calculatedOperatingExpenses": 1981793000, "calculatedNetInterest": -56220000, "calculatedOtherIncome": 0, "calculatedIncomeNonControlling": 0, "calculatedEbitda": 311601000}, {"date": "2003-12-31", "symbol": "MKL", "reportedCurrency": "USD", "cik": "0001096343", "fillingDate": "2004-03-15", "acceptedDate": "2004-03-15 09:15:35", "calendarYear": "2003", "period": "FY", "revenue": 2091904000, "costOfRevenue": 4127000, "grossProfit": 2087777000, "grossProfitRatio": 0.9980271561, "researchAndDevelopmentExpenses": 0, "generalAndAdministrativeExpenses": 0, "sellingAndMarketingExpenses": 0, "sellingGeneralAndAdministrativeExpenses": 0, "otherExpenses": 1858359000, "operatingExpenses": 1858359000, "costAndExpenses": 1910320000, "interestIncome": 0, "interestExpense": 51961000, "depreciationAndAmortization": 39264000, "ebitda": 272809000, "ebitdaratio": 0.1304118162, "operatingIncome": 233545000, "operatingIncomeRatio": 0.1116423125, "totalOtherIncomeExpensesNet": -51961000, "incomeBeforeTax": 181584000, "incomeBeforeTaxRatio": 0.0868032185, "incomeTaxExpense": 58107000, "netIncome": 123477000, "netIncomeRatio": 0.0590261312, "eps": 12.55, "epsdiluted": 12.31, "weightedAverageShsOut": 9838805, "weightedAverageShsOutDil": 10030626, "link": "https://www.sec.gov/Archives/edgar/data/1096343/000119312504041548/0001193125-04-041548-index.htm", "finalLink": "https://www.sec.gov/Archives/edgar/data/1096343/000119312504041548/d10k.htm", "calculatedOtherExpenses": 1854232000, "calculatedOperatingExpenses": 1854232000, "calculatedNetInterest": -51961000, "calculatedOtherIncome": 0, "calculatedIncomeNonControlling": 0, "calculatedEbitda": 272809000}, {"date": "2002-12-31", "symbol": "MKL", "reportedCurrency": "USD", "cik": "0001096343", "fillingDate": "2003-03-26", "acceptedDate": "2003-03-26 15:39:03", "calendarYear": "2002", "period": "FY", "revenue": 1770195000, "costOfRevenue": 10684000, "grossProfit": 1759511000, "grossProfitRatio": 0.9939645067, "researchAndDevelopmentExpenses": 0, "generalAndAdministrativeExpenses": 0, "sellingAndMarketingExpenses": 0, "sellingGeneralAndAdministrativeExpenses": 0, "otherExpenses": 1612402000, "operatingExpenses": 1612402000, "costAndExpenses": 1652502000, "interestIncome": 0, "interestExpense": 40100000, "depreciationAndAmortization": 28231000, "ebitda": 186024000, "ebitdaratio": 0.1050867277, "operatingIncome": 157793000, "operatingIncomeRatio": 0.0891387672, "totalOtherIncomeExpensesNet": -40100000, "incomeBeforeTax": 117693000, "incomeBeforeTaxRatio": 0.0664858956, "incomeTaxExpense": 42369000, "netIncome": 75324000, "netIncomeRatio": 0.0425512444, "eps": 7.67, "epsdiluted": 7.65, "weightedAverageShsOut": 9820600, "weightedAverageShsOutDil": 9846275, "link": "https://www.sec.gov/Archives/edgar/data/1096343/000091664103000751/0000916641-03-000751-index.htm", "finalLink": "https://www.sec.gov/Archives/edgar/data/1096343/000091664103000751/d10k.htm", "calculatedOtherExpenses": 1601718000, "calculatedOperatingExpenses": 1601718000, "calculatedNetInterest": -40100000, "calculatedOtherIncome": 0, "calculatedIncomeNonControlling": 0, "calculatedEbitda": 186024000}, {"date": "2001-12-31", "symbol": "MKL", "reportedCurrency": "USD", "cik": "0001096343", "fillingDate": "2002-03-27", "acceptedDate": "2002-03-27 00:00:00", "calendarYear": "2001", "period": "FY", "revenue": 1397412000, "costOfRevenue": 0, "grossProfit": 1397412000, "grossProfitRatio": 1, "researchAndDevelopmentExpenses": 0, "generalAndAdministrativeExpenses": 0, "sellingAndMarketingExpenses": 0, "sellingGeneralAndAdministrativeExpenses": 0, "otherExpenses": -1530963000, "operatingExpenses": -1530963000, "costAndExpenses": 1579610000, "interestIncome": 0, "interestExpense": 48647000, "depreciationAndAmortization": 41913000, "ebitda": -91638000, "ebitdaratio": -0.0655769379, "operatingIncome": -133551000, "operatingIncomeRatio": -0.0955702398, "totalOtherIncomeExpensesNet": -48647000, "incomeBeforeTax": -182198000, "incomeBeforeTaxRatio": -0.1303824498, "incomeTaxExpense": -56481000, "netIncome": -125717000, "netIncomeRatio": -0.0899641623, "eps": -14.73, "epsdiluted": -14.73, "weightedAverageShsOut": 8534759, "weightedAverageShsOutDil": 8534759, "link": "https://www.sec.gov/Archives/edgar/data/1096343/000092838502001075/0000928385-02-001075-index.htm", "finalLink": "https://www.sec.gov/Archives/edgar/data/1096343/000092838502001075/d10k405.txt", "calculatedOtherExpenses": 1530963000, "calculatedOperatingExpenses": 1530963000, "calculatedNetInterest": -48647000, "calculatedOtherIncome": 0, "calculatedIncomeNonControlling": 0, "calculatedEbitda": -91638000}, {"date": "2000-12-31", "symbol": "MKL", "reportedCurrency": "USD", "cik": "0001096343", "fillingDate": "2001-03-27", "acceptedDate": "2001-03-27 00:00:00", "calendarYear": "2000", "period": "FY", "revenue": 1094483000, "costOfRevenue": 0, "grossProfit": 1094483000, "grossProfitRatio": 1, "researchAndDevelopmentExpenses": 0, "generalAndAdministrativeExpenses": 0, "sellingAndMarketingExpenses": 0, "sellingGeneralAndAdministrativeExpenses": 0, "otherExpenses": -1093941000, "operatingExpenses": -1093941000, "costAndExpenses": 1146289000, "interestIncome": 0, "interestExpense": 52348000, "depreciationAndAmortization": 32398000, "ebitda": 32940000, "ebitdaratio": 0.0300964017, "operatingIncome": 542000, "operatingIncomeRatio": 0.000495211, "totalOtherIncomeExpensesNet": 276000, "incomeBeforeTax": -51806000, "incomeBeforeTaxRatio": -0.047333764, "incomeTaxExpense": -24214000, "netIncome": -27592000, "netIncomeRatio": -0.0252100764, "eps": -3.99, "epsdiluted": -3.99, "weightedAverageShsOut": 6915288, "weightedAverageShsOutDil": 6915288, "link": "https://www.sec.gov/Archives/edgar/data/1096343/000091664101500015/0000916641-01-500015-index.htm", "finalLink": "https://www.sec.gov/Archives/edgar/data/1096343/000091664101500015/d10k.txt", "calculatedOtherExpenses": 1093941000, "calculatedOperatingExpenses": 1093941000, "calculatedNetInterest": -52348000, "calculatedOtherIncome": 0, "calculatedIncomeNonControlling": 0, "calculatedEbitda": 32940000}, {"date": "1999-12-31", "symbol": "MKL", "reportedCurrency": "USD", "cik": "0001096343", "fillingDate": "2000-03-17", "acceptedDate": "2000-03-17 00:00:00", "calendarYear": "1999", "period": "FY", "revenue": 524321000, "costOfRevenue": 0, "grossProfit": 524321000, "grossProfitRatio": 1, "researchAndDevelopmentExpenses": 0, "generalAndAdministrativeExpenses": 0, "sellingAndMarketingExpenses": 0, "sellingGeneralAndAdministrativeExpenses": 0, "otherExpenses": -445731000, "operatingExpenses": -445731000, "costAndExpenses": 470881000, "interestIncome": 0, "interestExpense": 25150000, "depreciationAndAmortization": 12855000, "ebitda": 91445000, "ebitdaratio": 0.1744065181, "operatingIncome": 78590000, "operatingIncomeRatio": 0.1498890947, "totalOtherIncomeExpensesNet": 341000, "incomeBeforeTax": 53440000, "incomeBeforeTaxRatio": 0.1019222957, "incomeTaxExpense": 12826000, "netIncome": 40614000, "netIncomeRatio": 0.0774601818, "eps": 7.27, "epsdiluted": 7.2, "weightedAverageShsOut": 5586520, "weightedAverageShsOutDil": 5640833, "link": "https://www.sec.gov/Archives/edgar/data/1096343/000091664100000260/0000916641-00-000260-index.htm", "finalLink": "https://www.sec.gov/Archives/edgar/data/1096343/000091664100000260/", "calculatedOtherExpenses": 445731000, "calculatedOperatingExpenses": 445731000, "calculatedNetInterest": -25150000, "calculatedOtherIncome": 0, "calculatedIncomeNonControlling": 0, "calculatedEbitda": 91445000}, {"date": "1998-12-31", "symbol": "MKL", "reportedCurrency": "USD", "cik": "0001096343", "fillingDate": "1998-12-31", "acceptedDate": "1998-12-30 19:00:00", "calendarYear": "1998", "period": "FY", "revenue": 426000000, "costOfRevenue": 0, "grossProfit": 426000000, "grossProfitRatio": 1, "researchAndDevelopmentExpenses": 0, "generalAndAdministrativeExpenses": 0, "sellingAndMarketingExpenses": 0, "sellingGeneralAndAdministrativeExpenses": 0, "otherExpenses": -330200000, "operatingExpenses": -330200000, "costAndExpenses": 20400000, "interestIncome": 0, "interestExpense": 20400000, "depreciationAndAmortization": 7300000, "ebitda": 103100000, "ebitdaratio": 0.2420187793, "operatingIncome": 95800000, "operatingIncomeRatio": 0.2248826291, "totalOtherIncomeExpensesNet": 92700000, "incomeBeforeTax": 188500000, "incomeBeforeTaxRatio": 0.4424882629, "incomeTaxExpense": 18100000, "netIncome": 57300000, "netIncomeRatio": 0.1345070423, "eps": 10.41, "epsdiluted": 10.17, "weightedAverageShsOut": 5503650, "weightedAverageShsOutDil": 5633530, "link": "", "finalLink": "", "calculatedOtherExpenses": 330200000, "calculatedOperatingExpenses": 330200000, "calculatedNetInterest": -20400000, "calculatedOtherIncome": 113100000, "calculatedIncomeNonControlling": 113100000, "calculatedEbitda": 103100000}, {"date": "1997-12-31", "symbol": "MKL", "reportedCurrency": "USD", "cik": "0001096343", "fillingDate": "1997-12-31", "acceptedDate": "1997-12-30 19:00:00", "calendarYear": "1997", "period": "FY", "revenue": 419000000, "costOfRevenue": 0, "grossProfit": 419000000, "grossProfitRatio": 1, "researchAndDevelopmentExpenses": 0, "generalAndAdministrativeExpenses": 0, "sellingAndMarketingExpenses": 0, "sellingGeneralAndAdministrativeExpenses": 0, "otherExpenses": -332600000, "operatingExpenses": -332600000, "costAndExpenses": 20100000, "interestIncome": 0, "interestExpense": 20100000, "depreciationAndAmortization": 7300000, "ebitda": 93700000, "ebitdaratio": 0.223627685, "operatingIncome": 86400000, "operatingIncomeRatio": 0.2062052506, "totalOtherIncomeExpensesNet": 86100000, "incomeBeforeTax": 172500000, "incomeBeforeTaxRatio": 0.4116945107, "incomeTaxExpense": 15900000, "netIncome": 50400000, "netIncomeRatio": 0.1202863962, "eps": 9.2, "epsdiluted": 8.92, "weightedAverageShsOut": 5478261, "weightedAverageShsOutDil": 5650224, "link": "", "finalLink": "", "calculatedOtherExpenses": 332600000, "calculatedOperatingExpenses": 332600000, "calculatedNetInterest": -20100000, "calculatedOtherIncome": 106200000, "calculatedIncomeNonControlling": 106200000, "calculatedEbitda": 93700000}, {"date": "1996-12-31", "symbol": "MKL", "reportedCurrency": "USD", "cik": "0001096343", "fillingDate": "1996-12-31", "acceptedDate": "1996-12-30 19:00:00", "calendarYear": "1996", "period": "FY", "revenue": 366700000, "costOfRevenue": 0, "grossProfit": 366700000, "grossProfitRatio": 1, "researchAndDevelopmentExpenses": 0, "generalAndAdministrativeExpenses": 0, "sellingAndMarketingExpenses": 0, "sellingGeneralAndAdministrativeExpenses": 0, "otherExpenses": -321700000, "operatingExpenses": -321700000, "costAndExpenses": 8000000, "interestIncome": 0, "interestExpense": 8000000, "depreciationAndAmortization": 10900000, "ebitda": 55900000, "ebitdaratio": 0.1524406872, "operatingIncome": 45000000, "operatingIncomeRatio": 0.1227161167, "totalOtherIncomeExpensesNet": 59200000, "incomeBeforeTax": 104200000, "incomeBeforeTaxRatio": 0.2841559858, "incomeTaxExpense": -9700000, "netIncome": 46700000, "netIncomeRatio": 0.1273520589, "eps": 8.58, "epsdiluted": 8.3, "weightedAverageShsOut": 5623000, "weightedAverageShsOutDil": 5627000, "link": "", "finalLink": "", "calculatedOtherExpenses": 321700000, "calculatedOperatingExpenses": 321700000, "calculatedNetInterest": -8000000, "calculatedOtherIncome": 67200000, "calculatedIncomeNonControlling": 67200000, "calculatedEbitda": 55900000}, {"date": "1995-12-31", "symbol": "MKL", "reportedCurrency": "USD", "cik": "0001096343", "fillingDate": "1995-12-31", "acceptedDate": "1995-12-30 19:00:00", "calendarYear": "1995", "period": "FY", "revenue": 343600000, "costOfRevenue": 0, "grossProfit": 343600000, "grossProfitRatio": 1, "researchAndDevelopmentExpenses": 0, "generalAndAdministrativeExpenses": 0, "sellingAndMarketingExpenses": 0, "sellingGeneralAndAdministrativeExpenses": 0, "otherExpenses": -287200000, "operatingExpenses": -287200000, "costAndExpenses": 8500000, "interestIncome": 0, "interestExpense": 8500000, "depreciationAndAmortization": 11100000, "ebitda": 67500000, "ebitdaratio": 0.1964493597, "operatingIncome": 56400000, "operatingIncomeRatio": 0.1641443539, "totalOtherIncomeExpensesNet": 58500000, "incomeBeforeTax": 114900000, "incomeBeforeTaxRatio": 0.3344004657, "incomeTaxExpense": 13400000, "netIncome": 34500000, "netIncomeRatio": 0.1004074505, "eps": 6.38, "epsdiluted": 6.15, "weightedAverageShsOut": 5605000, "weightedAverageShsOutDil": 5633000, "link": "", "finalLink": "", "calculatedOtherExpenses": 287200000, "calculatedOperatingExpenses": 287200000, "calculatedNetInterest": -8500000, "calculatedOtherIncome": 67000000, "calculatedIncomeNonControlling": 67000000, "calculatedEbitda": 67500000}, {"date": "1994-12-31", "symbol": "MKL", "reportedCurrency": "USD", "cik": "0001096343", "fillingDate": "1994-12-31", "acceptedDate": "1994-12-30 19:00:00", "calendarYear": "1994", "period": "FY", "revenue": 279700000, "costOfRevenue": 0, "grossProfit": 279700000, "grossProfitRatio": 1, "researchAndDevelopmentExpenses": 0, "generalAndAdministrativeExpenses": 0, "sellingAndMarketingExpenses": 0, "sellingGeneralAndAdministrativeExpenses": 0, "otherExpenses": -246300000, "operatingExpenses": -246300000, "costAndExpenses": 88400000, "interestIncome": 0, "interestExpense": 7700000, "depreciationAndAmortization": 15400000, "ebitda": 48800000, "ebitdaratio": 0.1744726493, "operatingIncome": 33400000, "operatingIncomeRatio": 0.1194136575, "totalOtherIncomeExpensesNet": 36600000, "incomeBeforeTax": 70000000, "incomeBeforeTaxRatio": 0.2502681444, "incomeTaxExpense": 7100000, "netIncome": 18600000, "netIncomeRatio": 0.0664998212, "eps": 3.33, "epsdiluted": 3.33, "weightedAverageShsOut": 5585586, "weightedAverageShsOutDil": 5585586, "link": "", "finalLink": "", "calculatedOtherExpenses": 246300000, "calculatedOperatingExpenses": 246300000, "calculatedNetInterest": -7700000, "calculatedOtherIncome": 44300000, "calculatedIncomeNonControlling": 44300000, "calculatedEbitda": 48800000}, {"date": "1993-12-31", "symbol": "MKL", "reportedCurrency": "USD", "cik": "0001096343", "fillingDate": "1993-12-31", "acceptedDate": "1993-12-30 19:00:00", "calendarYear": "1993", "period": "FY", "revenue": 234900000, "costOfRevenue": 0, "grossProfit": 234900000, "grossProfitRatio": 1, "researchAndDevelopmentExpenses": 0, "generalAndAdministrativeExpenses": 0, "sellingAndMarketingExpenses": 0, "sellingGeneralAndAdministrativeExpenses": 0, "otherExpenses": -197200000, "operatingExpenses": -197200000, "costAndExpenses": 72900000, "interestIncome": 0, "interestExpense": 5600000, "depreciationAndAmortization": 13000000, "ebitda": 50700000, "ebitdaratio": 0.2158365262, "operatingIncome": 37700000, "operatingIncomeRatio": 0.1604938272, "totalOtherIncomeExpensesNet": 42300000, "incomeBeforeTax": 80000000, "incomeBeforeTaxRatio": 0.3405704555, "incomeTaxExpense": 8500000, "netIncome": 23600000, "netIncomeRatio": 0.1004682844, "eps": 4.23, "epsdiluted": 4.23, "weightedAverageShsOut": 5579196, "weightedAverageShsOutDil": 5579196, "link": "", "finalLink": "", "calculatedOtherExpenses": 197200000, "calculatedOperatingExpenses": 197200000, "calculatedNetInterest": -5600000, "calculatedOtherIncome": 47900000, "calculatedIncomeNonControlling": 47900000, "calculatedEbitda": 50700000}, {"date": "1992-12-31", "symbol": "MKL", "reportedCurrency": "USD", "cik": "0001096343", "fillingDate": "1992-12-31", "acceptedDate": "1992-12-30 19:00:00", "calendarYear": "1992", "period": "FY", "revenue": 229100000, "costOfRevenue": 0, "grossProfit": 229100000, "grossProfitRatio": 1, "researchAndDevelopmentExpenses": 0, "generalAndAdministrativeExpenses": 21900000, "sellingAndMarketingExpenses": 0, "sellingGeneralAndAdministrativeExpenses": 21900000, "otherExpenses": -206100000, "operatingExpenses": -184200000, "costAndExpenses": 72900000, "interestIncome": 0, "interestExpense": 5300000, "depreciationAndAmortization": 12300000, "ebitda": 57200000, "ebitdaratio": 0.249672632, "operatingIncome": 44900000, "operatingIncomeRatio": 0.1959842863, "totalOtherIncomeExpensesNet": 75700000, "incomeBeforeTax": 120600000, "incomeBeforeTaxRatio": 0.5264076822, "incomeTaxExpense": 14000000, "netIncome": 25600000, "netIncomeRatio": 0.1117415976, "eps": 4.64, "epsdiluted": 4.64, "weightedAverageShsOut": 5517241, "weightedAverageShsOutDil": 5517241, "link": "", "finalLink": "", "calculatedOtherExpenses": 162300000, "calculatedOperatingExpenses": 184200000, "calculatedNetInterest": -5300000, "calculatedOtherIncome": 81000000, "calculatedIncomeNonControlling": 81000000, "calculatedEbitda": 57200000}, {"date": "1991-12-31", "symbol": "MKL", "reportedCurrency": "USD", "cik": "0001096343", "fillingDate": "1991-12-31", "acceptedDate": "1991-12-30 19:00:00", "calendarYear": "1991", "period": "FY", "revenue": 225000000, "costOfRevenue": 0, "grossProfit": 225000000, "grossProfitRatio": 1, "researchAndDevelopmentExpenses": 0, "generalAndAdministrativeExpenses": 0, "sellingAndMarketingExpenses": 0, "sellingGeneralAndAdministrativeExpenses": 0, "otherExpenses": -207300000, "operatingExpenses": -207300000, "costAndExpenses": 41900000, "interestIncome": 0, "interestExpense": 0, "depreciationAndAmortization": 12600000, "ebitda": 30300000, "ebitdaratio": 0.1346666667, "operatingIncome": 17700000, "operatingIncomeRatio": 0.0786666667, "totalOtherIncomeExpensesNet": 73100000, "incomeBeforeTax": 90800000, "incomeBeforeTaxRatio": 0.4035555556, "incomeTaxExpense": 3300000, "netIncome": 14400000, "netIncomeRatio": 0.064, "eps": 2.7, "epsdiluted": 2.7, "weightedAverageShsOut": 5333333, "weightedAverageShsOutDil": 5333333, "link": "", "finalLink": "", "calculatedOtherExpenses": 207300000, "calculatedOperatingExpenses": 207300000, "calculatedNetInterest": 0, "calculatedOtherIncome": 73100000, "calculatedIncomeNonControlling": 73100000, "calculatedEbitda": 30300000}, {"date": "1990-12-31", "symbol": "MKL", "reportedCurrency": "USD", "cik": "0001096343", "fillingDate": "1990-12-31", "acceptedDate": "1990-12-30 19:00:00", "calendarYear": "1990", "period": "FY", "revenue": 77000000, "costOfRevenue": 0, "grossProfit": 77000000, "grossProfitRatio": 1, "researchAndDevelopmentExpenses": 0, "generalAndAdministrativeExpenses": 18800000, "sellingAndMarketingExpenses": 0, "sellingGeneralAndAdministrativeExpenses": 18800000, "otherExpenses": -84000000, "operatingExpenses": -65200000, "costAndExpenses": 31300000, "interestIncome": 0, "interestExpense": 4300000, "depreciationAndAmortization": 4800000, "ebitda": 16600000, "ebitdaratio": 0.2155844156, "operatingIncome": 11800000, "operatingIncomeRatio": 0.1532467532, "totalOtherIncomeExpensesNet": 43500000, "incomeBeforeTax": 55300000, "incomeBeforeTaxRatio": 0.7181818182, "incomeTaxExpense": 1800000, "netIncome": 5700000, "netIncomeRatio": 0.074025974, "eps": 1.05, "epsdiluted": 1.05, "weightedAverageShsOut": 5428571, "weightedAverageShsOutDil": 5428571, "link": "", "finalLink": "", "calculatedOtherExpenses": 46400000, "calculatedOperatingExpenses": 65200000, "calculatedNetInterest": -4300000, "calculatedOtherIncome": 47800000, "calculatedIncomeNonControlling": 47800000, "calculatedEbitda": 16600000}, {"date": "1989-12-31", "symbol": "MKL", "reportedCurrency": "USD", "cik": "0001096343", "fillingDate": "1989-12-31", "acceptedDate": "1989-12-30 19:00:00", "calendarYear": "1989", "period": "FY", "revenue": 97800000, "costOfRevenue": 0, "grossProfit": 97800000, "grossProfitRatio": 1, "researchAndDevelopmentExpenses": 0, "generalAndAdministrativeExpenses": 37200000, "sellingAndMarketingExpenses": 3300000, "sellingGeneralAndAdministrativeExpenses": 40500000, "otherExpenses": -118200000, "operatingExpenses": -77700000, "costAndExpenses": 56100000, "interestIncome": 0, "interestExpense": 3200000, "depreciationAndAmortization": 4300000, "ebitda": 24400000, "ebitdaratio": 0.2494887526, "operatingIncome": 20100000, "operatingIncomeRatio": 0.2055214724, "totalOtherIncomeExpensesNet": 74000000, "incomeBeforeTax": 94100000, "incomeBeforeTaxRatio": 0.9621676892, "incomeTaxExpense": 3100000, "netIncome": 13800000, "netIncomeRatio": 0.1411042945, "eps": 2.62, "epsdiluted": 2.62, "weightedAverageShsOut": 5267176, "weightedAverageShsOutDil": 5267176, "link": "", "finalLink": "", "calculatedOtherExpenses": 37200000, "calculatedOperatingExpenses": 77700000, "calculatedNetInterest": -3200000, "calculatedOtherIncome": 77200000, "calculatedIncomeNonControlling": 77200000, "calculatedEbitda": 24400000}, {"date": "1988-12-31", "symbol": "MKL", "reportedCurrency": "USD", "cik": "0001096343", "fillingDate": "1988-12-31", "acceptedDate": "1988-12-30 19:00:00", "calendarYear": "1988", "period": "FY", "revenue": 69500000, "costOfRevenue": 0, "grossProfit": 69500000, "grossProfitRatio": 1, "researchAndDevelopmentExpenses": 0, "generalAndAdministrativeExpenses": 0, "sellingAndMarketingExpenses": 0, "sellingGeneralAndAdministrativeExpenses": 0, "otherExpenses": -53800000, "operatingExpenses": -53800000, "costAndExpenses": 2400000, "interestIncome": 0, "interestExpense": 2400000, "depreciationAndAmortization": 0, "ebitda": 15700000, "ebitdaratio": 0.2258992806, "operatingIncome": 15700000, "operatingIncomeRatio": 0.2258992806, "totalOtherIncomeExpensesNet": 0, "incomeBeforeTax": 0, "incomeBeforeTaxRatio": 0, "incomeTaxExpense": 2400000, "netIncome": 10900000, "netIncomeRatio": 0.1568345324, "eps": 2.29, "epsdiluted": 2.29, "weightedAverageShsOut": 4716157, "weightedAverageShsOutDil": 4716157, "link": "", "finalLink": "", "calculatedOtherExpenses": 53800000, "calculatedOperatingExpenses": 53800000, "calculatedNetInterest": -2400000, "calculatedOtherIncome": -13300000, "calculatedIncomeNonControlling": -13300000, "calculatedEbitda": 15700000}, {"date": "1987-12-31", "symbol": "MKL", "reportedCurrency": "USD", "cik": "0001096343", "fillingDate": "1987-12-31", "acceptedDate": "1987-12-30 19:00:00", "calendarYear": "1987", "period": "FY", "revenue": 40700000, "costOfRevenue": 0, "grossProfit": 40700000, "grossProfitRatio": 1, "researchAndDevelopmentExpenses": 0, "generalAndAdministrativeExpenses": 0, "sellingAndMarketingExpenses": 0, "sellingGeneralAndAdministrativeExpenses": 0, "otherExpenses": -31800000, "operatingExpenses": -31800000, "costAndExpenses": 300000, "interestIncome": 0, "interestExpense": 300000, "depreciationAndAmortization": 0, "ebitda": 8900000, "ebitdaratio": 0.2186732187, "operatingIncome": 8900000, "operatingIncomeRatio": 0.2186732187, "totalOtherIncomeExpensesNet": 0, "incomeBeforeTax": 0, "incomeBeforeTaxRatio": 0, "incomeTaxExpense": 2600000, "netIncome": 6000000, "netIncomeRatio": 0.1474201474, "eps": 1.37, "epsdiluted": 1.37, "weightedAverageShsOut": 4306569, "weightedAverageShsOutDil": 4306569, "link": "", "finalLink": "", "calculatedOtherExpenses": 31800000, "calculatedOperatingExpenses": 31800000, "calculatedNetInterest": -300000, "calculatedOtherIncome": -8600000, "calculatedIncomeNonControlling": -8600000, "calculatedEbitda": 8900000}, {"date": "1986-12-31", "symbol": "MKL", "reportedCurrency": "USD", "cik": "0001096343", "fillingDate": "1986-12-31", "acceptedDate": "1986-12-30 19:00:00", "calendarYear": "1986", "period": "FY", "revenue": 35400000, "costOfRevenue": 0, "grossProfit": 35400000, "grossProfitRatio": 1, "researchAndDevelopmentExpenses": 0, "generalAndAdministrativeExpenses": 0, "sellingAndMarketingExpenses": 0, "sellingGeneralAndAdministrativeExpenses": 0, "otherExpenses": -28100000, "operatingExpenses": -28100000, "costAndExpenses": -28100000, "interestIncome": 0, "interestExpense": 0, "depreciationAndAmortization": 0, "ebitda": 7300000, "ebitdaratio": 0.2062146893, "operatingIncome": 7300000, "operatingIncomeRatio": 0.2062146893, "totalOtherIncomeExpensesNet": 0, "incomeBeforeTax": 0, "incomeBeforeTaxRatio": 0, "incomeTaxExpense": 2600000, "netIncome": 4700000, "netIncomeRatio": 0.1327683616, "eps": 1.27, "epsdiluted": 1.27, "weightedAverageShsOut": 3622047, "weightedAverageShsOutDil": 3622047, "link": "", "finalLink": "", "calculatedOtherExpenses": 28100000, "calculatedOperatingExpenses": 28100000, "calculatedNetInterest": 0, "calculatedOtherIncome": -7300000, "calculatedIncomeNonControlling": -7300000, "calculatedEbitda": 7300000}, {"date": "1985-12-31", "symbol": "MKL", "reportedCurrency": "USD", "cik": "0001096343", "fillingDate": "1985-12-31", "acceptedDate": "1985-12-30 19:00:00", "calendarYear": "1985", "period": "FY", "revenue": 22600000, "costOfRevenue": 0, "grossProfit": 22600000, "grossProfitRatio": 1, "researchAndDevelopmentExpenses": 0, "generalAndAdministrativeExpenses": 0, "sellingAndMarketingExpenses": 0, "sellingGeneralAndAdministrativeExpenses": 0, "otherExpenses": -20700000, "operatingExpenses": -20700000, "costAndExpenses": -20700000, "interestIncome": 0, "interestExpense": 0, "depreciationAndAmortization": 0, "ebitda": 1900000, "ebitdaratio": 0.0840707965, "operatingIncome": 1900000, "operatingIncomeRatio": 0.0840707965, "totalOtherIncomeExpensesNet": 0, "incomeBeforeTax": 0, "incomeBeforeTaxRatio": 0, "incomeTaxExpense": 1000000, "netIncome": 900000, "netIncomeRatio": 0.0398230088, "eps": 0.22, "epsdiluted": 0.22, "weightedAverageShsOut": 3636364, "weightedAverageShsOutDil": 3636364, "link": "", "finalLink": "", "calculatedOtherExpenses": 20700000, "calculatedOperatingExpenses": 20700000, "calculatedNetInterest": 0, "calculatedOtherIncome": -1900000, "calculatedIncomeNonControlling": -1900000, "calculatedEbitda": 1900000}]}