{"originalCurrency": "USD", "convertedCurrency": "USD", "report": [{"date": "2023-12-31", "symbol": "MKSI", "reportedCurrency": "USD", "cik": "0001049502", "fillingDate": "2024-02-27", "acceptedDate": "2024-02-27 16:01:31", "calendarYear": "2023", "period": "FY", "revenue": 3622000000, "costOfRevenue": 2282000000, "grossProfit": 1340000000, "grossProfitRatio": 0.3699613473, "researchAndDevelopmentExpenses": 288000000, "generalAndAdministrativeExpenses": 0, "sellingAndMarketingExpenses": 0, "sellingGeneralAndAdministrativeExpenses": 675000000, "otherExpenses": -27000000, "operatingExpenses": 963000000, "costAndExpenses": 3245000000, "interestIncome": 17000000, "interestExpense": 356000000, "depreciationAndAmortization": 397000000, "ebitda": 774000000, "ebitdaratio": 0.2136940917, "operatingIncome": 377000000, "operatingIncomeRatio": 0.1040861403, "totalOtherIncomeExpensesNet": -2305000000, "incomeBeforeTax": -1928000000, "incomeBeforeTaxRatio": -0.5323025953, "incomeTaxExpense": -87000000, "netIncome": -1841000000, "netIncomeRatio": -0.5082827167, "eps": -27.56, "epsdiluted": -27.56, "weightedAverageShsOut": 66800000, "weightedAverageShsOutDil": 66800000, "link": "https://www.sec.gov/Archives/edgar/data/1049502/000095017024021071/0000950170-24-021071-index.htm", "finalLink": "https://www.sec.gov/Archives/edgar/data/1049502/000095017024021071/mksi-20231231.htm", "calculatedOtherExpenses": 0, "calculatedOperatingExpenses": 963000000, "calculatedNetInterest": -339000000, "calculatedOtherIncome": -1966000000, "calculatedIncomeNonControlling": 0, "calculatedEbitda": 774000000}, {"date": "2022-12-31", "symbol": "MKSI", "reportedCurrency": "USD", "cik": "0001049502", "fillingDate": "2023-03-14", "acceptedDate": "2023-03-14 16:02:23", "calendarYear": "2022", "period": "FY", "revenue": 3547000000, "costOfRevenue": 2000000000, "grossProfit": 1547000000, "grossProfitRatio": 0.4361432196, "researchAndDevelopmentExpenses": 241000000, "generalAndAdministrativeExpenses": 0, "sellingAndMarketingExpenses": 0, "sellingGeneralAndAdministrativeExpenses": 488000000, "otherExpenses": 146000000, "operatingExpenses": 875000000, "costAndExpenses": 2875000000, "interestIncome": 4000000, "interestExpense": 177000000, "depreciationAndAmortization": 264000000, "ebitda": 881000000, "ebitdaratio": 0.2483789118, "operatingIncome": 617000000, "operatingIncomeRatio": 0.1739498167, "totalOtherIncomeExpensesNet": -184000000, "incomeBeforeTax": 433000000, "incomeBeforeTaxRatio": 0.122074993, "incomeTaxExpense": 100000000, "netIncome": 333000000, "netIncomeRatio": 0.0938821539, "eps": 5.58, "epsdiluted": 5.56, "weightedAverageShsOut": 59700000, "weightedAverageShsOutDil": 59900000, "link": "https://www.sec.gov/Archives/edgar/data/1049502/000095017023007851/0000950170-23-007851-index.htm", "finalLink": "https://www.sec.gov/Archives/edgar/data/1049502/000095017023007851/mksi-20221231.htm", "calculatedOtherExpenses": 201000000, "calculatedOperatingExpenses": 930000000, "calculatedNetInterest": -173000000, "calculatedOtherIncome": -11000000, "calculatedIncomeNonControlling": 0, "calculatedEbitda": 881000000}, {"date": "2021-12-31", "symbol": "MKSI", "reportedCurrency": "USD", "cik": "0001049502", "fillingDate": "2022-02-28", "acceptedDate": "2022-02-28 16:28:05", "calendarYear": "2021", "period": "FY", "revenue": 2949600000, "costOfRevenue": 1569400000, "grossProfit": 1380200000, "grossProfitRatio": 0.4679278546, "researchAndDevelopmentExpenses": 200000000, "generalAndAdministrativeExpenses": 0, "sellingAndMarketingExpenses": 0, "sellingGeneralAndAdministrativeExpenses": 385100000, "otherExpenses": 55300000, "operatingExpenses": 640400000, "costAndExpenses": 2209800000, "interestIncome": 600000, "interestExpense": 25400000, "depreciationAndAmortization": 137000000, "ebitda": 835900000, "ebitdaratio": 0.2833943586, "operatingIncome": 698900000, "operatingIncomeRatio": 0.2369473827, "totalOtherIncomeExpensesNet": -33400000, "incomeBeforeTax": 665500000, "incomeBeforeTaxRatio": 0.2256238134, "incomeTaxExpense": 114100000, "netIncome": 551000000, "netIncomeRatio": 0.1868049905, "eps": 9.95, "epsdiluted": 9.9, "weightedAverageShsOut": 55400000, "weightedAverageShsOutDil": 55700000, "link": "https://www.sec.gov/Archives/edgar/data/1049502/000156459022007637/0001564590-22-007637-index.htm", "finalLink": "https://www.sec.gov/Archives/edgar/data/1049502/000156459022007637/mksi-10k_20211231.htm", "calculatedOtherExpenses": 96200000, "calculatedOperatingExpenses": 681300000, "calculatedNetInterest": -24800000, "calculatedOtherIncome": -8600000, "calculatedIncomeNonControlling": 400000, "calculatedEbitda": 835900000}, {"date": "2020-12-31", "symbol": "MKSI", "reportedCurrency": "USD", "cik": "0001049502", "fillingDate": "2021-02-23", "acceptedDate": "2021-02-23 17:04:32", "calendarYear": "2020", "period": "FY", "revenue": 2330000000, "costOfRevenue": 1280500000, "grossProfit": 1049500000, "grossProfitRatio": 0.4504291845, "researchAndDevelopmentExpenses": 173100000, "generalAndAdministrativeExpenses": 0, "sellingAndMarketingExpenses": 0, "sellingGeneralAndAdministrativeExpenses": 353100000, "otherExpenses": 55200000, "operatingExpenses": 581400000, "costAndExpenses": 1861900000, "interestIncome": 1400000, "interestExpense": 29100000, "depreciationAndAmortization": 111800000, "ebitda": 565600000, "ebitdaratio": 0.2427467811, "operatingIncome": 453800000, "operatingIncomeRatio": 0.1947639485, "totalOtherIncomeExpensesNet": -30800000, "incomeBeforeTax": 423000000, "incomeBeforeTaxRatio": 0.1815450644, "incomeTaxExpense": 72900000, "netIncome": 350000000, "netIncomeRatio": 0.1502145923, "eps": 6.35, "epsdiluted": 6.33, "weightedAverageShsOut": 55095000, "weightedAverageShsOutDil": 55300000, "link": "https://www.sec.gov/Archives/edgar/data/1049502/000156459021007630/0001564590-21-007630-index.htm", "finalLink": "https://www.sec.gov/Archives/edgar/data/1049502/000156459021007630/mksi-10k_20201231.htm", "calculatedOtherExpenses": 69500000, "calculatedOperatingExpenses": 595700000, "calculatedNetInterest": -27700000, "calculatedOtherIncome": -3100000, "calculatedIncomeNonControlling": 100000, "calculatedEbitda": 565600000}, {"date": "2019-12-31", "symbol": "MKSI", "reportedCurrency": "USD", "cik": "0001049502", "fillingDate": "2020-02-28", "acceptedDate": "2020-02-28 15:20:21", "calendarYear": "2019", "period": "FY", "revenue": 1899800000, "costOfRevenue": 1069400000, "grossProfit": 830400000, "grossProfitRatio": 0.437098642, "researchAndDevelopmentExpenses": 164100000, "generalAndAdministrativeExpenses": 0, "sellingAndMarketingExpenses": 0, "sellingGeneralAndAdministrativeExpenses": 330300000, "otherExpenses": 67400000, "operatingExpenses": 561800000, "costAndExpenses": 1631200000, "interestIncome": 5400000, "interestExpense": 44100000, "depreciationAndAmortization": 154300000, "ebitda": 374100000, "ebitdaratio": 0.1969154648, "operatingIncome": 219800000, "operatingIncomeRatio": 0.1156963891, "totalOtherIncomeExpensesNet": -42000000, "incomeBeforeTax": 177800000, "incomeBeforeTaxRatio": 0.0935887988, "incomeTaxExpense": 37400000, "netIncome": 140400000, "netIncomeRatio": 0.0739025161, "eps": 2.57, "epsdiluted": 2.55, "weightedAverageShsOut": 54711000, "weightedAverageShsOutDil": 55111000, "link": "https://www.sec.gov/Archives/edgar/data/1049502/000119312520056028/0001193125-20-056028-index.htm", "finalLink": "https://www.sec.gov/Archives/edgar/data/1049502/000119312520056028/d114808d10k.htm", "calculatedOtherExpenses": 116200000, "calculatedOperatingExpenses": 610600000, "calculatedNetInterest": -38700000, "calculatedOtherIncome": -3300000, "calculatedIncomeNonControlling": 0, "calculatedEbitda": 374100000}, {"date": "2018-12-31", "symbol": "MKSI", "reportedCurrency": "USD", "cik": "0001049502", "fillingDate": "2019-02-26", "acceptedDate": "2019-02-26 15:08:49", "calendarYear": "2018", "period": "FY", "revenue": 2075108000, "costOfRevenue": 1095632000, "grossProfit": 979476000, "grossProfitRatio": 0.4720120591, "researchAndDevelopmentExpenses": 135720000, "generalAndAdministrativeExpenses": 298118000, "sellingAndMarketingExpenses": 0, "sellingGeneralAndAdministrativeExpenses": 298118000, "otherExpenses": -1942000, "operatingExpenses": 478359000, "costAndExpenses": 1573991000, "interestIncome": 5775000, "interestExpense": 16942000, "depreciationAndAmortization": 79853000, "ebitda": 584425000, "ebitdaratio": 0.2816359438, "operatingIncome": 494059000, "operatingIncomeRatio": 0.2380883308, "totalOtherIncomeExpensesNet": -8622000, "incomeBeforeTax": 480950000, "incomeBeforeTaxRatio": 0.2317710693, "incomeTaxExpense": 88054000, "netIncome": 392896000, "netIncomeRatio": 0.1893376152, "eps": 7.22, "epsdiluted": 7.14, "weightedAverageShsOut": 54400000, "weightedAverageShsOutDil": 55000000, "link": "https://www.sec.gov/Archives/edgar/data/1049502/000119312519051798/0001193125-19-051798-index.htm", "finalLink": "https://www.sec.gov/Archives/edgar/data/1049502/000119312519051798/d669860d10k.htm", "calculatedOtherExpenses": 51579000, "calculatedOperatingExpenses": 485417000, "calculatedNetInterest": -11167000, "calculatedOtherIncome": -1942000, "calculatedIncomeNonControlling": 0, "calculatedEbitda": 573912000}, {"date": "2017-12-31", "symbol": "MKSI", "reportedCurrency": "USD", "cik": "0001049502", "fillingDate": "2018-02-28", "acceptedDate": "2018-02-28 10:31:37", "calendarYear": "2017", "period": "FY", "revenue": 1915977000, "costOfRevenue": 1024526000, "grossProfit": 891451000, "grossProfitRatio": 0.4652722867, "researchAndDevelopmentExpenses": 132555000, "generalAndAdministrativeExpenses": 290548000, "sellingAndMarketingExpenses": 0, "sellingGeneralAndAdministrativeExpenses": 290548000, "otherExpenses": -5896000, "operatingExpenses": 468846000, "costAndExpenses": 1493372000, "interestIncome": 3021000, "interestExpense": 30990000, "depreciationAndAmortization": 82556000, "ebitda": 502286000, "ebitdaratio": 0.2621565917, "operatingIncome": 406634000, "operatingIncomeRatio": 0.2122332366, "totalOtherIncomeExpensesNet": 52989000, "incomeBeforeTax": 447625000, "incomeBeforeTaxRatio": 0.2336275435, "incomeTaxExpense": 108493000, "netIncome": 339132000, "netIncomeRatio": 0.1770021248, "eps": 6.26, "epsdiluted": 6.16, "weightedAverageShsOut": 54137000, "weightedAverageShsOutDil": 55074000, "link": "https://www.sec.gov/Archives/edgar/data/1049502/000119312518062607/0001193125-18-062607-index.htm", "finalLink": "https://www.sec.gov/Archives/edgar/data/1049502/000119312518062607/d455647d10k.htm", "calculatedOtherExpenses": 61714000, "calculatedOperatingExpenses": 484817000, "calculatedNetInterest": -27969000, "calculatedOtherIncome": 68960000, "calculatedIncomeNonControlling": 0, "calculatedEbitda": 489190000}, {"date": "2016-12-31", "symbol": "MKSI", "reportedCurrency": "USD", "cik": "0001049502", "fillingDate": "2017-03-01", "acceptedDate": "2017-03-01 15:35:30", "calendarYear": "2016", "period": "FY", "revenue": 1295342000, "costOfRevenue": 729723000, "grossProfit": 565619000, "grossProfitRatio": 0.4366561109, "researchAndDevelopmentExpenses": 110579000, "generalAndAdministrativeExpenses": 229171000, "sellingAndMarketingExpenses": 0, "sellingGeneralAndAdministrativeExpenses": 229171000, "otherExpenses": -1239000, "operatingExpenses": 375431000, "costAndExpenses": 1105154000, "interestIncome": 2560000, "interestExpense": 30611000, "depreciationAndAmortization": 35681000, "ebitda": 227190000, "ebitdaratio": 0.1753899742, "operatingIncome": 157267000, "operatingIncomeRatio": 0.1214096354, "totalOtherIncomeExpensesNet": -34160000, "incomeBeforeTax": 127977000, "incomeBeforeTaxRatio": 0.0987978464, "incomeTaxExpense": 23168000, "netIncome": 104809000, "netIncomeRatio": 0.0809122224, "eps": 1.96, "epsdiluted": 1.94, "weightedAverageShsOut": 53472000, "weightedAverageShsOutDil": 54051000, "link": "https://www.sec.gov/Archives/edgar/data/1049502/000119312517065479/0001193125-17-065479-index.htm", "finalLink": "https://www.sec.gov/Archives/edgar/data/1049502/000119312517065479/d326475d10k.htm", "calculatedOtherExpenses": 68602000, "calculatedOperatingExpenses": 408352000, "calculatedNetInterest": -28051000, "calculatedOtherIncome": -1239000, "calculatedIncomeNonControlling": 0, "calculatedEbitda": 192948000}, {"date": "2015-12-31", "symbol": "MKSI", "reportedCurrency": "USD", "cik": "0001049502", "fillingDate": "2016-02-26", "acceptedDate": "2016-02-26 14:43:53", "calendarYear": "2015", "period": "FY", "revenue": 813524000, "costOfRevenue": 450652000, "grossProfit": 362872000, "grossProfitRatio": 0.4460495327, "researchAndDevelopmentExpenses": 68305000, "generalAndAdministrativeExpenses": 129087000, "sellingAndMarketingExpenses": 0, "sellingGeneralAndAdministrativeExpenses": 129087000, "otherExpenses": 6764000, "operatingExpenses": 204156000, "costAndExpenses": 654808000, "interestIncome": 2999000, "interestExpense": 143000, "depreciationAndAmortization": 6764000, "ebitda": 167584000, "ebitdaratio": 0.2059976104, "operatingIncome": 156612000, "operatingIncomeRatio": 0.1925106082, "totalOtherIncomeExpensesNet": -2104000, "incomeBeforeTax": 159468000, "incomeBeforeTaxRatio": 0.1960212606, "incomeTaxExpense": 37171000, "netIncome": 122297000, "netIncomeRatio": 0.1503299227, "eps": 2.3, "epsdiluted": 2.28, "weightedAverageShsOut": 53282000, "weightedAverageShsOutDil": 53560000, "link": "https://www.sec.gov/Archives/edgar/data/1049502/000119312516481436/0001193125-16-481436-index.htm", "finalLink": "https://www.sec.gov/Archives/edgar/data/1049502/000119312516481436/d60398d10k.htm", "calculatedOtherExpenses": 8868000, "calculatedOperatingExpenses": 206260000, "calculatedNetInterest": 2856000, "calculatedOtherIncome": 0, "calculatedIncomeNonControlling": 0, "calculatedEbitda": 163376000}, {"date": "2014-12-31", "symbol": "MKSI", "reportedCurrency": "USD", "cik": "0001049502", "fillingDate": "2015-02-25", "acceptedDate": "2015-02-25 16:31:59", "calendarYear": "2014", "period": "FY", "revenue": 780869000, "costOfRevenue": 443103000, "grossProfit": 337766000, "grossProfitRatio": 0.4325514267, "researchAndDevelopmentExpenses": 62888000, "generalAndAdministrativeExpenses": 131828000, "sellingAndMarketingExpenses": 0, "sellingGeneralAndAdministrativeExpenses": 131828000, "otherExpenses": 4945000, "operatingExpenses": 199661000, "costAndExpenses": 642764000, "interestIncome": 1323000, "interestExpense": 72000, "depreciationAndAmortization": 4945000, "ebitda": 146013000, "ebitdaratio": 0.1869878302, "operatingIncome": 135142000, "operatingIncomeRatio": 0.1730661609, "totalOtherIncomeExpensesNet": -2963000, "incomeBeforeTax": 136393000, "incomeBeforeTaxRatio": 0.1746682222, "incomeTaxExpense": 20615000, "netIncome": 115778000, "netIncomeRatio": 0.1482681474, "eps": 2.17, "epsdiluted": 2.16, "weightedAverageShsOut": 53232000, "weightedAverageShsOutDil": 53515000, "link": "https://www.sec.gov/Archives/edgar/data/1049502/000119312515062618/0001193125-15-062618-index.htm", "finalLink": "https://www.sec.gov/Archives/edgar/data/1049502/000119312515062618/d838776d10k.htm", "calculatedOtherExpenses": 7908000, "calculatedOperatingExpenses": 202624000, "calculatedNetInterest": 1251000, "calculatedOtherIncome": 0, "calculatedIncomeNonControlling": 0, "calculatedEbitda": 140087000}, {"date": "2013-12-31", "symbol": "MKSI", "reportedCurrency": "USD", "cik": "0001049502", "fillingDate": "2014-02-26", "acceptedDate": "2014-02-26 17:05:47", "calendarYear": "2013", "period": "FY", "revenue": 669420000, "costOfRevenue": 402846000, "grossProfit": 266574000, "grossProfitRatio": 0.3982163664, "researchAndDevelopmentExpenses": 63570000, "generalAndAdministrativeExpenses": 142014000, "sellingAndMarketingExpenses": 0, "sellingGeneralAndAdministrativeExpenses": 142014000, "otherExpenses": 2139000, "operatingExpenses": 207723000, "costAndExpenses": 610569000, "interestIncome": 999000, "interestExpense": 85000, "depreciationAndAmortization": 2139000, "ebitda": 61454000, "ebitdaratio": 0.0918018583, "operatingIncome": 58387000, "operatingIncomeRatio": 0.0872202802, "totalOtherIncomeExpensesNet": -464000, "incomeBeforeTax": 59301000, "incomeBeforeTaxRatio": 0.0885856413, "incomeTaxExpense": 23525000, "netIncome": 35776000, "netIncomeRatio": 0.0534432793, "eps": 0.67, "epsdiluted": 0.67, "weightedAverageShsOut": 53061000, "weightedAverageShsOutDil": 53481000, "link": "https://www.sec.gov/Archives/edgar/data/1049502/000119312514069989/0001193125-14-069989-index.htm", "finalLink": "https://www.sec.gov/Archives/edgar/data/1049502/000119312514069989/d652990d10k.htm", "calculatedOtherExpenses": 2603000, "calculatedOperatingExpenses": 208187000, "calculatedNetInterest": 914000, "calculatedOtherIncome": 0, "calculatedIncomeNonControlling": 0, "calculatedEbitda": 60526000}, {"date": "2012-12-31", "symbol": "MKSI", "reportedCurrency": "USD", "cik": "0001049502", "fillingDate": "2013-02-26", "acceptedDate": "2013-02-26 17:19:07", "calendarYear": "2012", "period": "FY", "revenue": 643508000, "costOfRevenue": 374029000, "grossProfit": 269479000, "grossProfitRatio": 0.4187655787, "researchAndDevelopmentExpenses": 60118000, "generalAndAdministrativeExpenses": 127185000, "sellingAndMarketingExpenses": 0, "sellingGeneralAndAdministrativeExpenses": 127185000, "otherExpenses": 1036000, "operatingExpenses": 188339000, "costAndExpenses": 562368000, "interestIncome": 1059000, "interestExpense": 146000, "depreciationAndAmortization": 1036000, "ebitda": 89093000, "ebitdaratio": 0.1384489393, "operatingIncome": 74223000, "operatingIncomeRatio": 0.1153412234, "totalOtherIncomeExpensesNet": -6917000, "incomeBeforeTax": 75136000, "incomeBeforeTaxRatio": 0.1167600092, "incomeTaxExpense": 27107000, "netIncome": 48029000, "netIncomeRatio": 0.0746362128, "eps": 0.91, "epsdiluted": 0.9, "weightedAverageShsOut": 52686000, "weightedAverageShsOutDil": 53234000, "link": "https://www.sec.gov/Archives/edgar/data/1049502/000119312513077234/0001193125-13-077234-index.htm", "finalLink": "https://www.sec.gov/Archives/edgar/data/1049502/000119312513077234/d458447d10k.htm", "calculatedOtherExpenses": 7953000, "calculatedOperatingExpenses": 195256000, "calculatedNetInterest": 913000, "calculatedOtherIncome": 0, "calculatedIncomeNonControlling": 0, "calculatedEbitda": 75259000}, {"date": "2011-12-31", "symbol": "MKSI", "reportedCurrency": "USD", "cik": "0001049502", "fillingDate": "2012-02-24", "acceptedDate": "2012-02-24 16:38:45", "calendarYear": "2011", "period": "FY", "revenue": 822517000, "costOfRevenue": 447529000, "grossProfit": 374988000, "grossProfitRatio": 0.4559030391, "researchAndDevelopmentExpenses": 61033000, "generalAndAdministrativeExpenses": 128015000, "sellingAndMarketingExpenses": 0, "sellingGeneralAndAdministrativeExpenses": 128015000, "otherExpenses": 1015000, "operatingExpenses": 190063000, "costAndExpenses": 637592000, "interestIncome": 1159000, "interestExpense": 32000, "depreciationAndAmortization": 1015000, "ebitda": 185940000, "ebitdaratio": 0.2260621969, "operatingIncome": 184925000, "operatingIncomeRatio": 0.2248281798, "totalOtherIncomeExpensesNet": 1127000, "incomeBeforeTax": 186052000, "incomeBeforeTaxRatio": 0.2261983643, "incomeTaxExpense": 56321000, "netIncome": 129731000, "netIncomeRatio": 0.1577243996, "eps": 2.49, "epsdiluted": 2.45, "weightedAverageShsOut": 52169000, "weightedAverageShsOutDil": 52847000, "link": "https://www.sec.gov/Archives/edgar/data/1049502/000119312512078260/0001193125-12-078260-index.htm", "finalLink": "https://www.sec.gov/Archives/edgar/data/1049502/000119312512078260/d272835d10k.htm", "calculatedOtherExpenses": 1015000, "calculatedOperatingExpenses": 190063000, "calculatedNetInterest": 1127000, "calculatedOtherIncome": 0, "calculatedIncomeNonControlling": 0, "calculatedEbitda": 185940000}, {"date": "2010-12-31", "symbol": "MKSI", "reportedCurrency": "USD", "cik": "0001049502", "fillingDate": "2011-02-25", "acceptedDate": "2011-02-25 13:32:41", "calendarYear": "2010", "period": "FY", "revenue": 853114000, "costOfRevenue": 474476000, "grossProfit": 378638000, "grossProfitRatio": 0.4438304846, "researchAndDevelopmentExpenses": 62689000, "generalAndAdministrativeExpenses": 119841000, "sellingAndMarketingExpenses": 0, "sellingGeneralAndAdministrativeExpenses": 119841000, "otherExpenses": 601000, "operatingExpenses": 183813000, "costAndExpenses": 658289000, "interestIncome": 1052000, "interestExpense": 135000, "depreciationAndAmortization": 1283000, "ebitda": 196108000, "ebitdaratio": 0.2298731471, "operatingIncome": 195507000, "operatingIncomeRatio": 0.2291686691, "totalOtherIncomeExpensesNet": 917000, "incomeBeforeTax": 196424000, "incomeBeforeTaxRatio": 0.2302435548, "incomeTaxExpense": 63505000, "netIncome": 142587000, "netIncomeRatio": 0.1671371001, "eps": 2.85, "epsdiluted": 2.8, "weightedAverageShsOut": 50077000, "weightedAverageShsOutDil": 50927000, "link": "https://www.sec.gov/Archives/edgar/data/1049502/000095012311018474/0000950123-11-018474-index.htm", "finalLink": "https://www.sec.gov/Archives/edgar/data/1049502/000095012311018474/b83545e10vk.htm", "calculatedOtherExpenses": 601000, "calculatedOperatingExpenses": 183131000, "calculatedNetInterest": 917000, "calculatedOtherIncome": 0, "calculatedIncomeNonControlling": -9668000, "calculatedEbitda": 196790000}, {"date": "2009-12-31", "symbol": "MKSI", "reportedCurrency": "USD", "cik": "0001049502", "fillingDate": "2010-02-26", "acceptedDate": "2010-02-26 14:56:48", "calendarYear": "2009", "period": "FY", "revenue": 411406000, "costOfRevenue": 273316000, "grossProfit": 138090000, "grossProfitRatio": 0.335653831, "researchAndDevelopmentExpenses": 53543000, "generalAndAdministrativeExpenses": 106330000, "sellingAndMarketingExpenses": 0, "sellingGeneralAndAdministrativeExpenses": 106330000, "otherExpenses": 4407000, "operatingExpenses": 164280000, "costAndExpenses": 437596000, "interestIncome": 0, "interestExpense": 0, "depreciationAndAmortization": 4407000, "ebitda": 192526000, "ebitdaratio": 0.4679708123, "operatingIncome": -240499000, "operatingIncomeRatio": -0.5845782512, "totalOtherIncomeExpensesNet": -214309000, "incomeBeforeTax": -238858000, "incomeBeforeTaxRatio": -0.5805894907, "incomeTaxExpense": -26199000, "netIncome": -212659000, "netIncomeRatio": -0.516907872, "eps": -4.31, "epsdiluted": -4.31, "weightedAverageShsOut": 49318000, "weightedAverageShsOutDil": 49318000, "link": "https://www.sec.gov/Archives/edgar/data/1049502/000095012310018001/0000950123-10-018001-index.htm", "finalLink": "https://www.sec.gov/Archives/edgar/data/1049502/000095012310018001/b78680e10vk.htm", "calculatedOtherExpenses": 218716000, "calculatedOperatingExpenses": 378589000, "calculatedNetInterest": 0, "calculatedOtherIncome": 1641000, "calculatedIncomeNonControlling": 0, "calculatedEbitda": -236092000}, {"date": "2008-12-31", "symbol": "MKSI", "reportedCurrency": "USD", "cik": "0001049502", "fillingDate": "2009-02-27", "acceptedDate": "2009-02-27 11:35:48", "calendarYear": "2008", "period": "FY", "revenue": 646994000, "costOfRevenue": 387051000, "grossProfit": 259943000, "grossProfitRatio": 0.401770341, "researchAndDevelopmentExpenses": 78540000, "generalAndAdministrativeExpenses": 130800000, "sellingAndMarketingExpenses": 0, "sellingGeneralAndAdministrativeExpenses": 130800000, "otherExpenses": 9001000, "operatingExpenses": 224410000, "costAndExpenses": 611461000, "interestIncome": 7002000, "interestExpense": 577000, "depreciationAndAmortization": 9001000, "ebitda": 44534000, "ebitdaratio": 0.0688321685, "operatingIncome": 35533000, "operatingIncomeRatio": 0.0549201384, "totalOtherIncomeExpensesNet": -6975000, "incomeBeforeTax": 41052000, "incomeBeforeTaxRatio": 0.0634503566, "incomeTaxExpense": 10935000, "netIncome": 30117000, "netIncomeRatio": 0.0465491179, "eps": 0.61, "epsdiluted": 0.59, "weightedAverageShsOut": 49717000, "weightedAverageShsOutDil": 50754000, "link": "https://www.sec.gov/Archives/edgar/data/1049502/000095013509001318/0000950135-09-001318-index.htm", "finalLink": "https://www.sec.gov/Archives/edgar/data/1049502/000095013509001318/b73336mie10vk.htm", "calculatedOtherExpenses": 15070000, "calculatedOperatingExpenses": 224410000, "calculatedNetInterest": 6425000, "calculatedOtherIncome": -906000, "calculatedIncomeNonControlling": 0, "calculatedEbitda": 44534000}, {"date": "2007-12-31", "symbol": "MKSI", "reportedCurrency": "USD", "cik": "0001049502", "fillingDate": "2008-02-28", "acceptedDate": "2008-02-28 17:19:34", "calendarYear": "2007", "period": "FY", "revenue": 780487000, "costOfRevenue": 449000000, "grossProfit": 331487000, "grossProfitRatio": 0.4247181567, "researchAndDevelopmentExpenses": 72170000, "generalAndAdministrativeExpenses": 135249000, "sellingAndMarketingExpenses": 0, "sellingGeneralAndAdministrativeExpenses": 135249000, "otherExpenses": 16183000, "operatingExpenses": 223602000, "costAndExpenses": 672602000, "interestIncome": 15294000, "interestExpense": -806000, "depreciationAndAmortization": 30644000, "ebitda": 140886000, "ebitdaratio": 0.1805103737, "operatingIncome": 106985000, "operatingIncomeRatio": 0.1370746726, "totalOtherIncomeExpensesNet": -2357000, "incomeBeforeTax": 120016000, "incomeBeforeTaxRatio": 0.1537706586, "incomeTaxExpense": 33656000, "netIncome": 86360000, "netIncomeRatio": 0.1106488641, "eps": 1.53, "epsdiluted": 1.51, "weightedAverageShsOut": 56349000, "weightedAverageShsOutDil": 57173000, "link": "https://www.sec.gov/Archives/edgar/data/1049502/000095013508001318/0000950135-08-001318-index.htm", "finalLink": "https://www.sec.gov/Archives/edgar/data/1049502/000095013508001318/b68108mke10vk.htm", "calculatedOtherExpenses": 17083000, "calculatedOperatingExpenses": 224502000, "calculatedNetInterest": 16100000, "calculatedOtherIncome": -3069000, "calculatedIncomeNonControlling": 0, "calculatedEbitda": 137629000}, {"date": "2006-12-31", "symbol": "MKSI", "reportedCurrency": "USD", "cik": "0001049502", "fillingDate": "2007-02-28", "acceptedDate": "2007-02-28 16:55:01", "calendarYear": "2006", "period": "FY", "revenue": 782801000, "costOfRevenue": 444679000, "grossProfit": 338122000, "grossProfitRatio": 0.4319386409, "researchAndDevelopmentExpenses": 69702000, "generalAndAdministrativeExpenses": 127703000, "sellingAndMarketingExpenses": 0, "sellingGeneralAndAdministrativeExpenses": 127703000, "otherExpenses": 17376000, "operatingExpenses": 214781000, "costAndExpenses": 659460000, "interestIncome": 9374000, "interestExpense": 974000, "depreciationAndAmortization": 31348000, "ebitda": 155489000, "ebitdaratio": 0.1986315807, "operatingIncome": 122541000, "operatingIncomeRatio": 0.1565417009, "totalOtherIncomeExpensesNet": -800000, "incomeBeforeTax": 130941000, "incomeBeforeTaxRatio": 0.1672723975, "incomeTaxExpense": 36706000, "netIncome": 94235000, "netIncomeRatio": 0.1203818084, "eps": 1.7, "epsdiluted": 1.68, "weightedAverageShsOut": 55395000, "weightedAverageShsOutDil": 55961000, "link": "https://www.sec.gov/Archives/edgar/data/1049502/000095013507001260/0000950135-07-001260-index.htm", "finalLink": "https://www.sec.gov/Archives/edgar/data/1049502/000095013507001260/b63639mke10vk.htm", "calculatedOtherExpenses": 18176000, "calculatedOperatingExpenses": 215581000, "calculatedNetInterest": 8400000, "calculatedOtherIncome": 0, "calculatedIncomeNonControlling": 0, "calculatedEbitda": 153889000}, {"date": "2005-12-31", "symbol": "MKSI", "reportedCurrency": "USD", "cik": "0001049502", "fillingDate": "2006-03-16", "acceptedDate": "2006-03-16 16:48:00", "calendarYear": "2005", "period": "FY", "revenue": 509294000, "costOfRevenue": 308860000, "grossProfit": 200434000, "grossProfitRatio": 0.3935526435, "researchAndDevelopmentExpenses": 55916000, "generalAndAdministrativeExpenses": 93021000, "sellingAndMarketingExpenses": 0, "sellingGeneralAndAdministrativeExpenses": 93021000, "otherExpenses": 10864000, "operatingExpenses": 159801000, "costAndExpenses": 468661000, "interestIncome": 7269000, "interestExpense": 810000, "depreciationAndAmortization": 26215000, "ebitda": 63933000, "ebitdaratio": 0.1255326, "operatingIncome": 40548000, "operatingIncomeRatio": 0.079616096, "totalOtherIncomeExpensesNet": 2915000, "incomeBeforeTax": 47007000, "incomeBeforeTaxRatio": 0.0922983581, "incomeTaxExpense": 12442000, "netIncome": 34565000, "netIncomeRatio": 0.067868461, "eps": 0.64, "epsdiluted": 0.63, "weightedAverageShsOut": 54067000, "weightedAverageShsOutDil": 54633000, "link": "https://www.sec.gov/Archives/edgar/data/1049502/000095013506001658/0000950135-06-001658-index.htm", "finalLink": "https://www.sec.gov/Archives/edgar/data/1049502/000095013506001658/b58520mke10vk.htm", "calculatedOtherExpenses": 10949000, "calculatedOperatingExpenses": 159886000, "calculatedNetInterest": 6459000, "calculatedOtherIncome": 0, "calculatedIncomeNonControlling": 0, "calculatedEbitda": 66763000}, {"date": "2004-12-31", "symbol": "MKSI", "reportedCurrency": "USD", "cik": "0001049502", "fillingDate": "2005-03-16", "acceptedDate": "2005-03-16 11:46:44", "calendarYear": "2004", "period": "FY", "revenue": 555080000, "costOfRevenue": 335709000, "grossProfit": 219371000, "grossProfitRatio": 0.3952060964, "researchAndDevelopmentExpenses": 56973000, "generalAndAdministrativeExpenses": 87284000, "sellingAndMarketingExpenses": 0, "sellingGeneralAndAdministrativeExpenses": 87284000, "otherExpenses": 14764000, "operatingExpenses": 159021000, "costAndExpenses": 494730000, "interestIncome": 0, "interestExpense": 0, "depreciationAndAmortization": 27838000, "ebitda": 83223000, "ebitdaratio": 0.1499297399, "operatingIncome": 59913000, "operatingIncomeRatio": 0.107935793, "totalOtherIncomeExpensesNet": 4965000, "incomeBeforeTax": 67228000, "incomeBeforeTaxRatio": 0.1211140736, "incomeTaxExpense": -2611000, "netIncome": 69839000, "netIncomeRatio": 0.1258179001, "eps": 1.3, "epsdiluted": 1.28, "weightedAverageShsOut": 53519000, "weightedAverageShsOutDil": 54656000, "link": "https://www.sec.gov/Archives/edgar/data/1049502/000095013505001467/0000950135-05-001467-index.htm", "finalLink": "https://www.sec.gov/Archives/edgar/data/1049502/000095013505001467/b53288mie10vk.txt", "calculatedOtherExpenses": 15201000, "calculatedOperatingExpenses": 159458000, "calculatedNetInterest": 0, "calculatedOtherIncome": 7315000, "calculatedIncomeNonControlling": 0, "calculatedEbitda": 87751000}, {"date": "2003-12-31", "symbol": "MKSI", "reportedCurrency": "USD", "cik": "0001049502", "fillingDate": "2004-03-11", "acceptedDate": "2004-03-11 17:15:48", "calendarYear": "2003", "period": "FY", "revenue": 337291000, "costOfRevenue": 219182000, "grossProfit": 118109000, "grossProfitRatio": 0.3501694383, "researchAndDevelopmentExpenses": 47650000, "generalAndAdministrativeExpenses": 69891000, "sellingAndMarketingExpenses": 0, "sellingGeneralAndAdministrativeExpenses": 69891000, "otherExpenses": 14692000, "operatingExpenses": 132233000, "costAndExpenses": 351415000, "interestIncome": 0, "interestExpense": 0, "depreciationAndAmortization": 28198000, "ebitda": 14740000, "ebitdaratio": 0.0437011364, "operatingIncome": -15717000, "operatingIncomeRatio": -0.046597745, "totalOtherIncomeExpensesNet": -666000, "incomeBeforeTax": -13734000, "incomeBeforeTaxRatio": -0.0407185487, "incomeTaxExpense": 2651000, "netIncome": -16385000, "netIncomeRatio": -0.0485782307, "eps": -0.32, "epsdiluted": -0.32, "weightedAverageShsOut": 51581000, "weightedAverageShsOutDil": 51581000, "link": "https://www.sec.gov/Archives/edgar/data/1049502/000095013504001223/0000950135-04-001223-index.htm", "finalLink": "https://www.sec.gov/Archives/edgar/data/1049502/000095013504001223/b49026mie10vk.txt", "calculatedOtherExpenses": 16285000, "calculatedOperatingExpenses": 133826000, "calculatedNetInterest": 0, "calculatedOtherIncome": 1983000, "calculatedIncomeNonControlling": 0, "calculatedEbitda": 12481000}, {"date": "2002-12-31", "symbol": "MKSI", "reportedCurrency": "USD", "cik": "0001049502", "fillingDate": "2003-03-31", "acceptedDate": "2003-03-31 15:13:22", "calendarYear": "2002", "period": "FY", "revenue": 314773000, "costOfRevenue": 208978000, "grossProfit": 105795000, "grossProfitRatio": 0.3360993478, "researchAndDevelopmentExpenses": 45999000, "generalAndAdministrativeExpenses": 77830000, "sellingAndMarketingExpenses": 0, "sellingGeneralAndAdministrativeExpenses": 77830000, "otherExpenses": 13897000, "operatingExpenses": 137726000, "costAndExpenses": 346704000, "interestIncome": 0, "interestExpense": 0, "depreciationAndAmortization": 28727000, "ebitda": 7833000, "ebitdaratio": 0.0248845994, "operatingIncome": -43047000, "operatingIncomeRatio": -0.1367556938, "totalOtherIncomeExpensesNet": -11037000, "incomeBeforeTax": -41518000, "incomeBeforeTaxRatio": -0.1318982251, "incomeTaxExpense": -1981000, "netIncome": -39537000, "netIncomeRatio": -0.1256048009, "eps": -0.79, "epsdiluted": -0.79, "weightedAverageShsOut": 50000000, "weightedAverageShsOutDil": 50000000, "link": "https://www.sec.gov/Archives/edgar/data/1049502/000095013503002112/0000950135-03-002112-index.htm", "finalLink": "https://www.sec.gov/Archives/edgar/data/1049502/000095013503002112/b45684mke10vk.txt", "calculatedOtherExpenses": 25013000, "calculatedOperatingExpenses": 148842000, "calculatedNetInterest": 0, "calculatedOtherIncome": 1529000, "calculatedIncomeNonControlling": 0, "calculatedEbitda": -14320000}, {"date": "2001-12-31", "symbol": "MKSI", "reportedCurrency": "USD", "cik": "0001049502", "fillingDate": "2002-04-01", "acceptedDate": "2002-04-01 00:00:00", "calendarYear": "2001", "period": "FY", "revenue": 286808000, "costOfRevenue": 201225000, "grossProfit": 85583000, "grossProfitRatio": 0.2983982316, "researchAndDevelopmentExpenses": 37964000, "generalAndAdministrativeExpenses": 70185000, "sellingAndMarketingExpenses": 0, "sellingGeneralAndAdministrativeExpenses": 70185000, "otherExpenses": 11026000, "operatingExpenses": 119175000, "costAndExpenses": 320400000, "interestIncome": 0, "interestExpense": 0, "depreciationAndAmortization": 26705000, "ebitda": 9260000, "ebitdaratio": 0.0322864076, "operatingIncome": -43640000, "operatingIncomeRatio": -0.1521575409, "totalOtherIncomeExpensesNet": -16147000, "incomeBeforeTax": -46056000, "incomeBeforeTaxRatio": -0.1605812948, "incomeTaxExpense": -15013000, "netIncome": -31043000, "netIncomeRatio": -0.1082361719, "eps": -0.83, "epsdiluted": -0.83, "weightedAverageShsOut": 37493000, "weightedAverageShsOutDil": 37493000, "link": "https://www.sec.gov/Archives/edgar/data/1049502/000095013502001823/0000950135-02-001823-index.htm", "finalLink": "https://www.sec.gov/Archives/edgar/data/1049502/000095013502001823/b41873mke10-k.txt", "calculatedOtherExpenses": 21074000, "calculatedOperatingExpenses": 129223000, "calculatedNetInterest": 0, "calculatedOtherIncome": -2416000, "calculatedIncomeNonControlling": 0, "calculatedEbitda": -16935000}, {"date": "2000-12-31", "symbol": "MKSI", "reportedCurrency": "USD", "cik": "0001049502", "fillingDate": "2001-04-02", "acceptedDate": "2001-04-02 00:00:00", "calendarYear": "2000", "period": "FY", "revenue": 326955000, "costOfRevenue": 170043000, "grossProfit": 156912000, "grossProfitRatio": 0.4799192549, "researchAndDevelopmentExpenses": 23011000, "generalAndAdministrativeExpenses": 50888000, "sellingAndMarketingExpenses": 0, "sellingGeneralAndAdministrativeExpenses": 50888000, "otherExpenses": 10524000, "operatingExpenses": 84423000, "costAndExpenses": 254466000, "interestIncome": 0, "interestExpense": 0, "depreciationAndAmortization": 10524000, "ebitda": 83532000, "ebitdaratio": 0.2554846997, "operatingIncome": 72489000, "operatingIncomeRatio": 0.2217094096, "totalOtherIncomeExpensesNet": -519000, "incomeBeforeTax": 73949000, "incomeBeforeTaxRatio": 0.2261748559, "incomeTaxExpense": 27715000, "netIncome": 46234000, "netIncomeRatio": 0.141407839, "eps": 1.34, "epsdiluted": 1.28, "weightedAverageShsOut": 34596000, "weightedAverageShsOutDil": 36170000, "link": "https://www.sec.gov/Archives/edgar/data/1049502/000095013501001134/0000950135-01-001134-index.htm", "finalLink": "https://www.sec.gov/Archives/edgar/data/1049502/000095013501001134/b38193mie10-k405.txt", "calculatedOtherExpenses": 10524000, "calculatedOperatingExpenses": 84423000, "calculatedNetInterest": 0, "calculatedOtherIncome": 1460000, "calculatedIncomeNonControlling": 0, "calculatedEbitda": 83013000}, {"date": "1999-12-31", "symbol": "MKSI", "reportedCurrency": "USD", "cik": "0001049502", "fillingDate": "2000-03-30", "acceptedDate": "2000-03-30 00:00:00", "calendarYear": "1999", "period": "FY", "revenue": 187100000, "costOfRevenue": 101000000, "grossProfit": 86100000, "grossProfitRatio": 0.460181721, "researchAndDevelopmentExpenses": 13200000, "generalAndAdministrativeExpenses": 39000000, "sellingAndMarketingExpenses": 0, "sellingGeneralAndAdministrativeExpenses": 39000000, "otherExpenses": 6200000, "operatingExpenses": 58400000, "costAndExpenses": 159400000, "interestIncome": 0, "interestExpense": 0, "depreciationAndAmortization": 6200000, "ebitda": 33100000, "ebitdaratio": 0.1769107429, "operatingIncome": 27700000, "operatingIncomeRatio": 0.1480491716, "totalOtherIncomeExpensesNet": 800000, "incomeBeforeTax": 29200000, "incomeBeforeTaxRatio": 0.1560662747, "incomeTaxExpense": 5200000, "netIncome": 24000000, "netIncomeRatio": 0.1282736505, "eps": 1.05, "epsdiluted": 1, "weightedAverageShsOut": 22784000, "weightedAverageShsOutDil": 23954000, "link": "https://www.sec.gov/Archives/edgar/data/1049502/000095013500001829/0000950135-00-001829-index.html", "finalLink": "https://www.sec.gov/Archives/edgar/data/1049502/000095013500001829/", "calculatedOtherExpenses": 6200000, "calculatedOperatingExpenses": 58400000, "calculatedNetInterest": 0, "calculatedOtherIncome": 1500000, "calculatedIncomeNonControlling": 0, "calculatedEbitda": 33900000}, {"date": "1998-12-31", "symbol": "MKSI", "reportedCurrency": "USD", "cik": "0001049502", "fillingDate": "1998-12-31", "acceptedDate": "1998-12-30 19:00:00", "calendarYear": "1998", "period": "FY", "revenue": 139800000, "costOfRevenue": 77600000, "grossProfit": 62200000, "grossProfitRatio": 0.4449213162, "researchAndDevelopmentExpenses": 12100000, "generalAndAdministrativeExpenses": 0, "sellingAndMarketingExpenses": 0, "sellingGeneralAndAdministrativeExpenses": 34700000, "otherExpenses": 40900000, "operatingExpenses": 53000000, "costAndExpenses": 130600000, "interestIncome": 0, "interestExpense": 0, "depreciationAndAmortization": 6200000, "ebitda": 14900000, "ebitdaratio": 0.1065808298, "operatingIncome": 9200000, "operatingIncomeRatio": 0.0658082976, "totalOtherIncomeExpensesNet": 500000, "incomeBeforeTax": 8100000, "incomeBeforeTaxRatio": 0.0579399142, "incomeTaxExpense": 3100000, "netIncome": 5000000, "netIncomeRatio": 0.0357653791, "eps": 0.28, "epsdiluted": 0.27, "weightedAverageShsOut": 18053000, "weightedAverageShsOutDil": 18720000, "link": "", "finalLink": "", "calculatedOtherExpenses": 6200000, "calculatedOperatingExpenses": 53000000, "calculatedNetInterest": 0, "calculatedOtherIncome": -1100000, "calculatedIncomeNonControlling": 0, "calculatedEbitda": 15400000}]}