{"originalCurrency": "USD", "convertedCurrency": "USD", "report": [{"date": "2023-12-31", "symbol": "MKTX", "reportedCurrency": "USD", "cik": "0001278021", "fillingDate": "2024-02-22", "acceptedDate": "2024-02-22 17:22:26", "calendarYear": "2023", "period": "FY", "revenue": 750898000, "costOfRevenue": 150360000, "grossProfit": 600538000, "grossProfitRatio": 0.7997597543, "researchAndDevelopmentExpenses": 0, "generalAndAdministrativeExpenses": 131994000, "sellingAndMarketingExpenses": 11049000, "sellingGeneralAndAdministrativeExpenses": 143043000, "otherExpenses": -281849000, "operatingExpenses": 281849000, "costAndExpenses": 432209000, "interestIncome": 22425000, "interestExpense": 1983000, "depreciationAndAmortization": 76410000, "ebitda": 395099000, "ebitdaratio": 0.5261686674, "operatingIncome": 318689000, "operatingIncomeRatio": 0.4244105058, "totalOtherIncomeExpensesNet": 14011000, "incomeBeforeTax": 332700000, "incomeBeforeTaxRatio": 0.4430694981, "incomeTaxExpense": 74645000, "netIncome": 258055000, "netIncomeRatio": 0.3436618555, "eps": 6.87, "epsdiluted": 6.85, "weightedAverageShsOut": 37546000, "weightedAverageShsOutDil": 37654000, "link": "https://www.sec.gov/Archives/edgar/data/1278021/000095017024018935/0000950170-24-018935-index.htm", "finalLink": "https://www.sec.gov/Archives/edgar/data/1278021/000095017024018935/mktx-20231231.htm", "calculatedOtherExpenses": 138806000, "calculatedOperatingExpenses": 281849000, "calculatedNetInterest": 20442000, "calculatedOtherIncome": -6431000, "calculatedIncomeNonControlling": 0, "calculatedEbitda": 395099000}, {"date": "2022-12-31", "symbol": "MKTX", "reportedCurrency": "USD", "cik": "0001278021", "fillingDate": "2023-02-22", "acceptedDate": "2023-02-22 17:27:14", "calendarYear": "2022", "period": "FY", "revenue": 718300000, "costOfRevenue": 182104000, "grossProfit": 536196000, "grossProfitRatio": 0.746479187, "researchAndDevelopmentExpenses": 6700000, "generalAndAdministrativeExpenses": 120234000, "sellingAndMarketingExpenses": 9977000, "sellingGeneralAndAdministrativeExpenses": 130211000, "otherExpenses": 79109000, "operatingExpenses": 209320000, "costAndExpenses": 391424000, "interestIncome": 5040000, "interestExpense": 700000, "depreciationAndAmortization": 73558000, "ebitda": 400434000, "ebitdaratio": 0.5574745928, "operatingIncome": 326876000, "operatingIncomeRatio": 0.4550689127, "totalOtherIncomeExpensesNet": 11412000, "incomeBeforeTax": 338288000, "incomeBeforeTaxRatio": 0.4709564249, "incomeTaxExpense": 88064000, "netIncome": 250224000, "netIncomeRatio": 0.3483558402, "eps": 6.68, "epsdiluted": 6.65, "weightedAverageShsOut": 37468000, "weightedAverageShsOutDil": 37643000, "link": "https://www.sec.gov/Archives/edgar/data/1278021/000095017023003824/0000950170-23-003824-index.htm", "finalLink": "https://www.sec.gov/Archives/edgar/data/1278021/000095017023003824/mktx-20221231.htm", "calculatedOtherExpenses": 72409000, "calculatedOperatingExpenses": 209320000, "calculatedNetInterest": 4340000, "calculatedOtherIncome": 7072000, "calculatedIncomeNonControlling": 0, "calculatedEbitda": 400434000}, {"date": "2021-12-31", "symbol": "MKTX", "reportedCurrency": "USD", "cik": "0001278021", "fillingDate": "2022-02-23", "acceptedDate": "2022-02-23 17:22:11", "calendarYear": "2021", "period": "FY", "revenue": 698951000, "costOfRevenue": 170916000, "grossProfit": 528035000, "grossProfitRatio": 0.7554678368, "researchAndDevelopmentExpenses": 0, "generalAndAdministrativeExpenses": 112220000, "sellingAndMarketingExpenses": 9059000, "sellingGeneralAndAdministrativeExpenses": 121279000, "otherExpenses": 69521000, "operatingExpenses": 190800000, "costAndExpenses": 361716000, "interestIncome": 401000, "interestExpense": 842000, "depreciationAndAmortization": 50576000, "ebitda": 387811000, "ebitdaratio": 0.5548471924, "operatingIncome": 337235000, "operatingIncomeRatio": 0.4824873274, "totalOtherIncomeExpensesNet": -3312000, "incomeBeforeTax": 333923000, "incomeBeforeTaxRatio": 0.4777487978, "incomeTaxExpense": 76035000, "netIncome": 257888000, "netIncomeRatio": 0.368964348, "eps": 6.88, "epsdiluted": 6.77, "weightedAverageShsOut": 37508000, "weightedAverageShsOutDil": 38097000, "link": "https://www.sec.gov/Archives/edgar/data/1278021/000095017022001811/0000950170-22-001811-index.htm", "finalLink": "https://www.sec.gov/Archives/edgar/data/1278021/000095017022001811/mktx-20211231.htm", "calculatedOtherExpenses": 69521000, "calculatedOperatingExpenses": 190800000, "calculatedNetInterest": -441000, "calculatedOtherIncome": -2871000, "calculatedIncomeNonControlling": 0, "calculatedEbitda": 387811000}, {"date": "2020-12-31", "symbol": "MKTX", "reportedCurrency": "USD", "cik": "0001278021", "fillingDate": "2021-02-19", "acceptedDate": "2021-02-19 17:20:28", "calendarYear": "2020", "period": "FY", "revenue": 689125000, "costOfRevenue": 156885000, "grossProfit": 532240000, "grossProfitRatio": 0.7723417377, "researchAndDevelopmentExpenses": 0, "generalAndAdministrativeExpenses": 92518000, "sellingAndMarketingExpenses": 7940000, "sellingGeneralAndAdministrativeExpenses": 100458000, "otherExpenses": 57054000, "operatingExpenses": 157512000, "costAndExpenses": 314397000, "interestIncome": 2446000, "interestExpense": 1142000, "depreciationAndAmortization": 34323000, "ebitda": 409051000, "ebitdaratio": 0.5935802648, "operatingIncome": 374728000, "operatingIncomeRatio": 0.543773626, "totalOtherIncomeExpensesNet": -369000, "incomeBeforeTax": 374359000, "incomeBeforeTaxRatio": 0.5432381643, "incomeTaxExpense": 74982000, "netIncome": 299377000, "netIncomeRatio": 0.4344306185, "eps": 8.01, "epsdiluted": 7.85, "weightedAverageShsOut": 37359000, "weightedAverageShsOutDil": 38144000, "link": "https://www.sec.gov/Archives/edgar/data/1278021/000156459021006981/0001564590-21-006981-index.htm", "finalLink": "https://www.sec.gov/Archives/edgar/data/1278021/000156459021006981/mktx-10k_20201231.htm", "calculatedOtherExpenses": 57054000, "calculatedOperatingExpenses": 157512000, "calculatedNetInterest": 1304000, "calculatedOtherIncome": -1673000, "calculatedIncomeNonControlling": 0, "calculatedEbitda": 409051000}, {"date": "2019-12-31", "symbol": "MKTX", "reportedCurrency": "USD", "cik": "0001278021", "fillingDate": "2020-02-18", "acceptedDate": "2020-02-18 09:40:30", "calendarYear": "2019", "period": "FY", "revenue": 511352000, "costOfRevenue": 131079000, "grossProfit": 380273000, "grossProfitRatio": 0.7436619002, "researchAndDevelopmentExpenses": 0, "generalAndAdministrativeExpenses": 79661000, "sellingAndMarketingExpenses": 11559000, "sellingGeneralAndAdministrativeExpenses": 91220000, "otherExpenses": 38171000, "operatingExpenses": 129391000, "costAndExpenses": 260470000, "interestIncome": 8063000, "interestExpense": 0, "depreciationAndAmortization": 18794000, "ebitda": 269676000, "ebitdaratio": 0.5273784008, "operatingIncome": 250882000, "operatingIncomeRatio": 0.4906248533, "totalOtherIncomeExpensesNet": 6542000, "incomeBeforeTax": 257424000, "incomeBeforeTaxRatio": 0.5034183889, "incomeTaxExpense": 52522000, "netIncome": 204902000, "netIncomeRatio": 0.4007063627, "eps": 5.53, "epsdiluted": 5.4, "weightedAverageShsOut": 37083000, "weightedAverageShsOutDil": 37956000, "link": "https://www.sec.gov/Archives/edgar/data/1278021/000156459020004935/0001564590-20-004935-index.htm", "finalLink": "https://www.sec.gov/Archives/edgar/data/1278021/000156459020004935/mktx-10k_20191231.htm", "calculatedOtherExpenses": 38171000, "calculatedOperatingExpenses": 129391000, "calculatedNetInterest": 8063000, "calculatedOtherIncome": -1521000, "calculatedIncomeNonControlling": 0, "calculatedEbitda": 269676000}, {"date": "2018-12-31", "symbol": "MKTX", "reportedCurrency": "USD", "cik": "0001278021", "fillingDate": "2019-02-20", "acceptedDate": "2019-02-20 17:29:00", "calendarYear": "2018", "period": "FY", "revenue": 435565000, "costOfRevenue": 109117000, "grossProfit": 326448000, "grossProfitRatio": 0.7494817077, "researchAndDevelopmentExpenses": 0, "generalAndAdministrativeExpenses": 70916000, "sellingAndMarketingExpenses": 12114000, "sellingGeneralAndAdministrativeExpenses": 83030000, "otherExpenses": -610000, "operatingExpenses": 113864000, "costAndExpenses": 222981000, "interestIncome": 0, "interestExpense": 0, "depreciationAndAmortization": 23080000, "ebitda": 229552000, "ebitdaratio": 0.5270212253, "operatingIncome": 212584000, "operatingIncomeRatio": 0.4880649272, "totalOtherIncomeExpensesNet": 5502000, "incomeBeforeTax": 218086000, "incomeBeforeTaxRatio": 0.5006967961, "incomeTaxExpense": 45234000, "netIncome": 172852000, "netIncomeRatio": 0.3968454766, "eps": 4.68, "epsdiluted": 4.57, "weightedAverageShsOut": 36958000, "weightedAverageShsOutDil": 37855000, "link": "https://www.sec.gov/Archives/edgar/data/1278021/000156459019003476/0001564590-19-003476-index.htm", "finalLink": "https://www.sec.gov/Archives/edgar/data/1278021/000156459019003476/mktx-10k_20181231.htm", "calculatedOtherExpenses": 30834000, "calculatedOperatingExpenses": 113864000, "calculatedNetInterest": 0, "calculatedOtherIncome": 5502000, "calculatedIncomeNonControlling": 0, "calculatedEbitda": 235664000}, {"date": "2017-12-31", "symbol": "MKTX", "reportedCurrency": "USD", "cik": "0001278021", "fillingDate": "2018-02-21", "acceptedDate": "2018-02-21 17:20:24", "calendarYear": "2017", "period": "FY", "revenue": 397471000, "costOfRevenue": 102751000, "grossProfit": 294720000, "grossProfitRatio": 0.7414880582, "researchAndDevelopmentExpenses": 0, "generalAndAdministrativeExpenses": 58119000, "sellingAndMarketingExpenses": 9762000, "sellingGeneralAndAdministrativeExpenses": 67881000, "otherExpenses": 25071000, "operatingExpenses": 92952000, "costAndExpenses": 195703000, "interestIncome": 0, "interestExpense": 0, "depreciationAndAmortization": 19274000, "ebitda": 221042000, "ebitdaratio": 0.5561210755, "operatingIncome": 201768000, "operatingIncomeRatio": 0.5076294874, "totalOtherIncomeExpensesNet": -25071000, "incomeBeforeTax": 201768000, "incomeBeforeTaxRatio": 0.5076294874, "incomeTaxExpense": 53679000, "netIncome": 148089000, "netIncomeRatio": 0.3725781252, "eps": 4.02, "epsdiluted": 3.89, "weightedAverageShsOut": 36864000, "weightedAverageShsOutDil": 38038000, "link": "https://www.sec.gov/Archives/edgar/data/1278021/000156459018002713/0001564590-18-002713-index.htm", "finalLink": "https://www.sec.gov/Archives/edgar/data/1278021/000156459018002713/mktx-10k_20171231.htm", "calculatedOtherExpenses": 25071000, "calculatedOperatingExpenses": 92952000, "calculatedNetInterest": 0, "calculatedOtherIncome": 0, "calculatedIncomeNonControlling": 0, "calculatedEbitda": 221042000}, {"date": "2016-12-31", "symbol": "MKTX", "reportedCurrency": "USD", "cik": "0001278021", "fillingDate": "2017-02-21", "acceptedDate": "2017-02-21 17:17:01", "calendarYear": "2016", "period": "FY", "revenue": 369919000, "costOfRevenue": 96785000, "grossProfit": 273134000, "grossProfitRatio": 0.7383616413, "researchAndDevelopmentExpenses": 0, "generalAndAdministrativeExpenses": 54760000, "sellingAndMarketingExpenses": 8934000, "sellingGeneralAndAdministrativeExpenses": 63694000, "otherExpenses": 17838000, "operatingExpenses": 81532000, "costAndExpenses": 178317000, "interestIncome": 0, "interestExpense": 0, "depreciationAndAmortization": 17838000, "ebitda": 209440000, "ebitdaratio": 0.5661780011, "operatingIncome": 191602000, "operatingIncomeRatio": 0.5179566337, "totalOtherIncomeExpensesNet": -17838000, "incomeBeforeTax": 191602000, "incomeBeforeTaxRatio": 0.5179566337, "incomeTaxExpense": 65430000, "netIncome": 126172000, "netIncomeRatio": 0.3410800743, "eps": 3.42, "epsdiluted": 3.34, "weightedAverageShsOut": 36844000, "weightedAverageShsOutDil": 37738000, "link": "https://www.sec.gov/Archives/edgar/data/1278021/000156459017001915/0001564590-17-001915-index.htm", "finalLink": "https://www.sec.gov/Archives/edgar/data/1278021/000156459017001915/mktx-10k_20161231.htm", "calculatedOtherExpenses": 17838000, "calculatedOperatingExpenses": 81532000, "calculatedNetInterest": 0, "calculatedOtherIncome": 0, "calculatedIncomeNonControlling": 0, "calculatedEbitda": 209440000}, {"date": "2015-12-31", "symbol": "MKTX", "reportedCurrency": "USD", "cik": "0001278021", "fillingDate": "2016-02-25", "acceptedDate": "2016-02-25 17:14:56", "calendarYear": "2015", "period": "FY", "revenue": 303098000, "costOfRevenue": 83856000, "grossProfit": 219242000, "grossProfitRatio": 0.7233370065, "researchAndDevelopmentExpenses": 0, "generalAndAdministrativeExpenses": 46652000, "sellingAndMarketingExpenses": 6148000, "sellingGeneralAndAdministrativeExpenses": 52800000, "otherExpenses": 18542000, "operatingExpenses": 71342000, "costAndExpenses": 155198000, "interestIncome": 0, "interestExpense": 0, "depreciationAndAmortization": 18542000, "ebitda": 166442000, "ebitdaratio": 0.549135923, "operatingIncome": 147900000, "operatingIncomeRatio": 0.4879609895, "totalOtherIncomeExpensesNet": 51863000, "incomeBeforeTax": 147900000, "incomeBeforeTaxRatio": 0.4879609895, "incomeTaxExpense": 51863000, "netIncome": 96037000, "netIncomeRatio": 0.3168513154, "eps": 2.62, "epsdiluted": 2.55, "weightedAverageShsOut": 36690000, "weightedAverageShsOutDil": 37637000, "link": "https://www.sec.gov/Archives/edgar/data/1278021/000156459016013407/0001564590-16-013407-index.htm", "finalLink": "https://www.sec.gov/Archives/edgar/data/1278021/000156459016013407/mktx-10k_20151231.htm", "calculatedOtherExpenses": 18542000, "calculatedOperatingExpenses": 71342000, "calculatedNetInterest": 0, "calculatedOtherIncome": 0, "calculatedIncomeNonControlling": 0, "calculatedEbitda": 166442000}, {"date": "2014-12-31", "symbol": "MKTX", "reportedCurrency": "USD", "cik": "0001278021", "fillingDate": "2015-02-25", "acceptedDate": "2015-02-25 16:30:41", "calendarYear": "2014", "period": "FY", "revenue": 262774000, "costOfRevenue": 74995000, "grossProfit": 187779000, "grossProfitRatio": 0.7146026624, "researchAndDevelopmentExpenses": 0, "generalAndAdministrativeExpenses": 46095000, "sellingAndMarketingExpenses": 5769000, "sellingGeneralAndAdministrativeExpenses": 51864000, "otherExpenses": 17379000, "operatingExpenses": 69243000, "costAndExpenses": 144238000, "interestIncome": 0, "interestExpense": 0, "depreciationAndAmortization": 17379000, "ebitda": 135915000, "ebitdaratio": 0.5172315374, "operatingIncome": 118536000, "operatingIncomeRatio": 0.4510948572, "totalOtherIncomeExpensesNet": 43730000, "incomeBeforeTax": 118536000, "incomeBeforeTaxRatio": 0.4510948572, "incomeTaxExpense": 43730000, "netIncome": 74806000, "netIncomeRatio": 0.2846780884, "eps": 2.03, "epsdiluted": 1.97, "weightedAverageShsOut": 36930000, "weightedAverageShsOutDil": 37889000, "link": "https://www.sec.gov/Archives/edgar/data/1278021/000156459015000953/0001564590-15-000953-index.htm", "finalLink": "https://www.sec.gov/Archives/edgar/data/1278021/000156459015000953/mktx-10k_20141231.htm", "calculatedOtherExpenses": 17379000, "calculatedOperatingExpenses": 69243000, "calculatedNetInterest": 0, "calculatedOtherIncome": 0, "calculatedIncomeNonControlling": 0, "calculatedEbitda": 135915000}, {"date": "2013-12-31", "symbol": "MKTX", "reportedCurrency": "USD", "cik": "0001278021", "fillingDate": "2014-02-24", "acceptedDate": "2014-02-24 16:56:26", "calendarYear": "2013", "period": "FY", "revenue": 238733000, "costOfRevenue": 64406000, "grossProfit": 174327000, "grossProfitRatio": 0.7302174396, "researchAndDevelopmentExpenses": 0, "generalAndAdministrativeExpenses": 48292000, "sellingAndMarketingExpenses": 4632000, "sellingGeneralAndAdministrativeExpenses": 52924000, "otherExpenses": 14123000, "operatingExpenses": 67047000, "costAndExpenses": 131453000, "interestIncome": 0, "interestExpense": 0, "depreciationAndAmortization": 14123000, "ebitda": 121403000, "ebitdaratio": 0.5085304503, "operatingIncome": 107280000, "operatingIncomeRatio": 0.4493723113, "totalOtherIncomeExpensesNet": 38717000, "incomeBeforeTax": 107280000, "incomeBeforeTaxRatio": 0.4493723113, "incomeTaxExpense": 38717000, "netIncome": 76016000, "netIncomeRatio": 0.3184142955, "eps": 2.06, "epsdiluted": 2.01, "weightedAverageShsOut": 36886000, "weightedAverageShsOutDil": 37888000, "link": "https://www.sec.gov/Archives/edgar/data/1278021/000119312514065153/0001193125-14-065153-index.htm", "finalLink": "https://www.sec.gov/Archives/edgar/data/1278021/000119312514065153/d663037d10k.htm", "calculatedOtherExpenses": 14123000, "calculatedOperatingExpenses": 67047000, "calculatedNetInterest": 0, "calculatedOtherIncome": 0, "calculatedIncomeNonControlling": -7453000, "calculatedEbitda": 121403000}, {"date": "2012-12-31", "symbol": "MKTX", "reportedCurrency": "USD", "cik": "0001278021", "fillingDate": "2013-02-21", "acceptedDate": "2013-02-21 17:23:01", "calendarYear": "2012", "period": "FY", "revenue": 198204000, "costOfRevenue": 60361000, "grossProfit": 137843000, "grossProfitRatio": 0.6954602329, "researchAndDevelopmentExpenses": 0, "generalAndAdministrativeExpenses": 37454000, "sellingAndMarketingExpenses": 5470000, "sellingGeneralAndAdministrativeExpenses": 42924000, "otherExpenses": 8233000, "operatingExpenses": 51157000, "costAndExpenses": 111518000, "interestIncome": 1058000, "interestExpense": 0, "depreciationAndAmortization": 8233000, "ebitda": 94919000, "ebitdaratio": 0.4788954814, "operatingIncome": 86686000, "operatingIncomeRatio": 0.4373574701, "totalOtherIncomeExpensesNet": -8233000, "incomeBeforeTax": 86686000, "incomeBeforeTaxRatio": 0.4373574701, "incomeTaxExpense": 26617000, "netIncome": 60069000, "netIncomeRatio": 0.3030665375, "eps": 1.65, "epsdiluted": 1.59, "weightedAverageShsOut": 36516000, "weightedAverageShsOutDil": 37816000, "link": "https://www.sec.gov/Archives/edgar/data/1278021/000119312513069592/0001193125-13-069592-index.htm", "finalLink": "https://www.sec.gov/Archives/edgar/data/1278021/000119312513069592/d444406d10k.htm", "calculatedOtherExpenses": 8233000, "calculatedOperatingExpenses": 51157000, "calculatedNetInterest": 1058000, "calculatedOtherIncome": -1058000, "calculatedIncomeNonControlling": 0, "calculatedEbitda": 94919000}, {"date": "2011-12-31", "symbol": "MKTX", "reportedCurrency": "USD", "cik": "0001278021", "fillingDate": "2012-02-17", "acceptedDate": "2012-02-17 12:36:12", "calendarYear": "2011", "period": "FY", "revenue": 181099000, "costOfRevenue": 58786000, "grossProfit": 122313000, "grossProfitRatio": 0.6753930171, "researchAndDevelopmentExpenses": 0, "generalAndAdministrativeExpenses": 90703000, "sellingAndMarketingExpenses": 4882000, "sellingGeneralAndAdministrativeExpenses": 95585000, "otherExpenses": 6781000, "operatingExpenses": 102366000, "costAndExpenses": 102366000, "interestIncome": 0, "interestExpense": 0, "depreciationAndAmortization": 6781000, "ebitda": 85514000, "ebitdaratio": 0.4721947664, "operatingIncome": 78733000, "operatingIncomeRatio": 0.4347511582, "totalOtherIncomeExpensesNet": -6781000, "incomeBeforeTax": 78733000, "incomeBeforeTaxRatio": 0.4347511582, "incomeTaxExpense": 31029000, "netIncome": 47704000, "netIncomeRatio": 0.2634139338, "eps": 1.29, "epsdiluted": 1.2, "weightedAverageShsOut": 37006000, "weightedAverageShsOutDil": 39608000, "link": "https://www.sec.gov/Archives/edgar/data/1278021/000119312512066932/0001193125-12-066932-index.htm", "finalLink": "https://www.sec.gov/Archives/edgar/data/1278021/000119312512066932/d290061d10k.htm", "calculatedOtherExpenses": -52005000, "calculatedOperatingExpenses": 43580000, "calculatedNetInterest": 0, "calculatedOtherIncome": 0, "calculatedIncomeNonControlling": 0, "calculatedEbitda": 85514000}, {"date": "2010-12-31", "symbol": "MKTX", "reportedCurrency": "USD", "cik": "0001278021", "fillingDate": "2011-02-24", "acceptedDate": "2011-02-24 17:13:11", "calendarYear": "2010", "period": "FY", "revenue": 146228000, "costOfRevenue": 74931000, "grossProfit": 71297000, "grossProfitRatio": 0.4875741992, "researchAndDevelopmentExpenses": 0, "generalAndAdministrativeExpenses": 10962000, "sellingAndMarketingExpenses": 3075000, "sellingGeneralAndAdministrativeExpenses": 14037000, "otherExpenses": 6350000, "operatingExpenses": 20387000, "costAndExpenses": 95318000, "interestIncome": 0, "interestExpense": 0, "depreciationAndAmortization": 6350000, "ebitda": 57260000, "ebitdaratio": 0.3915802719, "operatingIncome": 50910000, "operatingIncomeRatio": 0.3481549361, "totalOtherIncomeExpensesNet": -6350000, "incomeBeforeTax": 50910000, "incomeBeforeTaxRatio": 0.3481549361, "incomeTaxExpense": 19482000, "netIncome": 31428000, "netIncomeRatio": 0.2149246382, "eps": 0.86, "epsdiluted": 0.8, "weightedAverageShsOut": 33159000, "weightedAverageShsOutDil": 39051000, "link": "https://www.sec.gov/Archives/edgar/data/1278021/000095012311017944/0000950123-11-017944-index.htm", "finalLink": "https://www.sec.gov/Archives/edgar/data/1278021/000095012311017944/c12988e10vk.htm", "calculatedOtherExpenses": 6350000, "calculatedOperatingExpenses": 20387000, "calculatedNetInterest": 0, "calculatedOtherIncome": 0, "calculatedIncomeNonControlling": 0, "calculatedEbitda": 57260000}, {"date": "2009-12-31", "symbol": "MKTX", "reportedCurrency": "USD", "cik": "0001278021", "fillingDate": "2010-02-26", "acceptedDate": "2010-02-26 12:53:20", "calendarYear": "2009", "period": "FY", "revenue": 114439000, "costOfRevenue": 61839000, "grossProfit": 52600000, "grossProfitRatio": 0.4596335165, "researchAndDevelopmentExpenses": 0, "generalAndAdministrativeExpenses": 74718000, "sellingAndMarketingExpenses": 2882000, "sellingGeneralAndAdministrativeExpenses": 77600000, "otherExpenses": 6790000, "operatingExpenses": 84390000, "costAndExpenses": 84390000, "interestIncome": 1222000, "interestExpense": 0, "depreciationAndAmortization": 6790000, "ebitda": 36839000, "ebitdaratio": 0.3219094889, "operatingIncome": 30049000, "operatingIncomeRatio": 0.2625765692, "totalOtherIncomeExpensesNet": -6790000, "incomeBeforeTax": 30049000, "incomeBeforeTaxRatio": 0.2625765692, "incomeTaxExpense": 13947000, "netIncome": 16102000, "netIncomeRatio": 0.1407037811, "eps": 0.44, "epsdiluted": 0.42, "weightedAverageShsOut": 33264000, "weightedAverageShsOutDil": 38082000, "link": "https://www.sec.gov/Archives/edgar/data/1278021/000095012310017821/0000950123-10-017821-index.htm", "finalLink": "https://www.sec.gov/Archives/edgar/data/1278021/000095012310017821/y82820e10vk.htm", "calculatedOtherExpenses": -55049000, "calculatedOperatingExpenses": 22551000, "calculatedNetInterest": 1222000, "calculatedOtherIncome": -1222000, "calculatedIncomeNonControlling": 0, "calculatedEbitda": 36839000}, {"date": "2008-12-31", "symbol": "MKTX", "reportedCurrency": "USD", "cik": "0001278021", "fillingDate": "2009-03-03", "acceptedDate": "2009-03-03 16:38:30", "calendarYear": "2008", "period": "FY", "revenue": 93085000, "costOfRevenue": 55012000, "grossProfit": 38073000, "grossProfitRatio": 0.4090132674, "researchAndDevelopmentExpenses": 0, "generalAndAdministrativeExpenses": 6408000, "sellingAndMarketingExpenses": 2781000, "sellingGeneralAndAdministrativeExpenses": 9189000, "otherExpenses": 7879000, "operatingExpenses": 80251000, "costAndExpenses": 80251000, "interestIncome": 0, "interestExpense": 0, "depreciationAndAmortization": 7879000, "ebitda": 20713000, "ebitdaratio": 0.2225170543, "operatingIncome": 12834000, "operatingIncomeRatio": 0.1378739861, "totalOtherIncomeExpensesNet": -7879000, "incomeBeforeTax": 12834000, "incomeBeforeTaxRatio": 0.1378739861, "incomeTaxExpense": 4935000, "netIncome": 7899000, "netIncomeRatio": 0.0848579256, "eps": 0.23, "epsdiluted": 0.22, "weightedAverageShsOut": 32831000, "weightedAverageShsOutDil": 35737000, "link": "https://www.sec.gov/Archives/edgar/data/1278021/000095012309003922/0000950123-09-003922-index.htm", "finalLink": "https://www.sec.gov/Archives/edgar/data/1278021/000095012309003922/y74924e10vk.htm", "calculatedOtherExpenses": 16050000, "calculatedOperatingExpenses": 25239000, "calculatedNetInterest": 0, "calculatedOtherIncome": 0, "calculatedIncomeNonControlling": 0, "calculatedEbitda": 20713000}, {"date": "2007-12-31", "symbol": "MKTX", "reportedCurrency": "USD", "cik": "0001278021", "fillingDate": "2008-03-03", "acceptedDate": "2008-03-03 17:12:48", "calendarYear": "2007", "period": "FY", "revenue": 93643000, "costOfRevenue": 53789000, "grossProfit": 39854000, "grossProfitRatio": 0.4255950792, "researchAndDevelopmentExpenses": 0, "generalAndAdministrativeExpenses": 13528000, "sellingAndMarketingExpenses": 1905000, "sellingGeneralAndAdministrativeExpenses": 1905000, "otherExpenses": 74487000, "operatingExpenses": 76392000, "costAndExpenses": 76392000, "interestIncome": 5242000, "interestExpense": 0, "depreciationAndAmortization": 7170000, "ebitda": 24421000, "ebitdaratio": 0.2607883131, "operatingIncome": 17251000, "operatingIncomeRatio": 0.1842209241, "totalOtherIncomeExpensesNet": -7170000, "incomeBeforeTax": 17251000, "incomeBeforeTaxRatio": 0.1842209241, "incomeTaxExpense": 6931000, "netIncome": 10320000, "netIncomeRatio": 0.1102057815, "eps": 0.32, "epsdiluted": 0.3, "weightedAverageShsOut": 32293036, "weightedAverageShsOutDil": 34453195, "link": "https://www.sec.gov/Archives/edgar/data/1278021/000095012308002433/0000950123-08-002433-index.htm", "finalLink": "https://www.sec.gov/Archives/edgar/data/1278021/000095012308002433/y50504e10vk.htm", "calculatedOtherExpenses": 20698000, "calculatedOperatingExpenses": 22603000, "calculatedNetInterest": 5242000, "calculatedOtherIncome": -5242000, "calculatedIncomeNonControlling": 0, "calculatedEbitda": 24421000}, {"date": "2006-12-31", "symbol": "MKTX", "reportedCurrency": "USD", "cik": "0001278021", "fillingDate": "2007-03-14", "acceptedDate": "2007-03-14 15:02:18", "calendarYear": "2006", "period": "FY", "revenue": 83316000, "costOfRevenue": 49782000, "grossProfit": 33534000, "grossProfitRatio": 0.4024917183, "researchAndDevelopmentExpenses": 0, "generalAndAdministrativeExpenses": 16433000, "sellingAndMarketingExpenses": 1769000, "sellingGeneralAndAdministrativeExpenses": 1769000, "otherExpenses": 72943000, "operatingExpenses": 74712000, "costAndExpenses": 74712000, "interestIncome": 4595000, "interestExpense": 0, "depreciationAndAmortization": 6728000, "ebitda": 15332000, "ebitdaratio": 0.1840222766, "operatingIncome": 8604000, "operatingIncomeRatio": 0.1032694801, "totalOtherIncomeExpensesNet": -6728000, "incomeBeforeTax": 8604000, "incomeBeforeTaxRatio": 0.1032694801, "incomeTaxExpense": 3183000, "netIncome": 5421000, "netIncomeRatio": 0.0650655336, "eps": 0.18, "epsdiluted": 0.15, "weightedAverageShsOut": 30563437, "weightedAverageShsOutDil": 35077348, "link": "https://www.sec.gov/Archives/edgar/data/1278021/000095012307003811/0000950123-07-003811-index.htm", "finalLink": "https://www.sec.gov/Archives/edgar/data/1278021/000095012307003811/y31603e10vk.htm", "calculatedOtherExpenses": 23161000, "calculatedOperatingExpenses": 24930000, "calculatedNetInterest": 4595000, "calculatedOtherIncome": -4595000, "calculatedIncomeNonControlling": 0, "calculatedEbitda": 15332000}, {"date": "2005-12-31", "symbol": "MKTX", "reportedCurrency": "USD", "cik": "0001278021", "fillingDate": "2006-03-14", "acceptedDate": "2006-03-14 16:59:57", "calendarYear": "2005", "period": "FY", "revenue": 78560000, "costOfRevenue": 43889000, "grossProfit": 34671000, "grossProfitRatio": 0.4413314664, "researchAndDevelopmentExpenses": 0, "generalAndAdministrativeExpenses": 6618000, "sellingAndMarketingExpenses": 2581000, "sellingGeneralAndAdministrativeExpenses": 9199000, "otherExpenses": 57800000, "operatingExpenses": 66999000, "costAndExpenses": 66999000, "interestIncome": 3160000, "interestExpense": 0, "depreciationAndAmortization": 4606000, "ebitda": 16167000, "ebitdaratio": 0.2057917515, "operatingIncome": 11561000, "operatingIncomeRatio": 0.1471614053, "totalOtherIncomeExpensesNet": -4556000, "incomeBeforeTax": 11561000, "incomeBeforeTaxRatio": 0.1471614053, "incomeTaxExpense": 3419000, "netIncome": 8142000, "netIncomeRatio": 0.1036405295, "eps": 0.29, "epsdiluted": 0.23, "weightedAverageShsOut": 28156505, "weightedAverageShsOutDil": 35512346, "link": "https://www.sec.gov/Archives/edgar/data/1278021/000095012306003136/0000950123-06-003136-index.htm", "finalLink": "https://www.sec.gov/Archives/edgar/data/1278021/000095012306003136/y18398e10vk.htm", "calculatedOtherExpenses": 13911000, "calculatedOperatingExpenses": 23110000, "calculatedNetInterest": 3160000, "calculatedOtherIncome": -3160000, "calculatedIncomeNonControlling": 0, "calculatedEbitda": 16167000}, {"date": "2004-12-31", "symbol": "MKTX", "reportedCurrency": "USD", "cik": "0001278021", "fillingDate": "2005-03-30", "acceptedDate": "2005-03-30 15:29:40", "calendarYear": "2004", "period": "FY", "revenue": 75797000, "costOfRevenue": 39548000, "grossProfit": 36249000, "grossProfitRatio": 0.478237925, "researchAndDevelopmentExpenses": 0, "generalAndAdministrativeExpenses": 4263000, "sellingAndMarketingExpenses": 2530000, "sellingGeneralAndAdministrativeExpenses": 6793000, "otherExpenses": 0, "operatingExpenses": 58481000, "costAndExpenses": 58481000, "interestIncome": 0, "interestExpense": 0, "depreciationAndAmortization": 3468000, "ebitda": 20784000, "ebitdaratio": 0.2742061031, "operatingIncome": 17316000, "operatingIncomeRatio": 0.2284523134, "totalOtherIncomeExpensesNet": -7232000, "incomeBeforeTax": 17316000, "incomeBeforeTaxRatio": 0.2284523134, "incomeTaxExpense": -41330000, "netIncome": 58646000, "netIncomeRatio": 0.7737245537, "eps": 6.76, "epsdiluted": 1.88, "weightedAverageShsOut": 7097682, "weightedAverageShsOutDil": 30638644, "link": "https://www.sec.gov/Archives/edgar/data/1278021/000095012305003795/0000950123-05-003795-index.htm", "finalLink": "https://www.sec.gov/Archives/edgar/data/1278021/000095012305003795/y06665e10vk.htm", "calculatedOtherExpenses": 12140000, "calculatedOperatingExpenses": 18933000, "calculatedNetInterest": 0, "calculatedOtherIncome": 0, "calculatedIncomeNonControlling": 0, "calculatedEbitda": 20784000}, {"date": "2003-12-31", "symbol": "MKTX", "reportedCurrency": "USD", "cik": "0001278021", "fillingDate": "2003-12-31", "acceptedDate": "2003-12-30 19:00:00", "calendarYear": "2003", "period": "FY", "revenue": 58460465, "costOfRevenue": 0, "grossProfit": 58460465, "grossProfitRatio": 1, "researchAndDevelopmentExpenses": 0, "generalAndAdministrativeExpenses": 39873246, "sellingAndMarketingExpenses": 2291609, "sellingGeneralAndAdministrativeExpenses": 42164855, "otherExpenses": 11893462, "operatingExpenses": 54058317, "costAndExpenses": 54058317, "interestIncome": 371130, "interestExpense": 0, "depreciationAndAmortization": 4687589, "ebitda": 9089737, "ebitdaratio": 0.1554851984, "operatingIncome": 4402148, "operatingIncomeRatio": 0.0753012827, "totalOtherIncomeExpensesNet": 0, "incomeBeforeTax": 4402148, "incomeBeforeTaxRatio": 0.0753012827, "incomeTaxExpense": 189500, "netIncome": 4212648, "netIncomeRatio": 0.0720597758, "eps": -2.2, "epsdiluted": -2.2, "weightedAverageShsOut": 3288464, "weightedAverageShsOutDil": 3288464, "link": "", "finalLink": "", "calculatedOtherExpenses": 11893462, "calculatedOperatingExpenses": 54058317, "calculatedNetInterest": 371130, "calculatedOtherIncome": -371130, "calculatedIncomeNonControlling": 0, "calculatedEbitda": 9089737}, {"date": "2002-12-31", "symbol": "MKTX", "reportedCurrency": "USD", "cik": "0001278021", "fillingDate": "2002-12-31", "acceptedDate": "2002-12-30 19:00:00", "calendarYear": "2002", "period": "FY", "revenue": 18701542, "costOfRevenue": 0, "grossProfit": 18701542, "grossProfitRatio": 1, "researchAndDevelopmentExpenses": 0, "generalAndAdministrativeExpenses": 24290359, "sellingAndMarketingExpenses": 2588216, "sellingGeneralAndAdministrativeExpenses": 26878575, "otherExpenses": 0, "operatingExpenses": -28572620, "costAndExpenses": -28572620, "interestIncome": 0, "interestExpense": 0, "depreciationAndAmortization": 6829173, "ebitda": 53428920, "ebitdaratio": 2.8569259155, "operatingIncome": 47274162, "operatingIncomeRatio": 2.5278216096, "totalOtherIncomeExpensesNet": 674415, "incomeBeforeTax": 47948577, "incomeBeforeTaxRatio": 2.5638836092, "incomeTaxExpense": 83349400, "netIncome": -36075238, "netIncomeRatio": -1.9289980473, "eps": -10.92, "epsdiluted": -1.21, "weightedAverageShsOut": 3304257, "weightedAverageShsOutDil": 29921173, "link": "", "finalLink": "", "calculatedOtherExpenses": -55451195, "calculatedOperatingExpenses": -28572620, "calculatedNetInterest": 0, "calculatedOtherIncome": 674415, "calculatedIncomeNonControlling": 674415, "calculatedEbitda": 54103335}, {"date": "2001-12-31", "symbol": "MKTX", "reportedCurrency": "USD", "cik": "0001278021", "fillingDate": "2001-12-31", "acceptedDate": "2001-12-30 19:00:00", "calendarYear": "2001", "period": "FY", "revenue": 6598000, "costOfRevenue": 0, "grossProfit": 6598000, "grossProfitRatio": 1, "researchAndDevelopmentExpenses": 0, "generalAndAdministrativeExpenses": 6153000, "sellingAndMarketingExpenses": 1780000, "sellingGeneralAndAdministrativeExpenses": 7933000, "otherExpenses": 63761000, "operatingExpenses": 71694000, "costAndExpenses": 71694000, "interestIncome": 0, "interestExpense": 0, "depreciationAndAmortization": 5127000, "ebitda": -59969000, "ebitdaratio": -9.0889663534, "operatingIncome": -65096000, "operatingIncomeRatio": -9.8660200061, "totalOtherIncomeExpensesNet": 0, "incomeBeforeTax": -65096000, "incomeBeforeTaxRatio": -9.8660200061, "incomeTaxExpense": 0, "netIncome": -65096000, "netIncomeRatio": -9.8660200061, "eps": -21.01, "epsdiluted": -21.01, "weightedAverageShsOut": 3097994, "weightedAverageShsOutDil": 3097994, "link": "", "finalLink": "", "calculatedOtherExpenses": 63761000, "calculatedOperatingExpenses": 71694000, "calculatedNetInterest": 0, "calculatedOtherIncome": 0, "calculatedIncomeNonControlling": 0, "calculatedEbitda": -59969000}]}