{"originalCurrency": "USD", "convertedCurrency": "USD", "report": [{"date": "2023-12-31", "symbol": "MLI", "reportedCurrency": "USD", "cik": "0000089439", "fillingDate": "2023-12-31", "acceptedDate": "2023-12-29 19:00:00", "calendarYear": "2023", "period": "FY", "revenue": 3420345000, "costOfRevenue": 2475503000, "grossProfit": 944842000, "grossProfitRatio": 0.2762417242, "researchAndDevelopmentExpenses": 0, "generalAndAdministrativeExpenses": 0, "sellingAndMarketingExpenses": 0, "sellingGeneralAndAdministrativeExpenses": 208172000, "otherExpenses": 3618000, "operatingExpenses": 208172000, "costAndExpenses": 2683675000, "interestIncome": 38208000, "interestExpense": 1221000, "depreciationAndAmortization": 39954000, "ebitda": 776624000, "ebitdaratio": 0.2270601357, "operatingIncome": 736670000, "operatingIncomeRatio": 0.215378858, "totalOtherIncomeExpensesNet": 108562000, "incomeBeforeTax": 845232000, "incomeBeforeTaxRatio": 0.247118931, "incomeTaxExpense": 220762000, "netIncome": 602897000, "netIncomeRatio": 0.1762678911, "eps": 5.41, "epsdiluted": 5.3, "weightedAverageShsOut": 111420000, "weightedAverageShsOutDil": 113662000, "link": null, "finalLink": null, "calculatedOtherExpenses": 0, "calculatedOperatingExpenses": 208172000, "calculatedNetInterest": 36987000, "calculatedOtherIncome": 71575000, "calculatedIncomeNonControlling": 21573000, "calculatedEbitda": 776624000}, {"date": "2022-12-31", "symbol": "MLI", "reportedCurrency": "USD", "cik": "0000089439", "fillingDate": "2023-02-28", "acceptedDate": "2023-02-28 16:10:57", "calendarYear": "2022", "period": "FY", "revenue": 3982455000, "costOfRevenue": 2864862000, "grossProfit": 1117593000, "grossProfitRatio": 0.2806291597, "researchAndDevelopmentExpenses": 0, "generalAndAdministrativeExpenses": 203086000, "sellingAndMarketingExpenses": 0, "sellingGeneralAndAdministrativeExpenses": 203086000, "otherExpenses": 45029000, "operatingExpenses": 248115000, "costAndExpenses": 3112977000, "interestIncome": 6457000, "interestExpense": 810000, "depreciationAndAmortization": 50507000, "ebitda": 927656000, "ebitdaratio": 0.2329357143, "operatingIncome": 877149000, "operatingIncomeRatio": 0.2202533362, "totalOtherIncomeExpensesNet": -1118000, "incomeBeforeTax": 876031000, "incomeBeforeTaxRatio": 0.2199726048, "incomeTaxExpense": 223322000, "netIncome": 658316000, "netIncomeRatio": 0.165304065, "eps": 5.9, "epsdiluted": 5.82, "weightedAverageShsOut": 111558000, "weightedAverageShsOutDil": 113110000, "link": "https://www.sec.gov/Archives/edgar/data/89439/000008943923000016/0000089439-23-000016-index.htm", "finalLink": "https://www.sec.gov/Archives/edgar/data/89439/000008943923000016/mli-20221231.htm", "calculatedOtherExpenses": 37358000, "calculatedOperatingExpenses": 240444000, "calculatedNetInterest": 5647000, "calculatedOtherIncome": -6765000, "calculatedIncomeNonControlling": -5607000, "calculatedEbitda": 927656000}, {"date": "2021-12-25", "symbol": "MLI", "reportedCurrency": "USD", "cik": "0000089439", "fillingDate": "2022-02-23", "acceptedDate": "2022-02-23 16:04:54", "calendarYear": "2021", "period": "FY", "revenue": 3769345000, "costOfRevenue": 2938989000, "grossProfit": 830356000, "grossProfitRatio": 0.2202918544, "researchAndDevelopmentExpenses": 0, "generalAndAdministrativeExpenses": 184052000, "sellingAndMarketingExpenses": 0, "sellingGeneralAndAdministrativeExpenses": 184052000, "otherExpenses": 50443000, "operatingExpenses": 234495000, "costAndExpenses": 3173484000, "interestIncome": 353000, "interestExpense": 7709000, "depreciationAndAmortization": -16273000, "ebitda": 639572000, "ebitdaratio": 0.1696772251, "operatingIncome": 655845000, "operatingIncomeRatio": 0.1739944208, "totalOtherIncomeExpensesNet": -14706000, "incomeBeforeTax": 641139000, "incomeBeforeTaxRatio": 0.1700929472, "incomeTaxExpense": 165858000, "netIncome": 468520000, "netIncomeRatio": 0.1242974575, "eps": 4.18, "epsdiluted": 4.12, "weightedAverageShsOut": 112022000, "weightedAverageShsOutDil": 113596000, "link": "https://www.sec.gov/Archives/edgar/data/89439/000008943922000013/0000089439-22-000013-index.htm", "finalLink": "https://www.sec.gov/Archives/edgar/data/89439/000008943922000013/mli-20211225.htm", "calculatedOtherExpenses": -9541000, "calculatedOperatingExpenses": 174511000, "calculatedNetInterest": -7356000, "calculatedOtherIncome": -7350000, "calculatedIncomeNonControlling": 6761000, "calculatedEbitda": 639572000}, {"date": "2020-12-26", "symbol": "MLI", "reportedCurrency": "USD", "cik": "0000089439", "fillingDate": "2021-02-24", "acceptedDate": "2021-02-24 16:37:14", "calendarYear": "2020", "period": "FY", "revenue": 2398043000, "costOfRevenue": 1966161000, "grossProfit": 431882000, "grossProfitRatio": 0.180097688, "researchAndDevelopmentExpenses": 0, "generalAndAdministrativeExpenses": 159483000, "sellingAndMarketingExpenses": 0, "sellingGeneralAndAdministrativeExpenses": 159483000, "otherExpenses": 49297000, "operatingExpenses": 208780000, "costAndExpenses": 2174941000, "interestIncome": 1101000, "interestExpense": 19247000, "depreciationAndAmortization": 27313000, "ebitda": 273151000, "ebitdaratio": 0.1139057974, "operatingIncome": 245838000, "operatingIncomeRatio": 0.1025160933, "totalOtherIncomeExpensesNet": -36649000, "incomeBeforeTax": 209189000, "incomeBeforeTaxRatio": 0.0872332148, "incomeTaxExpense": 55321000, "netIncome": 139493000, "netIncomeRatio": 0.0581695157, "eps": 1.25, "epsdiluted": 1.24, "weightedAverageShsOut": 111642000, "weightedAverageShsOutDil": 112780000, "link": "https://www.sec.gov/Archives/edgar/data/89439/000008943921000015/0000089439-21-000015-index.htm", "finalLink": "https://www.sec.gov/Archives/edgar/data/89439/000008943921000015/mli-20201226.htm", "calculatedOtherExpenses": 26561000, "calculatedOperatingExpenses": 186044000, "calculatedNetInterest": -18146000, "calculatedOtherIncome": -18503000, "calculatedIncomeNonControlling": 14375000, "calculatedEbitda": 273151000}, {"date": "2019-12-28", "symbol": "MLI", "reportedCurrency": "USD", "cik": "0000089439", "fillingDate": "2020-02-26", "acceptedDate": "2020-02-26 16:29:41", "calendarYear": "2019", "period": "FY", "revenue": 2430616000, "costOfRevenue": 2035610000, "grossProfit": 395006000, "grossProfitRatio": 0.1625127128, "researchAndDevelopmentExpenses": 0, "generalAndAdministrativeExpenses": 161395000, "sellingAndMarketingExpenses": 0, "sellingGeneralAndAdministrativeExpenses": 161395000, "otherExpenses": 44014000, "operatingExpenses": 205409000, "costAndExpenses": 2241019000, "interestIncome": 722000, "interestExpense": 25683000, "depreciationAndAmortization": 42889000, "ebitda": 234292000, "ebitdaratio": 0.0963920257, "operatingIncome": 191403000, "operatingIncomeRatio": 0.0787467045, "totalOtherIncomeExpensesNet": -25320000, "incomeBeforeTax": 166083000, "incomeBeforeTaxRatio": 0.0683295922, "incomeTaxExpense": 35257000, "netIncome": 100972000, "netIncomeRatio": 0.0415417326, "eps": 0.9, "epsdiluted": 0.9, "weightedAverageShsOut": 111596000, "weightedAverageShsOutDil": 112686000, "link": "https://www.sec.gov/Archives/edgar/data/89439/000008943920000016/0000089439-20-000016-index.htm", "finalLink": "https://www.sec.gov/Archives/edgar/data/89439/000008943920000016/mli12281910-k.htm", "calculatedOtherExpenses": 42208000, "calculatedOperatingExpenses": 203603000, "calculatedNetInterest": -24961000, "calculatedOtherIncome": -359000, "calculatedIncomeNonControlling": 29854000, "calculatedEbitda": 234292000}, {"date": "2018-12-29", "symbol": "MLI", "reportedCurrency": "USD", "cik": "0000089439", "fillingDate": "2019-02-27", "acceptedDate": "2019-02-27 16:07:18", "calendarYear": "2018", "period": "FY", "revenue": 2507878000, "costOfRevenue": 2150400000, "grossProfit": 357478000, "grossProfitRatio": 0.1425420216, "researchAndDevelopmentExpenses": 0, "generalAndAdministrativeExpenses": 148888000, "sellingAndMarketingExpenses": 3681000, "sellingGeneralAndAdministrativeExpenses": 148888000, "otherExpenses": 3967000, "operatingExpenses": 189763000, "costAndExpenses": 2340163000, "interestIncome": 624000, "interestExpense": 25199000, "depreciationAndAmortization": 39873000, "ebitda": 211555000, "ebitdaratio": 0.0843561768, "operatingIncome": 172969000, "operatingIncomeRatio": 0.0689702609, "totalOtherIncomeExpensesNet": 7901000, "incomeBeforeTax": 150417000, "incomeBeforeTaxRatio": 0.059977798, "incomeTaxExpense": 30952000, "netIncome": 104459000, "netIncomeRatio": 0.0416523451, "eps": 0.92, "epsdiluted": 0.91, "weightedAverageShsOut": 113564000, "weightedAverageShsOutDil": 114538000, "link": "https://www.sec.gov/Archives/edgar/data/89439/000008943919000021/0000089439-19-000021-index.htm", "finalLink": "https://www.sec.gov/Archives/edgar/data/89439/000008943919000021/mli12291810-k.htm", "calculatedOtherExpenses": 35621000, "calculatedOperatingExpenses": 184509000, "calculatedNetInterest": -24575000, "calculatedOtherIncome": 2023000, "calculatedIncomeNonControlling": 15006000, "calculatedEbitda": 212842000}, {"date": "2017-12-30", "symbol": "MLI", "reportedCurrency": "USD", "cik": "0000089439", "fillingDate": "2018-02-28", "acceptedDate": "2018-02-28 16:30:33", "calendarYear": "2017", "period": "FY", "revenue": 2266073000, "costOfRevenue": 1940617000, "grossProfit": 325456000, "grossProfitRatio": 0.1436211455, "researchAndDevelopmentExpenses": 0, "generalAndAdministrativeExpenses": 139580000, "sellingAndMarketingExpenses": 0, "sellingGeneralAndAdministrativeExpenses": 139580000, "otherExpenses": 1801000, "operatingExpenses": 180808000, "costAndExpenses": 2121425000, "interestIncome": 684000, "interestExpense": 19502000, "depreciationAndAmortization": 34247000, "ebitda": 180696000, "ebitdaratio": 0.0797397083, "operatingIncome": 151957000, "operatingIncomeRatio": 0.0670574161, "totalOtherIncomeExpensesNet": 1826000, "incomeBeforeTax": 126972000, "incomeBeforeTaxRatio": 0.0560317342, "incomeTaxExpense": 37884000, "netIncome": 85598000, "netIncomeRatio": 0.0377737169, "eps": 0.75, "epsdiluted": 0.75, "weightedAverageShsOut": 114896644, "weightedAverageShsOutDil": 114968000, "link": "https://www.sec.gov/Archives/edgar/data/89439/000008943918000010/0000089439-18-000010-index.htm", "finalLink": "https://www.sec.gov/Archives/edgar/data/89439/000008943918000010/mli12301710-k.htm", "calculatedOtherExpenses": 33919000, "calculatedOperatingExpenses": 173499000, "calculatedNetInterest": -18818000, "calculatedOtherIncome": -6167000, "calculatedIncomeNonControlling": 3490000, "calculatedEbitda": 186204000}, {"date": "2016-12-31", "symbol": "MLI", "reportedCurrency": "USD", "cik": "0000089439", "fillingDate": "2017-03-01", "acceptedDate": "2017-03-01 16:25:04", "calendarYear": "2016", "period": "FY", "revenue": 2055622000, "costOfRevenue": 1723499000, "grossProfit": 332123000, "grossProfitRatio": 0.1615681288, "researchAndDevelopmentExpenses": 0, "generalAndAdministrativeExpenses": 137499000, "sellingAndMarketingExpenses": 0, "sellingGeneralAndAdministrativeExpenses": 137499000, "otherExpenses": 704000, "operatingExpenses": 172632000, "costAndExpenses": 1896131000, "interestIncome": 1185000, "interestExpense": 7387000, "depreciationAndAmortization": 35702000, "ebitda": 195897000, "ebitdaratio": 0.0952981628, "operatingIncome": 152713000, "operatingIncomeRatio": 0.0742904094, "totalOtherIncomeExpensesNet": -6074000, "incomeBeforeTax": 146030000, "incomeBeforeTaxRatio": 0.0710393253, "incomeTaxExpense": 48137000, "netIncome": 99727000, "netIncomeRatio": 0.0485142696, "eps": 0.88, "epsdiluted": 0.87, "weightedAverageShsOut": 114338000, "weightedAverageShsOutDil": 114628735, "link": "https://www.sec.gov/Archives/edgar/data/89439/000008943917000009/0000089439-17-000009-index.htm", "finalLink": "https://www.sec.gov/Archives/edgar/data/89439/000008943917000009/q4_2016_form10-k.htm", "calculatedOtherExpenses": 41911000, "calculatedOperatingExpenses": 179410000, "calculatedNetInterest": -6202000, "calculatedOtherIncome": -481000, "calculatedIncomeNonControlling": -1834000, "calculatedEbitda": 188415000}, {"date": "2015-12-31", "symbol": "MLI", "reportedCurrency": "USD", "cik": "0000089439", "fillingDate": "2016-02-24", "acceptedDate": "2016-02-24 16:50:43", "calendarYear": "2015", "period": "FY", "revenue": 2100002000, "costOfRevenue": 1809702000, "grossProfit": 290300000, "grossProfitRatio": 0.1382379636, "researchAndDevelopmentExpenses": 0, "generalAndAdministrativeExpenses": 130358000, "sellingAndMarketingExpenses": 0, "sellingGeneralAndAdministrativeExpenses": 130358000, "otherExpenses": 2188000, "operatingExpenses": 164966000, "costAndExpenses": 1974668000, "interestIncome": 1029000, "interestExpense": 7667000, "depreciationAndAmortization": 35040000, "ebitda": 162562000, "ebitdaratio": 0.0774104025, "operatingIncome": 137268000, "operatingIncomeRatio": 0.065365652, "totalOtherIncomeExpensesNet": 14122000, "incomeBeforeTax": 131789000, "incomeBeforeTaxRatio": 0.0627566069, "incomeTaxExpense": 43382000, "netIncome": 87864000, "netIncomeRatio": 0.0418399602, "eps": 0.78, "epsdiluted": 0.77, "weightedAverageShsOut": 113936000, "weightedAverageShsOutDil": 114109090, "link": "https://www.sec.gov/Archives/edgar/data/89439/000008943916000038/0000089439-16-000038-index.html", "finalLink": "https://www.sec.gov/Archives/edgar/data/89439/000008943916000038/q4_2015_form_10-k.htm", "calculatedOtherExpenses": 22674000, "calculatedOperatingExpenses": 153032000, "calculatedNetInterest": -6638000, "calculatedOtherIncome": 1159000, "calculatedIncomeNonControlling": 543000, "calculatedEbitda": 172308000}, {"date": "2014-12-27", "symbol": "MLI", "reportedCurrency": "USD", "cik": "0000089439", "fillingDate": "2015-02-24", "acceptedDate": "2015-02-24 16:57:47", "calendarYear": "2014", "period": "FY", "revenue": 2364227000, "costOfRevenue": 2043719000, "grossProfit": 320508000, "grossProfitRatio": 0.1355656627, "researchAndDevelopmentExpenses": 0, "generalAndAdministrativeExpenses": 131740000, "sellingAndMarketingExpenses": 0, "sellingGeneralAndAdministrativeExpenses": 131740000, "otherExpenses": -243000, "operatingExpenses": 165475000, "costAndExpenses": 2209194000, "interestIncome": 573000, "interestExpense": 5740000, "depreciationAndAmortization": 34076000, "ebitda": 188866000, "ebitdaratio": 0.0798848842, "operatingIncome": 153996000, "operatingIncomeRatio": 0.0651358774, "totalOtherIncomeExpensesNet": -1280000, "incomeBeforeTax": 148013000, "incomeBeforeTaxRatio": 0.0626052405, "incomeTaxExpense": 45479000, "netIncome": 101560000, "netIncomeRatio": 0.042956958, "eps": 0.91, "epsdiluted": 0.9, "weightedAverageShsOut": 113474860, "weightedAverageShsOutDil": 113536000, "link": "https://www.sec.gov/Archives/edgar/data/89439/000008943915000006/0000089439-15-000006-index.htm", "finalLink": "https://www.sec.gov/Archives/edgar/data/89439/000008943915000006/mli10k122714.htm", "calculatedOtherExpenses": 34772000, "calculatedOperatingExpenses": 166512000, "calculatedNetInterest": -5167000, "calculatedOtherIncome": -816000, "calculatedIncomeNonControlling": 974000, "calculatedEbitda": 188072000}, {"date": "2013-12-28", "symbol": "MLI", "reportedCurrency": "USD", "cik": "0000089439", "fillingDate": "2014-02-26", "acceptedDate": "2014-02-26 16:51:12", "calendarYear": "2013", "period": "FY", "revenue": 2158541000, "costOfRevenue": 1862089000, "grossProfit": 296452000, "grossProfitRatio": 0.1373390637, "researchAndDevelopmentExpenses": 0, "generalAndAdministrativeExpenses": 134914000, "sellingAndMarketingExpenses": 0, "sellingGeneralAndAdministrativeExpenses": 134914000, "otherExpenses": 4451000, "operatingExpenses": 167308000, "costAndExpenses": 2029397000, "interestIncome": 906000, "interestExpense": 3990000, "depreciationAndAmortization": 32693000, "ebitda": 166288000, "ebitdaratio": 0.077037221, "operatingIncome": 270937000, "operatingIncomeRatio": 0.1255185794, "totalOtherIncomeExpensesNet": 146244000, "incomeBeforeTax": 271398000, "incomeBeforeTaxRatio": 0.1257321496, "incomeTaxExpense": 98109000, "netIncome": 172600000, "netIncomeRatio": 0.0799614184, "eps": 1.55, "epsdiluted": 1.53, "weightedAverageShsOut": 112810457, "weightedAverageShsOutDil": 112968000, "link": "https://www.sec.gov/Archives/edgar/data/89439/000008943914000010/0000089439-14-000010-index.htm", "finalLink": "https://www.sec.gov/Archives/edgar/data/89439/000008943914000010/form10k12282013.htm", "calculatedOtherExpenses": -109399000, "calculatedOperatingExpenses": 25515000, "calculatedNetInterest": -3084000, "calculatedOtherIncome": 3545000, "calculatedIncomeNonControlling": 689000, "calculatedEbitda": 303630000}, {"date": "2012-12-29", "symbol": "MLI", "reportedCurrency": "USD", "cik": "0000089439", "fillingDate": "2013-02-27", "acceptedDate": "2013-02-27 16:11:06", "calendarYear": "2012", "period": "FY", "revenue": 2189938000, "costOfRevenue": 1904463000, "grossProfit": 285475000, "grossProfitRatio": 0.1303575718, "researchAndDevelopmentExpenses": 0, "generalAndAdministrativeExpenses": 129456000, "sellingAndMarketingExpenses": 0, "sellingGeneralAndAdministrativeExpenses": 129456000, "otherExpenses": 539000, "operatingExpenses": 160951000, "costAndExpenses": 2065414000, "interestIncome": 0, "interestExpense": 6890000, "depreciationAndAmortization": 31932000, "ebitda": 156995000, "ebitdaratio": 0.0716892442, "operatingIncome": 126705000, "operatingIncomeRatio": 0.0578578024, "totalOtherIncomeExpensesNet": 2720000, "incomeBeforeTax": 120354000, "incomeBeforeTaxRatio": 0.0549577203, "incomeTaxExpense": 36681000, "netIncome": 82395000, "netIncomeRatio": 0.0376243528, "eps": 0.58, "epsdiluted": 0.57, "weightedAverageShsOut": 142984000, "weightedAverageShsOutDil": 143295652, "link": "https://www.sec.gov/Archives/edgar/data/89439/000008943913000008/0000089439-13-000008-index.htm", "finalLink": "https://www.sec.gov/Archives/edgar/data/89439/000008943913000008/mli10_k.htm", "calculatedOtherExpenses": 29314000, "calculatedOperatingExpenses": 158770000, "calculatedNetInterest": -6890000, "calculatedOtherIncome": 539000, "calculatedIncomeNonControlling": 1278000, "calculatedEbitda": 158637000}, {"date": "2011-12-31", "symbol": "MLI", "reportedCurrency": "USD", "cik": "0000089439", "fillingDate": "2012-02-28", "acceptedDate": "2012-02-28 16:22:12", "calendarYear": "2011", "period": "FY", "revenue": 2417797000, "costOfRevenue": 2115677000, "grossProfit": 302120000, "grossProfitRatio": 0.1249567271, "researchAndDevelopmentExpenses": 0, "generalAndAdministrativeExpenses": 0, "sellingAndMarketingExpenses": 0, "sellingGeneralAndAdministrativeExpenses": 135953000, "otherExpenses": 36865000, "operatingExpenses": 172818000, "costAndExpenses": 2288495000, "interestIncome": 0, "interestExpense": 11553000, "depreciationAndAmortization": 37262000, "ebitda": 166564000, "ebitdaratio": 0.0688908126, "operatingIncome": 139802000, "operatingIncomeRatio": 0.0578220587, "totalOtherIncomeExpensesNet": 12412000, "incomeBeforeTax": 130161000, "incomeBeforeTaxRatio": 0.0538345444, "incomeTaxExpense": 43075000, "netIncome": 86321000, "netIncomeRatio": 0.0357023356, "eps": 1.14, "epsdiluted": 1.13, "weightedAverageShsOut": 75670000, "weightedAverageShsOutDil": 76392000, "link": "https://www.sec.gov/Archives/edgar/data/89439/000008943912000007/0000089439-12-000007-index.htm", "finalLink": "https://www.sec.gov/Archives/edgar/data/89439/000008943912000007/form10_k.htm", "calculatedOtherExpenses": 26365000, "calculatedOperatingExpenses": 162318000, "calculatedNetInterest": -11553000, "calculatedOtherIncome": 1912000, "calculatedIncomeNonControlling": 765000, "calculatedEbitda": 177064000}, {"date": "2010-12-25", "symbol": "MLI", "reportedCurrency": "USD", "cik": "0000089439", "fillingDate": "2011-02-22", "acceptedDate": "2011-02-22 17:11:11", "calendarYear": "2010", "period": "FY", "revenue": 2059797000, "costOfRevenue": 1774811000, "grossProfit": 284986000, "grossProfitRatio": 0.1383563526, "researchAndDevelopmentExpenses": 0, "generalAndAdministrativeExpenses": 108475000, "sellingAndMarketingExpenses": 0, "sellingGeneralAndAdministrativeExpenses": 108475000, "otherExpenses": 17689000, "operatingExpenses": 148839000, "costAndExpenses": 1923650000, "interestIncome": 829000, "interestExpense": 11647000, "depreciationAndAmortization": 40652000, "ebitda": 176799000, "ebitdaratio": 0.0858332156, "operatingIncome": 136147000, "operatingIncomeRatio": 0.0660972902, "totalOtherIncomeExpensesNet": -2650000, "incomeBeforeTax": 121850000, "incomeBeforeTaxRatio": 0.0591563149, "incomeTaxExpense": 34315000, "netIncome": 86171000, "netIncomeRatio": 0.0418347051, "eps": 1.15, "epsdiluted": 1.14, "weightedAverageShsOut": 75344000, "weightedAverageShsOutDil": 75538000, "link": "https://www.sec.gov/Archives/edgar/data/89439/000008943911000003/0000089439-11-000003-index.htm", "finalLink": "https://www.sec.gov/Archives/edgar/data/89439/000008943911000003/form10k.htm", "calculatedOtherExpenses": 40364000, "calculatedOperatingExpenses": 148839000, "calculatedNetInterest": -10818000, "calculatedOtherIncome": -3479000, "calculatedIncomeNonControlling": 1364000, "calculatedEbitda": 176799000}, {"date": "2009-12-26", "symbol": "MLI", "reportedCurrency": "USD", "cik": "0000089439", "fillingDate": "2010-02-23", "acceptedDate": "2010-02-23 16:42:59", "calendarYear": "2009", "period": "FY", "revenue": 1547225000, "costOfRevenue": 1327022000, "grossProfit": 220203000, "grossProfitRatio": 0.1423212526, "researchAndDevelopmentExpenses": 0, "generalAndAdministrativeExpenses": 116700000, "sellingAndMarketingExpenses": -40000, "sellingGeneralAndAdministrativeExpenses": 116660000, "otherExpenses": 71240000, "operatingExpenses": 158228000, "costAndExpenses": 1485250000, "interestIncome": 1080000, "interestExpense": 9963000, "depreciationAndAmortization": 41758000, "ebitda": 104605000, "ebitdaratio": 0.0676081371, "operatingIncome": 32220000, "operatingIncomeRatio": 0.0208243791, "totalOtherIncomeExpensesNet": -29755000, "incomeBeforeTax": 23129000, "incomeBeforeTaxRatio": 0.0149486985, "incomeTaxExpense": 17792000, "netIncome": 4675000, "netIncomeRatio": 0.0030215386, "eps": 0.065, "epsdiluted": 0.06, "weightedAverageShsOut": 74672000, "weightedAverageShsOutDil": 74848000, "link": "https://www.sec.gov/Archives/edgar/data/89439/000008943910000002/0000089439-10-000002-index.htm", "finalLink": "https://www.sec.gov/Archives/edgar/data/89439/000008943910000002/form10-k2009.htm", "calculatedOtherExpenses": 71323000, "calculatedOperatingExpenses": 187983000, "calculatedNetInterest": -8883000, "calculatedOtherIncome": -208000, "calculatedIncomeNonControlling": 662000, "calculatedEbitda": 73978000}, {"date": "2008-12-27", "symbol": "MLI", "reportedCurrency": "USD", "cik": "0000089439", "fillingDate": "2009-02-24", "acceptedDate": "2009-02-24 16:58:37", "calendarYear": "2008", "period": "FY", "revenue": 2558448000, "costOfRevenue": 2233123000, "grossProfit": 325325000, "grossProfitRatio": 0.1271571672, "researchAndDevelopmentExpenses": 0, "generalAndAdministrativeExpenses": 136900000, "sellingAndMarketingExpenses": -16000, "sellingGeneralAndAdministrativeExpenses": 136884000, "otherExpenses": 40816000, "operatingExpenses": 217229000, "costAndExpenses": 2450352000, "interestIncome": 7294000, "interestExpense": 19050000, "depreciationAndAmortization": 44884000, "ebitda": 152980000, "ebitdaratio": 0.0597940627, "operatingIncome": 126096000, "operatingIncomeRatio": 0.0492861297, "totalOtherIncomeExpensesNet": 30100000, "incomeBeforeTax": 119146000, "incomeBeforeTaxRatio": 0.0465696391, "incomeTaxExpense": 38332000, "netIncome": 80814000, "netIncomeRatio": 0.0315871184, "eps": 1.09, "epsdiluted": 1.09, "weightedAverageShsOut": 74246000, "weightedAverageShsOutDil": 74618000, "link": "https://www.sec.gov/Archives/edgar/data/89439/000008943909000004/0000089439-09-000004-index.htm", "finalLink": "https://www.sec.gov/Archives/edgar/data/89439/000008943909000004/form10-k2008.htm", "calculatedOtherExpenses": 62345000, "calculatedOperatingExpenses": 199229000, "calculatedNetInterest": -11756000, "calculatedOtherIncome": 4806000, "calculatedIncomeNonControlling": 0, "calculatedEbitda": 170980000}, {"date": "2007-12-29", "symbol": "MLI", "reportedCurrency": "USD", "cik": "0000089439", "fillingDate": "2008-02-26", "acceptedDate": "2008-02-26 16:49:07", "calendarYear": "2007", "period": "FY", "revenue": 2697845000, "costOfRevenue": 2324924000, "grossProfit": 372921000, "grossProfitRatio": 0.1382292163, "researchAndDevelopmentExpenses": 0, "generalAndAdministrativeExpenses": 143300000, "sellingAndMarketingExpenses": -16000, "sellingGeneralAndAdministrativeExpenses": 143284000, "otherExpenses": 38015999, "operatingExpenses": 187437000, "costAndExpenses": 2512361000, "interestIncome": 0, "interestExpense": 0, "depreciationAndAmortization": 44477000, "ebitda": 214655000, "ebitdaratio": 0.0795653568, "operatingIncome": 191621000, "operatingIncomeRatio": 0.0710274312, "totalOtherIncomeExpensesNet": 15306000, "incomeBeforeTax": 183281000, "incomeBeforeTaxRatio": 0.0679360749, "incomeTaxExpense": 67806000, "netIncome": 115475000, "netIncomeRatio": 0.0428026814, "eps": 1.56, "epsdiluted": 1.55, "weightedAverageShsOut": 74120000, "weightedAverageShsOutDil": 74446000, "link": "https://www.sec.gov/Archives/edgar/data/89439/000008943908000008/0000089439-08-000008-index.htm", "finalLink": "https://www.sec.gov/Archives/edgar/data/89439/000008943908000008/mli10k.txt", "calculatedOtherExpenses": 38016000, "calculatedOperatingExpenses": 181300000, "calculatedNetInterest": 0, "calculatedOtherIncome": -8340000, "calculatedIncomeNonControlling": 0, "calculatedEbitda": 236098000}, {"date": "2006-12-30", "symbol": "MLI", "reportedCurrency": "USD", "cik": "0000089439", "fillingDate": "2007-02-28", "acceptedDate": "2007-02-28 11:46:21", "calendarYear": "2006", "period": "FY", "revenue": 2510912000, "costOfRevenue": 2109436000, "grossProfit": 401476000, "grossProfitRatio": 0.1598925012, "researchAndDevelopmentExpenses": 0, "generalAndAdministrativeExpenses": 141000000, "sellingAndMarketingExpenses": -28000, "sellingGeneralAndAdministrativeExpenses": 140972000, "otherExpenses": 41627999, "operatingExpenses": 182591000, "costAndExpenses": 2292027000, "interestIncome": 0, "interestExpense": 0, "depreciationAndAmortization": 41855000, "ebitda": 261642000, "ebitdaratio": 0.1042019792, "operatingIncome": 218885000, "operatingIncomeRatio": 0.0871735051, "totalOtherIncomeExpensesNet": -902000, "incomeBeforeTax": 203579000, "incomeBeforeTaxRatio": 0.081077712, "incomeTaxExpense": 54710000, "netIncome": 148869000, "netIncomeRatio": 0.0592888162, "eps": 2.02, "epsdiluted": 2, "weightedAverageShsOut": 73786000, "weightedAverageShsOutDil": 74492000, "link": "https://www.sec.gov/Archives/edgar/data/89439/000008943907000003/0000089439-07-000003-index.htm", "finalLink": "https://www.sec.gov/Archives/edgar/data/89439/000008943907000003/mli10k.txt", "calculatedOtherExpenses": 41619000, "calculatedOperatingExpenses": 182591000, "calculatedNetInterest": 0, "calculatedOtherIncome": -15306000, "calculatedIncomeNonControlling": 0, "calculatedEbitda": 260740000}, {"date": "2005-12-31", "symbol": "MLI", "reportedCurrency": "USD", "cik": "0000089439", "fillingDate": "2006-03-15", "acceptedDate": "2006-03-15 14:55:04", "calendarYear": "2005", "period": "FY", "revenue": 1729923000, "costOfRevenue": 1430075000, "grossProfit": 299848000, "grossProfitRatio": 0.1733302581, "researchAndDevelopmentExpenses": 0, "generalAndAdministrativeExpenses": 0, "sellingAndMarketingExpenses": 0, "sellingGeneralAndAdministrativeExpenses": 127394000, "otherExpenses": 40696000, "operatingExpenses": 168090000, "costAndExpenses": 1598165000, "interestIncome": 0, "interestExpense": 0, "depreciationAndAmortization": 40858000, "ebitda": 160619000, "ebitdaratio": 0.0928474851, "operatingIncome": 131758000, "operatingIncomeRatio": 0.0761640836, "totalOtherIncomeExpensesNet": 11997000, "incomeBeforeTax": 124205000, "incomeBeforeTaxRatio": 0.0717979933, "incomeTaxExpense": 34987000, "netIncome": 92542000, "netIncomeRatio": 0.0534948665, "eps": 1.26, "epsdiluted": 1.25, "weightedAverageShsOut": 73180000, "weightedAverageShsOutDil": 74206000, "link": "https://www.sec.gov/Archives/edgar/data/89439/000008943906000009/0000089439-06-000009-index.htm", "finalLink": "https://www.sec.gov/Archives/edgar/data/89439/000008943906000009/mli10k.txt", "calculatedOtherExpenses": 40696000, "calculatedOperatingExpenses": 168090000, "calculatedNetInterest": 0, "calculatedOtherIncome": -7553000, "calculatedIncomeNonControlling": -3324000, "calculatedEbitda": 172616000}, {"date": "2004-12-25", "symbol": "MLI", "reportedCurrency": "USD", "cik": "0000089439", "fillingDate": "2005-03-04", "acceptedDate": "2005-03-04 15:22:45", "calendarYear": "2004", "period": "FY", "revenue": 1379056000, "costOfRevenue": 1115612000, "grossProfit": 263444000, "grossProfitRatio": 0.1910321263, "researchAndDevelopmentExpenses": 0, "generalAndAdministrativeExpenses": 106400000, "sellingAndMarketingExpenses": 0, "sellingGeneralAndAdministrativeExpenses": 106400000, "otherExpenses": 44600000, "operatingExpenses": 147013000, "costAndExpenses": 1262625000, "interestIncome": 0, "interestExpense": 0, "depreciationAndAmortization": 40639000, "ebitda": 158110000, "ebitdaratio": 0.1146508916, "operatingIncome": 112490000, "operatingIncomeRatio": 0.0815702916, "totalOtherIncomeExpensesNet": -1040000, "incomeBeforeTax": 115358000, "incomeBeforeTaxRatio": 0.0836499751, "incomeTaxExpense": 35942000, "netIncome": 79416000, "netIncomeRatio": 0.0575872191, "eps": 1.13, "epsdiluted": 1.08, "weightedAverageShsOut": 70642000, "weightedAverageShsOutDil": 73822000, "link": "https://www.sec.gov/Archives/edgar/data/89439/000008943905000017/0000089439-05-000017-index.htm", "finalLink": "https://www.sec.gov/Archives/edgar/data/89439/000008943905000017/mli10k.txt", "calculatedOtherExpenses": 44554000, "calculatedOperatingExpenses": 150954000, "calculatedNetInterest": 0, "calculatedOtherIncome": 2868000, "calculatedIncomeNonControlling": 0, "calculatedEbitda": 153129000}, {"date": "2003-12-27", "symbol": "MLI", "reportedCurrency": "USD", "cik": "0000089439", "fillingDate": "2004-03-01", "acceptedDate": "2004-03-01 16:22:04", "calendarYear": "2003", "period": "FY", "revenue": 999078000, "costOfRevenue": 815849000, "grossProfit": 183229000, "grossProfitRatio": 0.183398093, "researchAndDevelopmentExpenses": 0, "generalAndAdministrativeExpenses": 94900000, "sellingAndMarketingExpenses": -9000, "sellingGeneralAndAdministrativeExpenses": 94891000, "otherExpenses": 39009000, "operatingExpenses": 133845000, "costAndExpenses": 949694000, "interestIncome": 0, "interestExpense": 0, "depreciationAndAmortization": 38954000, "ebitda": 85118000, "ebitdaratio": 0.0851965512, "operatingIncome": 49384000, "operatingIncomeRatio": 0.0494295741, "totalOtherIncomeExpensesNet": 3220000, "incomeBeforeTax": 51436000, "incomeBeforeTaxRatio": 0.0514834678, "incomeTaxExpense": 7215000, "netIncome": 45381000, "netIncomeRatio": 0.0454228799, "eps": 0.66, "epsdiluted": 0.6, "weightedAverageShsOut": 68524000, "weightedAverageShsOutDil": 76270588, "link": "https://www.sec.gov/Archives/edgar/data/89439/000008943904000012/0000089439-04-000012-index.htm", "finalLink": "https://www.sec.gov/Archives/edgar/data/89439/000008943904000012/mli10k.txt", "calculatedOtherExpenses": 38954000, "calculatedOperatingExpenses": 133845000, "calculatedNetInterest": 0, "calculatedOtherIncome": 2052000, "calculatedIncomeNonControlling": -1160000, "calculatedEbitda": 88338000}, {"date": "2002-12-28", "symbol": "MLI", "reportedCurrency": "USD", "cik": "0000089439", "fillingDate": "2003-03-24", "acceptedDate": "2003-03-24 16:26:15", "calendarYear": "2002", "period": "FY", "revenue": 952983000, "costOfRevenue": 744781000, "grossProfit": 208202000, "grossProfitRatio": 0.2184739917, "researchAndDevelopmentExpenses": 0, "generalAndAdministrativeExpenses": 85000000, "sellingAndMarketingExpenses": 6000, "sellingGeneralAndAdministrativeExpenses": 85006000, "otherExpenses": 37394000, "operatingExpenses": 122446000, "costAndExpenses": 867227000, "interestIncome": 0, "interestExpense": 0, "depreciationAndAmortization": 37440000, "ebitda": 119025000, "ebitdaratio": 0.1248972962, "operatingIncome": 85756000, "operatingIncomeRatio": 0.0899869148, "totalOtherIncomeExpensesNet": 4171000, "incomeBeforeTax": 88467000, "incomeBeforeTaxRatio": 0.0928316665, "incomeTaxExpense": 17290000, "netIncome": 77992000, "netIncomeRatio": 0.0818398649, "eps": 1.15, "epsdiluted": 1.06, "weightedAverageShsOut": 67986000, "weightedAverageShsOutDil": 74096000, "link": "https://www.sec.gov/Archives/edgar/data/89439/000008943903000005/0000089439-03-000005-index.htm", "finalLink": "https://www.sec.gov/Archives/edgar/data/89439/000008943903000005/mli10k2002.txt", "calculatedOtherExpenses": 37440000, "calculatedOperatingExpenses": 122446000, "calculatedNetInterest": 0, "calculatedOtherIncome": 2711000, "calculatedIncomeNonControlling": -6815000, "calculatedEbitda": 123196000}, {"date": "2001-12-29", "symbol": "MLI", "reportedCurrency": "USD", "cik": "0000089439", "fillingDate": "2002-03-25", "acceptedDate": "2002-03-25 00:00:00", "calendarYear": "2001", "period": "FY", "revenue": 1044787000, "costOfRevenue": 805961000, "grossProfit": 238826000, "grossProfitRatio": 0.2285882194, "researchAndDevelopmentExpenses": 0, "generalAndAdministrativeExpenses": 87700000, "sellingAndMarketingExpenses": -22000, "sellingGeneralAndAdministrativeExpenses": 87678000, "otherExpenses": 42022000, "operatingExpenses": 129761000, "costAndExpenses": 935722000, "interestIncome": 0, "interestExpense": 0, "depreciationAndAmortization": 42083000, "ebitda": 148804000, "ebitdaratio": 0.1424252025, "operatingIncome": 109065000, "operatingIncomeRatio": 0.1043896986, "totalOtherIncomeExpensesNet": 2344000, "incomeBeforeTax": 107992000, "incomeBeforeTaxRatio": 0.103362695, "incomeTaxExpense": 41037000, "netIncome": 66955000, "netIncomeRatio": 0.0640848326, "eps": 1, "epsdiluted": 0.9, "weightedAverageShsOut": 66818000, "weightedAverageShsOutDil": 74490000, "link": "https://www.sec.gov/Archives/edgar/data/89439/000008943902000002/0000089439-02-000002-index.htm", "finalLink": "https://www.sec.gov/Archives/edgar/data/89439/000008943902000002/form10k.txt", "calculatedOtherExpenses": 42083000, "calculatedOperatingExpenses": 129761000, "calculatedNetInterest": 0, "calculatedOtherIncome": -1073000, "calculatedIncomeNonControlling": 0, "calculatedEbitda": 151148000}, {"date": "2000-12-30", "symbol": "MLI", "reportedCurrency": "USD", "cik": "0000089439", "fillingDate": "2001-03-26", "acceptedDate": "2001-03-26 00:00:00", "calendarYear": "2000", "period": "FY", "revenue": 1206168000, "costOfRevenue": 925311000, "grossProfit": 280857000, "grossProfitRatio": 0.2328506477, "researchAndDevelopmentExpenses": 0, "generalAndAdministrativeExpenses": 94800000, "sellingAndMarketingExpenses": -46000, "sellingGeneralAndAdministrativeExpenses": 94754000, "otherExpenses": 37446000, "operatingExpenses": 132211000, "costAndExpenses": 1057522000, "interestIncome": 0, "interestExpense": 0, "depreciationAndAmortization": 37457000, "ebitda": 178549000, "ebitdaratio": 0.1480299593, "operatingIncome": 148646000, "operatingIncomeRatio": 0.1232382222, "totalOtherIncomeExpensesNet": 7554000, "incomeBeforeTax": 146913000, "incomeBeforeTaxRatio": 0.1218014406, "incomeTaxExpense": 54223000, "netIncome": 92690000, "netIncomeRatio": 0.0768466748, "eps": 1.35, "epsdiluted": 1.22, "weightedAverageShsOut": 68610000, "weightedAverageShsOutDil": 76192000, "link": "https://www.sec.gov/Archives/edgar/data/89439/000008943901000002/0000089439-01-000002-index.htm", "finalLink": "https://www.sec.gov/Archives/edgar/data/89439/000008943901000002/0000089439-01-000002-0001.txt", "calculatedOtherExpenses": 37457000, "calculatedOperatingExpenses": 132211000, "calculatedNetInterest": 0, "calculatedOtherIncome": -1733000, "calculatedIncomeNonControlling": 0, "calculatedEbitda": 186103000}, {"date": "1999-12-25", "symbol": "MLI", "reportedCurrency": "USD", "cik": "0000089439", "fillingDate": "2000-03-23", "acceptedDate": "2000-03-23 00:00:00", "calendarYear": "1999", "period": "FY", "revenue": 1168700000, "costOfRevenue": 886500000, "grossProfit": 282200000, "grossProfitRatio": 0.2414648755, "researchAndDevelopmentExpenses": 0, "generalAndAdministrativeExpenses": 97300000, "sellingAndMarketingExpenses": 0, "sellingGeneralAndAdministrativeExpenses": 97300000, "otherExpenses": 36999999, "operatingExpenses": 134300000, "costAndExpenses": 1020800000, "interestIncome": 0, "interestExpense": 0, "depreciationAndAmortization": 37000000, "ebitda": 175400000, "ebitdaratio": 0.1500812869, "operatingIncome": 147900000, "operatingIncomeRatio": 0.1265508685, "totalOtherIncomeExpensesNet": 9500000, "incomeBeforeTax": 145700000, "incomeBeforeTaxRatio": 0.124668435, "incomeTaxExpense": 46400000, "netIncome": 99300000, "netIncomeRatio": 0.0849662018, "eps": 1.4, "epsdiluted": 1.25, "weightedAverageShsOut": 71188000, "weightedAverageShsOutDil": 79210000, "link": "https://www.sec.gov/Archives/edgar/data/89439/000008943900000003/0000089439-00-000003-index.html", "finalLink": "https://www.sec.gov/Archives/edgar/data/89439/000008943900000003/", "calculatedOtherExpenses": 37000000, "calculatedOperatingExpenses": 134300000, "calculatedNetInterest": 0, "calculatedOtherIncome": -2200000, "calculatedIncomeNonControlling": 0, "calculatedEbitda": 184900000}, {"date": "1998-12-26", "symbol": "MLI", "reportedCurrency": "USD", "cik": "0000089439", "fillingDate": "1999-03-24", "acceptedDate": "1999-03-24 00:00:00", "calendarYear": "1998", "period": "FY", "revenue": 929400000, "costOfRevenue": 720300000, "grossProfit": 209100000, "grossProfitRatio": 0.2249838606, "researchAndDevelopmentExpenses": 0, "generalAndAdministrativeExpenses": 75400000, "sellingAndMarketingExpenses": 0, "sellingGeneralAndAdministrativeExpenses": 75400000, "otherExpenses": 24900000, "operatingExpenses": 100300000, "costAndExpenses": 820600000, "interestIncome": 0, "interestExpense": 0, "depreciationAndAmortization": 24900000, "ebitda": 127300000, "ebitdaratio": 0.1369700882, "operatingIncome": 108800000, "operatingIncomeRatio": 0.117064773, "totalOtherIncomeExpensesNet": 6400000, "incomeBeforeTax": 109300000, "incomeBeforeTaxRatio": 0.1176027545, "incomeTaxExpense": 33900000, "netIncome": 75400000, "netIncomeRatio": 0.0811276092, "eps": 1.05, "epsdiluted": 0.95, "weightedAverageShsOut": 70797546, "weightedAverageShsOutDil": 79288000, "link": "https://www.sec.gov/Archives/edgar/data/89439/000008943999000003/0000089439-99-000003-index.html", "finalLink": "https://www.sec.gov/Archives/edgar/data/89439/", "calculatedOtherExpenses": 24900000, "calculatedOperatingExpenses": 100300000, "calculatedNetInterest": 0, "calculatedOtherIncome": 500000, "calculatedIncomeNonControlling": 0, "calculatedEbitda": 133700000}, {"date": "1997-12-27", "symbol": "MLI", "reportedCurrency": "USD", "cik": "0000089439", "fillingDate": "1998-03-20", "acceptedDate": "1998-03-20 00:00:00", "calendarYear": "1997", "period": "FY", "revenue": 889000000, "costOfRevenue": 704800000, "grossProfit": 184200000, "grossProfitRatio": 0.2071991001, "researchAndDevelopmentExpenses": 0, "generalAndAdministrativeExpenses": 63500000, "sellingAndMarketingExpenses": 0, "sellingGeneralAndAdministrativeExpenses": 63500000, "otherExpenses": 21000000, "operatingExpenses": 84500000, "costAndExpenses": 789300000, "interestIncome": 0, "interestExpense": 0, "depreciationAndAmortization": 21000000, "ebitda": 114600000, "ebitdaratio": 0.1289088864, "operatingIncome": 99700000, "operatingIncomeRatio": 0.1121484814, "totalOtherIncomeExpensesNet": 6100000, "incomeBeforeTax": 100900000, "incomeBeforeTaxRatio": 0.1134983127, "incomeTaxExpense": 31100000, "netIncome": 69800000, "netIncomeRatio": 0.0785151856, "eps": 1, "epsdiluted": 0.89, "weightedAverageShsOut": 70150754, "weightedAverageShsOutDil": 78426966, "link": "https://www.sec.gov/Archives/edgar/data/89439/000008943998000002/0000089439-98-000002-index.html", "finalLink": "https://www.sec.gov/Archives/edgar/data/89439/", "calculatedOtherExpenses": 21000000, "calculatedOperatingExpenses": 84500000, "calculatedNetInterest": 0, "calculatedOtherIncome": 1200000, "calculatedIncomeNonControlling": 0, "calculatedEbitda": 120700000}, {"date": "1996-12-28", "symbol": "MLI", "reportedCurrency": "USD", "cik": "0000089439", "fillingDate": "1997-03-24", "acceptedDate": "1997-03-24 00:00:00", "calendarYear": "1996", "period": "FY", "revenue": 718300000, "costOfRevenue": 554600000, "grossProfit": 163700000, "grossProfitRatio": 0.2278992065, "researchAndDevelopmentExpenses": 0, "generalAndAdministrativeExpenses": 54800000, "sellingAndMarketingExpenses": 0, "sellingGeneralAndAdministrativeExpenses": 54800000, "otherExpenses": 18499999, "operatingExpenses": 73300000, "costAndExpenses": 627900000, "interestIncome": 0, "interestExpense": 0, "depreciationAndAmortization": 18500000, "ebitda": 105600000, "ebitdaratio": 0.1470137825, "operatingIncome": 90400000, "operatingIncomeRatio": 0.1258527078, "totalOtherIncomeExpensesNet": 3300000, "incomeBeforeTax": 88400000, "incomeBeforeTaxRatio": 0.1230683558, "incomeTaxExpense": 27200000, "netIncome": 61200000, "netIncomeRatio": 0.0852011694, "eps": 0.88, "epsdiluted": 0.79, "weightedAverageShsOut": 69545455, "weightedAverageShsOutDil": 77961783, "link": "https://www.sec.gov/Archives/edgar/data/89439/000008943997000003/0000089439-97-000003-index.html", "finalLink": "https://www.sec.gov/Archives/edgar/data/89439/", "calculatedOtherExpenses": 18500000, "calculatedOperatingExpenses": 73300000, "calculatedNetInterest": 0, "calculatedOtherIncome": -2000000, "calculatedIncomeNonControlling": 0, "calculatedEbitda": 108900000}, {"date": "1995-12-30", "symbol": "MLI", "reportedCurrency": "USD", "cik": "0000089439", "fillingDate": "1996-03-22", "acceptedDate": "1996-03-22 00:00:00", "calendarYear": "1995", "period": "FY", "revenue": 678800000, "costOfRevenue": 549900000, "grossProfit": 128900000, "grossProfitRatio": 0.1898939305, "researchAndDevelopmentExpenses": 0, "generalAndAdministrativeExpenses": 49500000, "sellingAndMarketingExpenses": 0, "sellingGeneralAndAdministrativeExpenses": 49500000, "otherExpenses": 15399999, "operatingExpenses": 65000000, "costAndExpenses": 614900000, "interestIncome": 0, "interestExpense": 0, "depreciationAndAmortization": 15500000, "ebitda": 74700000, "ebitdaratio": 0.110047142, "operatingIncome": 63900000, "operatingIncomeRatio": 0.0941367118, "totalOtherIncomeExpensesNet": 4700000, "incomeBeforeTax": 64500000, "incomeBeforeTaxRatio": 0.0950206246, "incomeTaxExpense": 19700000, "netIncome": 44800000, "netIncomeRatio": 0.0659988214, "eps": 0.65, "epsdiluted": 0.59, "weightedAverageShsOut": 68923077, "weightedAverageShsOutDil": 76581197, "link": "https://www.sec.gov/Archives/edgar/data/89439/000008943996000002/0000089439-96-000002-index.html", "finalLink": "https://www.sec.gov/Archives/edgar/data/89439/", "calculatedOtherExpenses": 15500000, "calculatedOperatingExpenses": 65000000, "calculatedNetInterest": 0, "calculatedOtherIncome": 600000, "calculatedIncomeNonControlling": 0, "calculatedEbitda": 79400000}, {"date": "1994-12-31", "symbol": "MLI", "reportedCurrency": "USD", "cik": "0000089439", "fillingDate": "1995-03-17", "acceptedDate": "1995-03-17 00:00:00", "calendarYear": "1994", "period": "FY", "revenue": 550000000, "costOfRevenue": 448500000, "grossProfit": 101500000, "grossProfitRatio": 0.1845454545, "researchAndDevelopmentExpenses": 0, "generalAndAdministrativeExpenses": 44900000, "sellingAndMarketingExpenses": 0, "sellingGeneralAndAdministrativeExpenses": 44900000, "otherExpenses": 12700000, "operatingExpenses": 57600000, "costAndExpenses": 506100000, "interestIncome": 0, "interestExpense": 0, "depreciationAndAmortization": 12700000, "ebitda": 53000000, "ebitdaratio": 0.0963636364, "operatingIncome": 43900000, "operatingIncomeRatio": 0.0798181818, "totalOtherIncomeExpensesNet": 3600000, "incomeBeforeTax": 40800000, "incomeBeforeTaxRatio": 0.0741818182, "incomeTaxExpense": 12900000, "netIncome": 27900000, "netIncomeRatio": 0.0507272727, "eps": 0.35, "epsdiluted": 0.35, "weightedAverageShsOut": 79120000, "weightedAverageShsOutDil": 79120000, "link": "https://www.sec.gov/Archives/edgar/data/89439/000008943995000002/0000089439-95-000002-index.html", "finalLink": "https://www.sec.gov/Archives/edgar/data/89439/", "calculatedOtherExpenses": 12700000, "calculatedOperatingExpenses": 57600000, "calculatedNetInterest": 0, "calculatedOtherIncome": -3100000, "calculatedIncomeNonControlling": 0, "calculatedEbitda": 56600000}, {"date": "1993-12-25", "symbol": "MLI", "reportedCurrency": "USD", "cik": "0000089439", "fillingDate": "1994-03-23", "acceptedDate": "1994-03-23 00:00:00", "calendarYear": "1993", "period": "FY", "revenue": 501900000, "costOfRevenue": 403800000, "grossProfit": 98100000, "grossProfitRatio": 0.1954572624, "researchAndDevelopmentExpenses": 0, "generalAndAdministrativeExpenses": 0, "sellingAndMarketingExpenses": 0, "sellingGeneralAndAdministrativeExpenses": 45900000, "otherExpenses": 14200000, "operatingExpenses": 60100000, "costAndExpenses": 463900000, "interestIncome": 0, "interestExpense": 0, "depreciationAndAmortization": 14200000, "ebitda": 51000000, "ebitdaratio": 0.1016138673, "operatingIncome": 38000000, "operatingIncomeRatio": 0.0757122933, "totalOtherIncomeExpensesNet": 1200000, "incomeBeforeTax": 33400000, "incomeBeforeTaxRatio": 0.0665471209, "incomeTaxExpense": 12300000, "netIncome": 21100000, "netIncomeRatio": 0.0420402471, "eps": 0.26, "epsdiluted": 0.26, "weightedAverageShsOut": 82745098, "weightedAverageShsOutDil": 82745098, "link": "https://www.sec.gov/Archives/edgar/data/89439/000008943994000004/0000089439-94-000004-index.html", "finalLink": "https://www.sec.gov/Archives/edgar/data/89439/", "calculatedOtherExpenses": 14200000, "calculatedOperatingExpenses": 60100000, "calculatedNetInterest": 0, "calculatedOtherIncome": -4600000, "calculatedIncomeNonControlling": 0, "calculatedEbitda": 52200000}, {"date": "1992-12-31", "symbol": "MLI", "reportedCurrency": "USD", "cik": "0000089439", "fillingDate": "1992-12-31", "acceptedDate": "1992-12-30 19:00:00", "calendarYear": "1992", "period": "FY", "revenue": 517300000, "costOfRevenue": 429700000, "grossProfit": 87600000, "grossProfitRatio": 0.169340808, "researchAndDevelopmentExpenses": 0, "generalAndAdministrativeExpenses": 0, "sellingAndMarketingExpenses": 0, "sellingGeneralAndAdministrativeExpenses": 45800000, "otherExpenses": 12500000, "operatingExpenses": 58300000, "costAndExpenses": 488000000, "interestIncome": 0, "interestExpense": 0, "depreciationAndAmortization": 12500000, "ebitda": 41100000, "ebitdaratio": 0.0794509956, "operatingIncome": 29300000, "operatingIncomeRatio": 0.0566402474, "totalOtherIncomeExpensesNet": 700000, "incomeBeforeTax": 24300000, "incomeBeforeTaxRatio": 0.0469746762, "incomeTaxExpense": 8100000, "netIncome": 16600000, "netIncomeRatio": 0.0320896965, "eps": 0.21, "epsdiluted": 0.21, "weightedAverageShsOut": 79047619, "weightedAverageShsOutDil": 79047619, "link": "", "finalLink": "", "calculatedOtherExpenses": 12500000, "calculatedOperatingExpenses": 58300000, "calculatedNetInterest": 0, "calculatedOtherIncome": -5000000, "calculatedIncomeNonControlling": -400000, "calculatedEbitda": 41800000}, {"date": "1991-12-31", "symbol": "MLI", "reportedCurrency": "USD", "cik": "0000089439", "fillingDate": "1991-12-31", "acceptedDate": "1991-12-30 19:00:00", "calendarYear": "1991", "period": "FY", "revenue": 441400000, "costOfRevenue": 388900000, "grossProfit": 52500000, "grossProfitRatio": 0.1189397372, "researchAndDevelopmentExpenses": 0, "generalAndAdministrativeExpenses": 0, "sellingAndMarketingExpenses": 0, "sellingGeneralAndAdministrativeExpenses": 40900000, "otherExpenses": 13300000, "operatingExpenses": 54200000, "costAndExpenses": 443100000, "interestIncome": 0, "interestExpense": 0, "depreciationAndAmortization": 13300000, "ebitda": 53600000, "ebitdaratio": 0.1214318079, "operatingIncome": -1700000, "operatingIncomeRatio": -0.003851382, "totalOtherIncomeExpensesNet": -42000000, "incomeBeforeTax": -49700000, "incomeBeforeTaxRatio": -0.1125962845, "incomeTaxExpense": -6000000, "netIncome": -43700000, "netIncomeRatio": -0.0990031717, "eps": -0.56, "epsdiluted": -0.56, "weightedAverageShsOut": 77345133, "weightedAverageShsOutDil": 77345133, "link": "", "finalLink": "", "calculatedOtherExpenses": 13300000, "calculatedOperatingExpenses": 54200000, "calculatedNetInterest": 0, "calculatedOtherIncome": -48000000, "calculatedIncomeNonControlling": 0, "calculatedEbitda": 11600000}, {"date": "1990-12-31", "symbol": "MLI", "reportedCurrency": "USD", "cik": "0000089439", "fillingDate": "1990-12-31", "acceptedDate": "1990-12-30 19:00:00", "calendarYear": "1990", "period": "FY", "revenue": 505400000, "costOfRevenue": 456300000, "grossProfit": 49100000, "grossProfitRatio": 0.0971507717, "researchAndDevelopmentExpenses": 0, "generalAndAdministrativeExpenses": 0, "sellingAndMarketingExpenses": 0, "sellingGeneralAndAdministrativeExpenses": 40200000, "otherExpenses": 13300000, "operatingExpenses": 53500000, "costAndExpenses": 509800000, "interestIncome": 0, "interestExpense": 0, "depreciationAndAmortization": 13300000, "ebitda": -66200000, "ebitdaratio": -0.1309853581, "operatingIncome": -4400000, "operatingIncomeRatio": -0.0087059755, "totalOtherIncomeExpensesNet": 75100000, "incomeBeforeTax": 65900000, "incomeBeforeTaxRatio": 0.1303917689, "incomeTaxExpense": 1100000, "netIncome": 56700000, "netIncomeRatio": 0.1121883657, "eps": 0.71, "epsdiluted": 0.71, "weightedAverageShsOut": 80000000, "weightedAverageShsOutDil": 80000000, "link": "", "finalLink": "", "calculatedOtherExpenses": 13300000, "calculatedOperatingExpenses": 53500000, "calculatedNetInterest": 0, "calculatedOtherIncome": 70300000, "calculatedIncomeNonControlling": 8100000, "calculatedEbitda": 8900000}]}