{"originalCurrency": "USD", "convertedCurrency": "USD", "report": [{"date": "2023-06-03", "symbol": "MLKN", "reportedCurrency": "USD", "cik": "0000066382", "fillingDate": "2023-07-26", "acceptedDate": "2023-07-26 16:10:01", "calendarYear": "2023", "period": "FY", "revenue": 4087100000, "costOfRevenue": 2657100000, "grossProfit": 1430000000, "grossProfitRatio": 0.349881334, "researchAndDevelopmentExpenses": 105700000, "generalAndAdministrativeExpenses": 0, "sellingAndMarketingExpenses": 0, "sellingGeneralAndAdministrativeExpenses": 1126400000, "otherExpenses": 1307700000, "operatingExpenses": 1307700000, "costAndExpenses": 3964800000, "interestIncome": 2800000, "interestExpense": 70900000, "depreciationAndAmortization": 155100000, "ebitda": 122300000, "ebitdaratio": 0.0299234176, "operatingIncome": 122300000, "operatingIncomeRatio": 0.0299234176, "totalOtherIncomeExpensesNet": -70900000, "incomeBeforeTax": 51400000, "incomeBeforeTaxRatio": 0.0125761542, "incomeTaxExpense": 4500000, "netIncome": 42100000, "netIncomeRatio": 0.0103007022, "eps": 0.56, "epsdiluted": 0.55, "weightedAverageShsOut": 75478000, "weightedAverageShsOutDil": 76024368, "link": "https://www.sec.gov/Archives/edgar/data/66382/000006638223000058/0000066382-23-000058-index.htm", "finalLink": "https://www.sec.gov/Archives/edgar/data/66382/000006638223000058/mlkn-20230603.htm", "calculatedOtherExpenses": 75600000, "calculatedOperatingExpenses": 1307700000, "calculatedNetInterest": -68100000, "calculatedOtherIncome": -2800000, "calculatedIncomeNonControlling": 4800000, "calculatedEbitda": 277400000}, {"date": "2022-05-28", "symbol": "MLKN", "reportedCurrency": "USD", "cik": "0000066382", "fillingDate": "2022-07-26", "acceptedDate": "2022-07-26 17:24:29", "calendarYear": "2022", "period": "FY", "revenue": 3946000000, "costOfRevenue": 2593300000, "grossProfit": 1352700000, "grossProfitRatio": 0.3428028383, "researchAndDevelopmentExpenses": 108700000, "generalAndAdministrativeExpenses": 0, "sellingAndMarketingExpenses": 0, "sellingGeneralAndAdministrativeExpenses": 1204200000, "otherExpenses": -175100000, "operatingExpenses": 1137800000, "costAndExpenses": 3731100000, "interestIncome": 1600000, "interestExpense": 37800000, "depreciationAndAmortization": 190600000, "ebitda": 390000000, "ebitdaratio": 0.0988342625, "operatingIncome": 199400000, "operatingIncomeRatio": 0.0505321845, "totalOtherIncomeExpensesNet": -208000000, "incomeBeforeTax": -8600000, "incomeBeforeTaxRatio": -0.0021794222, "incomeTaxExpense": 11100000, "netIncome": -19700000, "netIncomeRatio": -0.0049923974, "eps": -0.27, "epsdiluted": -0.27, "weightedAverageShsOut": 73160212, "weightedAverageShsOutDil": 73160212, "link": "https://www.sec.gov/Archives/edgar/data/66382/000006638222000046/0000066382-22-000046-index.htm", "finalLink": "https://www.sec.gov/Archives/edgar/data/66382/000006638222000046/mlhr-20220528.htm", "calculatedOtherExpenses": -159600000, "calculatedOperatingExpenses": 1153300000, "calculatedNetInterest": -36200000, "calculatedOtherIncome": -171800000, "calculatedIncomeNonControlling": 0, "calculatedEbitda": 390000000}, {"date": "2021-05-29", "symbol": "MLKN", "reportedCurrency": "USD", "cik": "0000066382", "fillingDate": "2021-07-27", "acceptedDate": "2021-07-27 16:44:53", "calendarYear": "2021", "period": "FY", "revenue": 2465100000, "costOfRevenue": 1515900000, "grossProfit": 949200000, "grossProfitRatio": 0.385055373, "researchAndDevelopmentExpenses": 72100000, "generalAndAdministrativeExpenses": 0, "sellingAndMarketingExpenses": 0, "sellingGeneralAndAdministrativeExpenses": 643800000, "otherExpenses": -11000000, "operatingExpenses": 704900000, "costAndExpenses": 2220800000, "interestIncome": 2100000, "interestExpense": 13900000, "depreciationAndAmortization": 87200000, "ebitda": 258000000, "ebitdaratio": 0.1046610685, "operatingIncome": 170800000, "operatingIncomeRatio": 0.06928725, "totalOtherIncomeExpensesNet": 55600000, "incomeBeforeTax": 226400000, "incomeBeforeTaxRatio": 0.0918421159, "incomeTaxExpense": 47900000, "netIncome": 174600000, "netIncomeRatio": 0.0708287696, "eps": 2.96, "epsdiluted": 2.94, "weightedAverageShsOut": 58931268, "weightedAverageShsOutDil": 59389598, "link": "https://www.sec.gov/Archives/edgar/data/66382/000006638221000033/0000066382-21-000033-index.htm", "finalLink": "https://www.sec.gov/Archives/edgar/data/66382/000006638221000033/mlhr-20210529.htm", "calculatedOtherExpenses": 62500000, "calculatedOperatingExpenses": 778400000, "calculatedNetInterest": -11800000, "calculatedOtherIncome": 67400000, "calculatedIncomeNonControlling": 3900000, "calculatedEbitda": 258000000}, {"date": "2020-05-30", "symbol": "MLKN", "reportedCurrency": "USD", "cik": "0000066382", "fillingDate": "2020-07-28", "acceptedDate": "2020-07-28 16:01:15", "calendarYear": "2020", "period": "FY", "revenue": 2486600000, "costOfRevenue": 1575900000, "grossProfit": 910700000, "grossProfitRatio": 0.3662430628, "researchAndDevelopmentExpenses": 74000000, "generalAndAdministrativeExpenses": 0, "sellingAndMarketingExpenses": 0, "sellingGeneralAndAdministrativeExpenses": 643300000, "otherExpenses": -11200000, "operatingExpenses": 717300000, "costAndExpenses": 2293200000, "interestIncome": 2300000, "interestExpense": 12500000, "depreciationAndAmortization": 79500000, "ebitda": 425200000, "ebitdaratio": 0.1709965415, "operatingIncome": 345700000, "operatingIncomeRatio": 0.1390251749, "totalOtherIncomeExpensesNet": -359100000, "incomeBeforeTax": -13400000, "incomeBeforeTaxRatio": -0.0053888844, "incomeTaxExpense": 6000000, "netIncome": -19400000, "netIncomeRatio": -0.0078018177, "eps": -0.33, "epsdiluted": -0.33, "weightedAverageShsOut": 58920653, "weightedAverageShsOutDil": 58920653, "link": "https://www.sec.gov/Archives/edgar/data/66382/000006638220000038/0000066382-20-000038-index.htm", "finalLink": "https://www.sec.gov/Archives/edgar/data/66382/000006638220000038/hmi10k05302020.htm", "calculatedOtherExpenses": -152300000, "calculatedOperatingExpenses": 565000000, "calculatedNetInterest": -10200000, "calculatedOtherIncome": -348900000, "calculatedIncomeNonControlling": 0, "calculatedEbitda": 425200000}, {"date": "2019-06-01", "symbol": "MLKN", "reportedCurrency": "USD", "cik": "0000066382", "fillingDate": "2019-07-30", "acceptedDate": "2019-07-30 16:01:16", "calendarYear": "2019", "period": "FY", "revenue": 2567200000, "costOfRevenue": 1637300000, "grossProfit": 929900000, "grossProfitRatio": 0.3622234341, "researchAndDevelopmentExpenses": 76900000, "generalAndAdministrativeExpenses": 0, "sellingAndMarketingExpenses": 0, "sellingGeneralAndAdministrativeExpenses": 639300000, "otherExpenses": -8400000, "operatingExpenses": 716200000, "costAndExpenses": 2353500000, "interestIncome": 2100000, "interestExpense": 12100000, "depreciationAndAmortization": 72100000, "ebitda": 223900000, "ebitdaratio": 0.0872156435, "operatingIncome": 203700000, "operatingIncomeRatio": 0.0793471486, "totalOtherIncomeExpensesNet": 43300000, "incomeBeforeTax": 195100000, "incomeBeforeTaxRatio": 0.0759971954, "incomeTaxExpense": 39600000, "netIncome": 160500000, "netIncomeRatio": 0.0625194765, "eps": 2.72, "epsdiluted": 2.7, "weightedAverageShsOut": 59011945, "weightedAverageShsOutDil": 59381791, "link": "https://www.sec.gov/Archives/edgar/data/66382/000006638219000047/0000066382-19-000047-index.htm", "finalLink": "https://www.sec.gov/Archives/edgar/data/66382/000006638219000047/hmi10k_06012019.htm", "calculatedOtherExpenses": 10000000, "calculatedOperatingExpenses": 726200000, "calculatedNetInterest": -10000000, "calculatedOtherIncome": 1400000, "calculatedIncomeNonControlling": -5000000, "calculatedEbitda": 275800000}, {"date": "2018-06-02", "symbol": "MLKN", "reportedCurrency": "USD", "cik": "0000066382", "fillingDate": "2018-07-31", "acceptedDate": "2018-07-31 16:01:15", "calendarYear": "2018", "period": "FY", "revenue": 2381200000, "costOfRevenue": 1508200000, "grossProfit": 873000000, "grossProfitRatio": 0.3666218713, "researchAndDevelopmentExpenses": 73100000, "generalAndAdministrativeExpenses": 0, "sellingAndMarketingExpenses": 0, "sellingGeneralAndAdministrativeExpenses": 616700000, "otherExpenses": -9400000, "operatingExpenses": 689800000, "costAndExpenses": 2198000000, "interestIncome": 4400000, "interestExpense": 13500000, "depreciationAndAmortization": 66900000, "ebitda": 188900000, "ebitdaratio": 0.0793297497, "operatingIncome": 177500000, "operatingIncomeRatio": 0.0745422476, "totalOtherIncomeExpensesNet": -15100000, "incomeBeforeTax": 168100000, "incomeBeforeTaxRatio": 0.0705946582, "incomeTaxExpense": 42400000, "netIncome": 128100000, "netIncomeRatio": 0.0537964052, "eps": 2.15, "epsdiluted": 2.12, "weightedAverageShsOut": 59681268, "weightedAverageShsOutDil": 60311305, "link": "https://www.sec.gov/Archives/edgar/data/66382/000006638218000038/0000066382-18-000038-index.htm", "finalLink": "https://www.sec.gov/Archives/edgar/data/66382/000006638218000038/hmi10k06022018.htm", "calculatedOtherExpenses": 5700000, "calculatedOperatingExpenses": 695500000, "calculatedNetInterest": -9100000, "calculatedOtherIncome": -300000, "calculatedIncomeNonControlling": -2400000, "calculatedEbitda": 244400000}, {"date": "2017-06-03", "symbol": "MLKN", "reportedCurrency": "USD", "cik": "0000066382", "fillingDate": "2017-08-01", "acceptedDate": "2017-08-01 16:40:16", "calendarYear": "2017", "period": "FY", "revenue": 2278200000, "costOfRevenue": 1414000000, "grossProfit": 864200000, "grossProfitRatio": 0.3793345624, "researchAndDevelopmentExpenses": 73100000, "generalAndAdministrativeExpenses": 0, "sellingAndMarketingExpenses": 0, "sellingGeneralAndAdministrativeExpenses": 587800000, "otherExpenses": -13200000, "operatingExpenses": 660900000, "costAndExpenses": 2074900000, "interestIncome": 2200000, "interestExpense": 15200000, "depreciationAndAmortization": 58900000, "ebitda": 215800000, "ebitdaratio": 0.0947239048, "operatingIncome": 190800000, "operatingIncomeRatio": 0.0837503292, "totalOtherIncomeExpensesNet": -25700000, "incomeBeforeTax": 177600000, "incomeBeforeTaxRatio": 0.0779562813, "incomeTaxExpense": 55100000, "netIncome": 123900000, "netIncomeRatio": 0.0543850408, "eps": 2.07, "epsdiluted": 2.05, "weightedAverageShsOut": 59871805, "weightedAverageShsOutDil": 60554589, "link": "https://www.sec.gov/Archives/edgar/data/66382/000006638217000035/0000066382-17-000035-index.htm", "finalLink": "https://www.sec.gov/Archives/edgar/data/66382/000006638217000035/hmi10k_06032017.htm", "calculatedOtherExpenses": 12500000, "calculatedOperatingExpenses": 673400000, "calculatedNetInterest": -13000000, "calculatedOtherIncome": -200000, "calculatedIncomeNonControlling": -1400000, "calculatedEbitda": 249700000}, {"date": "2016-05-28", "symbol": "MLKN", "reportedCurrency": "USD", "cik": "0000066382", "fillingDate": "2016-07-26", "acceptedDate": "2016-07-26 17:10:29", "calendarYear": "2016", "period": "FY", "revenue": 2264900000, "costOfRevenue": 1390700000, "grossProfit": 874200000, "grossProfitRatio": 0.3859773058, "researchAndDevelopmentExpenses": 77100000, "generalAndAdministrativeExpenses": 0, "sellingAndMarketingExpenses": 0, "sellingGeneralAndAdministrativeExpenses": 585600000, "otherExpenses": -14900000, "operatingExpenses": 662700000, "costAndExpenses": 2053400000, "interestIncome": 800000, "interestExpense": 15400000, "depreciationAndAmortization": 53000000, "ebitda": 211500000, "ebitdaratio": 0.0933816063, "operatingIncome": 211500000, "operatingIncomeRatio": 0.0933816063, "totalOtherIncomeExpensesNet": -14900000, "incomeBeforeTax": 196600000, "incomeBeforeTaxRatio": 0.0868029494, "incomeTaxExpense": 59500000, "netIncome": 136700000, "netIncomeRatio": 0.0603558656, "eps": 2.29, "epsdiluted": 2.26, "weightedAverageShsOut": 59844540, "weightedAverageShsOutDil": 60529269, "link": "https://www.sec.gov/Archives/edgar/data/66382/000006638216000082/0000066382-16-000082-index.htm", "finalLink": "https://www.sec.gov/Archives/edgar/data/66382/000006638216000082/hmi10k_05282016.htm", "calculatedOtherExpenses": 0, "calculatedOperatingExpenses": 662700000, "calculatedNetInterest": -14600000, "calculatedOtherIncome": -300000, "calculatedIncomeNonControlling": 400000, "calculatedEbitda": 264500000}, {"date": "2015-05-30", "symbol": "MLKN", "reportedCurrency": "USD", "cik": "0000066382", "fillingDate": "2015-07-28", "acceptedDate": "2015-07-28 16:33:33", "calendarYear": "2015", "period": "FY", "revenue": 2142200000, "costOfRevenue": 1350800000, "grossProfit": 791400000, "grossProfitRatio": 0.3694332929, "researchAndDevelopmentExpenses": 71400000, "generalAndAdministrativeExpenses": 0, "sellingAndMarketingExpenses": 0, "sellingGeneralAndAdministrativeExpenses": 543900000, "otherExpenses": -18200000, "operatingExpenses": 615300000, "costAndExpenses": 1966100000, "interestIncome": 600000, "interestExpense": 17500000, "depreciationAndAmortization": 49800000, "ebitda": 188800000, "ebitdaratio": 0.0881336943, "operatingIncome": 163400000, "operatingIncomeRatio": 0.0762767249, "totalOtherIncomeExpensesNet": -30900000, "incomeBeforeTax": 145200000, "incomeBeforeTaxRatio": 0.0677807861, "incomeTaxExpense": 47200000, "netIncome": 97500000, "netIncomeRatio": 0.0455139576, "eps": 1.64, "epsdiluted": 1.62, "weightedAverageShsOut": 59475297, "weightedAverageShsOutDil": 60126101, "link": "https://www.sec.gov/Archives/edgar/data/66382/000006638215000032/0000066382-15-000032-index.htm", "finalLink": "https://www.sec.gov/Archives/edgar/data/66382/000006638215000032/hmi10k_053015.htm", "calculatedOtherExpenses": 12700000, "calculatedOperatingExpenses": 628000000, "calculatedNetInterest": -16900000, "calculatedOtherIncome": -1300000, "calculatedIncomeNonControlling": 500000, "calculatedEbitda": 213200000}, {"date": "2014-05-31", "symbol": "MLKN", "reportedCurrency": "USD", "cik": "0000066382", "fillingDate": "2014-07-29", "acceptedDate": "2014-07-29 17:05:49", "calendarYear": "2014", "period": "FY", "revenue": 1882000000, "costOfRevenue": 1251000000, "grossProfit": 631000000, "grossProfitRatio": 0.3352816153, "researchAndDevelopmentExpenses": 65900000, "generalAndAdministrativeExpenses": 0, "sellingAndMarketingExpenses": 0, "sellingGeneralAndAdministrativeExpenses": 564300000, "otherExpenses": -17700000, "operatingExpenses": 630200000, "costAndExpenses": 1881200000, "interestIncome": 400000, "interestExpense": 17600000, "depreciationAndAmortization": 42400000, "ebitda": 27300000, "ebitdaratio": 0.0145058448, "operatingIncome": -25700000, "operatingIncomeRatio": -0.0136556854, "totalOtherIncomeExpensesNet": -44200000, "incomeBeforeTax": -43400000, "incomeBeforeTaxRatio": -0.0230605739, "incomeTaxExpense": -21200000, "netIncome": -22100000, "netIncomeRatio": -0.0117428268, "eps": -0.37, "epsdiluted": -0.37, "weightedAverageShsOut": 58955487, "weightedAverageShsOutDil": 58955487, "link": "https://www.sec.gov/Archives/edgar/data/66382/000006638214000035/0000066382-14-000035-index.htm", "finalLink": "https://www.sec.gov/Archives/edgar/data/66382/000006638214000035/hmi10k_053114.htm", "calculatedOtherExpenses": 26500000, "calculatedOperatingExpenses": 656700000, "calculatedNetInterest": -17200000, "calculatedOtherIncome": -500000, "calculatedIncomeNonControlling": -100000, "calculatedEbitda": 16700000}, {"date": "2013-06-01", "symbol": "MLKN", "reportedCurrency": "USD", "cik": "0000066382", "fillingDate": "2013-07-30", "acceptedDate": "2013-07-30 17:09:26", "calendarYear": "2013", "period": "FY", "revenue": 1774900000, "costOfRevenue": 1169700000, "grossProfit": 605200000, "grossProfitRatio": 0.3409769564, "researchAndDevelopmentExpenses": 59900000, "generalAndAdministrativeExpenses": 427200000, "sellingAndMarketingExpenses": 2000000, "sellingGeneralAndAdministrativeExpenses": 429200000, "otherExpenses": -17700000, "operatingExpenses": 489100000, "costAndExpenses": 1658800000, "interestIncome": 400000, "interestExpense": 17200000, "depreciationAndAmortization": 37500000, "ebitda": 117300000, "ebitdaratio": 0.0660882303, "operatingIncome": 114900000, "operatingIncomeRatio": 0.0647360415, "totalOtherIncomeExpensesNet": -18900000, "incomeBeforeTax": 97200000, "incomeBeforeTaxRatio": 0.0547636487, "incomeTaxExpense": 28900000, "netIncome": 68200000, "netIncomeRatio": 0.0384247, "eps": 1.17, "epsdiluted": 1.16, "weightedAverageShsOut": 58425522, "weightedAverageShsOutDil": 58844514, "link": "https://www.sec.gov/Archives/edgar/data/66382/000006638213000032/0000066382-13-000032-index.htm", "finalLink": "https://www.sec.gov/Archives/edgar/data/66382/000006638213000032/hmi10k_060113.htm", "calculatedOtherExpenses": 1200000, "calculatedOperatingExpenses": 490300000, "calculatedNetInterest": -16800000, "calculatedOtherIncome": -900000, "calculatedIncomeNonControlling": 100000, "calculatedEbitda": 152400000}, {"date": "2012-06-02", "symbol": "MLKN", "reportedCurrency": "USD", "cik": "0000066382", "fillingDate": "2012-07-31", "acceptedDate": "2012-07-31 16:10:58", "calendarYear": "2012", "period": "FY", "revenue": 1724100000, "costOfRevenue": 1133500000, "grossProfit": 590600000, "grossProfitRatio": 0.3425555362, "researchAndDevelopmentExpenses": 52700000, "generalAndAdministrativeExpenses": 0, "sellingAndMarketingExpenses": 0, "sellingGeneralAndAdministrativeExpenses": 447600000, "otherExpenses": 58100000, "operatingExpenses": 447600000, "costAndExpenses": 1581100000, "interestIncome": 1000000, "interestExpense": 17500000, "depreciationAndAmortization": 37200000, "ebitda": 166500000, "ebitdaratio": 0.0965721246, "operatingIncome": 143000000, "operatingIncomeRatio": 0.0829418247, "totalOtherIncomeExpensesNet": -23500000, "incomeBeforeTax": 119500000, "incomeBeforeTaxRatio": 0.0693115249, "incomeTaxExpense": 44300000, "netIncome": 75200000, "netIncomeRatio": 0.0436169596, "eps": 1.29, "epsdiluted": 1.29, "weightedAverageShsOut": 58171472, "weightedAverageShsOutDil": 58456876, "link": "https://www.sec.gov/Archives/edgar/data/66382/000006638212000029/0000066382-12-000029-index.htm", "finalLink": "https://www.sec.gov/Archives/edgar/data/66382/000006638212000029/hmi10k_060212.htm", "calculatedOtherExpenses": -52700000, "calculatedOperatingExpenses": 447600000, "calculatedNetInterest": -16500000, "calculatedOtherIncome": -7000000, "calculatedIncomeNonControlling": 0, "calculatedEbitda": 180200000}, {"date": "2011-05-28", "symbol": "MLKN", "reportedCurrency": "USD", "cik": "0000066382", "fillingDate": "2011-07-26", "acceptedDate": "2011-07-26 16:07:07", "calendarYear": "2011", "period": "FY", "revenue": 1649200000, "costOfRevenue": 1111100000, "grossProfit": 538100000, "grossProfitRatio": 0.3262794082, "researchAndDevelopmentExpenses": 45800000, "generalAndAdministrativeExpenses": 0, "sellingAndMarketingExpenses": 0, "sellingGeneralAndAdministrativeExpenses": 411800000, "otherExpenses": 48800000, "operatingExpenses": 411800000, "costAndExpenses": 1522900000, "interestIncome": 1500000, "interestExpense": 19900000, "depreciationAndAmortization": 39100000, "ebitda": 150100000, "ebitdaratio": 0.0910138249, "operatingIncome": 126300000, "operatingIncomeRatio": 0.0765825855, "totalOtherIncomeExpensesNet": -23800000, "incomeBeforeTax": 102500000, "incomeBeforeTaxRatio": 0.0621513461, "incomeTaxExpense": 31700000, "netIncome": 70800000, "netIncomeRatio": 0.0429299054, "eps": 1.24, "epsdiluted": 1.06, "weightedAverageShsOut": 57118777, "weightedAverageShsOutDil": 57675120, "link": "https://www.sec.gov/Archives/edgar/data/66382/000006638211000023/0000066382-11-000023-index.htm", "finalLink": "https://www.sec.gov/Archives/edgar/data/66382/000006638211000023/hmi10k_052811.htm", "calculatedOtherExpenses": -45800000, "calculatedOperatingExpenses": 411800000, "calculatedNetInterest": -18400000, "calculatedOtherIncome": -5400000, "calculatedIncomeNonControlling": 0, "calculatedEbitda": 165400000}, {"date": "2010-05-29", "symbol": "MLKN", "reportedCurrency": "USD", "cik": "0000066382", "fillingDate": "2010-07-27", "acceptedDate": "2010-07-27 16:13:56", "calendarYear": "2010", "period": "FY", "revenue": 1318800000, "costOfRevenue": 890300000, "grossProfit": 428500000, "grossProfitRatio": 0.3249165908, "researchAndDevelopmentExpenses": 40500000, "generalAndAdministrativeExpenses": 0, "sellingAndMarketingExpenses": 0, "sellingGeneralAndAdministrativeExpenses": 317700000, "otherExpenses": 57200000, "operatingExpenses": 358200000, "costAndExpenses": 1248500000, "interestIncome": -4600000, "interestExpense": 21700000, "depreciationAndAmortization": 42600000, "ebitda": 68200000, "ebitdaratio": 0.0517136791, "operatingIncome": 48600000, "operatingIncomeRatio": 0.0368516833, "totalOtherIncomeExpensesNet": 2100000, "incomeBeforeTax": 34800000, "incomeBeforeTaxRatio": 0.0263876251, "incomeTaxExpense": 6500000, "netIncome": 28300000, "netIncomeRatio": 0.021458902, "eps": 0.51, "epsdiluted": 0.43, "weightedAverageShsOut": 55997781, "weightedAverageShsOutDil": 57490368, "link": "https://www.sec.gov/Archives/edgar/data/66382/000144530510000796/0001445305-10-000796-index.htm", "finalLink": "https://www.sec.gov/Archives/edgar/data/66382/000144530510000796/hmi10k052910.htm", "calculatedOtherExpenses": 21700000, "calculatedOperatingExpenses": 379900000, "calculatedNetInterest": -26300000, "calculatedOtherIncome": 12500000, "calculatedIncomeNonControlling": 0, "calculatedEbitda": 91200000}, {"date": "2009-05-30", "symbol": "MLKN", "reportedCurrency": "USD", "cik": "0000066382", "fillingDate": "2009-07-28", "acceptedDate": "2009-07-28 16:11:57", "calendarYear": "2009", "period": "FY", "revenue": 1630000000, "costOfRevenue": 1102300000, "grossProfit": 527700000, "grossProfitRatio": 0.3237423313, "researchAndDevelopmentExpenses": 45700000, "generalAndAdministrativeExpenses": 0, "sellingAndMarketingExpenses": 0, "sellingGeneralAndAdministrativeExpenses": 330800000, "otherExpenses": 74100000, "operatingExpenses": 376500000, "costAndExpenses": 1478800000, "interestIncome": -2600000, "interestExpense": 25600000, "depreciationAndAmortization": 41700000, "ebitda": 155700000, "ebitdaratio": 0.0955214724, "operatingIncome": 125600000, "operatingIncomeRatio": 0.0770552147, "totalOtherIncomeExpensesNet": -4500000, "incomeBeforeTax": 98900000, "incomeBeforeTaxRatio": 0.0606748466, "incomeTaxExpense": 31000000, "netIncome": 68000000, "netIncomeRatio": 0.0417177914, "eps": 1.26, "epsdiluted": 1.25, "weightedAverageShsOut": 54138570, "weightedAverageShsOutDil": 54535491, "link": "https://www.sec.gov/Archives/edgar/data/66382/000092604409000427/0000926044-09-000427-index.htm", "finalLink": "https://www.sec.gov/Archives/edgar/data/66382/000092604409000427/hmi10k_053009.htm", "calculatedOtherExpenses": 25600000, "calculatedOperatingExpenses": 402100000, "calculatedNetInterest": -28200000, "calculatedOtherIncome": 1500000, "calculatedIncomeNonControlling": -100000, "calculatedEbitda": 167300000}, {"date": "2008-05-31", "symbol": "MLKN", "reportedCurrency": "USD", "cik": "0000066382", "fillingDate": "2008-07-29", "acceptedDate": "2008-07-29 16:09:46", "calendarYear": "2008", "period": "FY", "revenue": 2012100000, "costOfRevenue": 1313400000, "grossProfit": 698700000, "grossProfitRatio": 0.3472491427, "researchAndDevelopmentExpenses": 51200000, "generalAndAdministrativeExpenses": 0, "sellingAndMarketingExpenses": 0, "sellingGeneralAndAdministrativeExpenses": 395800000, "otherExpenses": 56300000, "operatingExpenses": 447000000, "costAndExpenses": 1760400000, "interestIncome": -3800000, "interestExpense": 18800000, "depreciationAndAmortization": 43200000, "ebitda": 301200000, "ebitdaratio": 0.1496943492, "operatingIncome": 251700000, "operatingIncomeRatio": 0.1250931862, "totalOtherIncomeExpensesNet": -6300000, "incomeBeforeTax": 230400000, "incomeBeforeTaxRatio": 0.1145072313, "incomeTaxExpense": 78200000, "netIncome": 152300000, "netIncomeRatio": 0.075692063, "eps": 2.58, "epsdiluted": 2.56, "weightedAverageShsOut": 59109284, "weightedAverageShsOutDil": 59584916, "link": "https://www.sec.gov/Archives/edgar/data/66382/000092604408000379/0000926044-08-000379-index.htm", "finalLink": "https://www.sec.gov/Archives/edgar/data/66382/000092604408000379/hmi10k_053108.htm", "calculatedOtherExpenses": 0, "calculatedOperatingExpenses": 447000000, "calculatedNetInterest": -22600000, "calculatedOtherIncome": 1300000, "calculatedIncomeNonControlling": -100000, "calculatedEbitda": 294900000}, {"date": "2007-06-02", "symbol": "MLKN", "reportedCurrency": "USD", "cik": "0000066382", "fillingDate": "2007-07-31", "acceptedDate": "2007-07-31 16:08:43", "calendarYear": "2007", "period": "FY", "revenue": 1918900000, "costOfRevenue": 1273000000, "grossProfit": 645900000, "grossProfitRatio": 0.3365990932, "researchAndDevelopmentExpenses": 52000000, "generalAndAdministrativeExpenses": 0, "sellingAndMarketingExpenses": 0, "sellingGeneralAndAdministrativeExpenses": 395800000, "otherExpenses": 52000000, "operatingExpenses": 447800000, "costAndExpenses": 1720800000, "interestIncome": -4099999.9999999995, "interestExpense": 13700000, "depreciationAndAmortization": 41200000, "ebitda": 240800000, "ebitdaratio": 0.1254885612, "operatingIncome": 198100000, "operatingIncomeRatio": 0.1032362291, "totalOtherIncomeExpensesNet": -1500000, "incomeBeforeTax": 187000000, "incomeBeforeTaxRatio": 0.097451665, "incomeTaxExpense": 57900000, "netIncome": 129100000, "netIncomeRatio": 0.0672781281, "eps": 2.01, "epsdiluted": 1.98, "weightedAverageShsOut": 64318034, "weightedAverageShsOutDil": 65061270, "link": "https://www.sec.gov/Archives/edgar/data/66382/000092604407000303/0000926044-07-000303-index.htm", "finalLink": "https://www.sec.gov/Archives/edgar/data/66382/000092604407000303/hmi10k_060207.htm", "calculatedOtherExpenses": 0, "calculatedOperatingExpenses": 447800000, "calculatedNetInterest": -17800000.0, "calculatedOtherIncome": 6700000.0, "calculatedIncomeNonControlling": 0, "calculatedEbitda": 239300000}, {"date": "2006-06-03", "symbol": "MLKN", "reportedCurrency": "USD", "cik": "0000066382", "fillingDate": "2006-08-01", "acceptedDate": "2006-08-01 16:27:51", "calendarYear": "2006", "period": "FY", "revenue": 1737200000, "costOfRevenue": 1162400000, "grossProfit": 574800000, "grossProfitRatio": 0.3308772738, "researchAndDevelopmentExpenses": 43000000, "generalAndAdministrativeExpenses": 370400000, "sellingAndMarketingExpenses": 3200000, "sellingGeneralAndAdministrativeExpenses": 373600000, "otherExpenses": 43500000, "operatingExpenses": 416600000, "costAndExpenses": 1579000000, "interestIncome": -4900000, "interestExpense": 14000000, "depreciationAndAmortization": 41600000, "ebitda": 201300000, "ebitdaratio": 0.1158761225, "operatingIncome": 158200000, "operatingIncomeRatio": 0.0910660834, "totalOtherIncomeExpensesNet": -1500000, "incomeBeforeTax": 147600000, "incomeBeforeTaxRatio": 0.0849643104, "incomeTaxExpense": 47700000, "netIncome": 99200000, "netIncomeRatio": 0.0571033848, "eps": 1.46, "epsdiluted": 1.45, "weightedAverageShsOut": 67861900, "weightedAverageShsOutDil": 68501139, "link": "https://www.sec.gov/Archives/edgar/data/66382/000095012406004085/0000950124-06-004085-index.htm", "finalLink": "https://www.sec.gov/Archives/edgar/data/66382/000095012406004085/k07101e10vk.htm", "calculatedOtherExpenses": 0, "calculatedOperatingExpenses": 416600000, "calculatedNetInterest": -18900000, "calculatedOtherIncome": 8300000, "calculatedIncomeNonControlling": 700000, "calculatedEbitda": 199800000}, {"date": "2005-05-28", "symbol": "MLKN", "reportedCurrency": "USD", "cik": "0000066382", "fillingDate": "2005-07-28", "acceptedDate": "2005-07-28 15:10:03", "calendarYear": "2005", "period": "FY", "revenue": 1515600000, "costOfRevenue": 1025800000, "grossProfit": 489800000, "grossProfitRatio": 0.323172341, "researchAndDevelopmentExpenses": 40200000, "generalAndAdministrativeExpenses": 0, "sellingAndMarketingExpenses": 0, "sellingGeneralAndAdministrativeExpenses": 326700000, "otherExpenses": 0, "operatingExpenses": 366900000, "costAndExpenses": 1392700000, "interestIncome": 0, "interestExpense": 0, "depreciationAndAmortization": 46900000, "ebitda": 170500000, "ebitdaratio": 0.112496701, "operatingIncome": 122900000, "operatingIncomeRatio": 0.0810899974, "totalOtherIncomeExpensesNet": -700000, "incomeBeforeTax": 112800000, "incomeBeforeTaxRatio": 0.0744259699, "incomeTaxExpense": 44700000, "netIncome": 68000000, "netIncomeRatio": 0.0448667195, "eps": 0.98, "epsdiluted": 0.96, "weightedAverageShsOut": 70303030, "weightedAverageShsOutDil": 70800000, "link": "https://www.sec.gov/Archives/edgar/data/66382/000092604405000367/0000926044-05-000367-index.htm", "finalLink": "https://www.sec.gov/Archives/edgar/data/66382/000092604405000367/hmi10k_052805.htm", "calculatedOtherExpenses": 0, "calculatedOperatingExpenses": 366900000, "calculatedNetInterest": 0, "calculatedOtherIncome": -10100000, "calculatedIncomeNonControlling": 100000, "calculatedEbitda": 169800000}, {"date": "2004-05-29", "symbol": "MLKN", "reportedCurrency": "USD", "cik": "0000066382", "fillingDate": "2004-08-10", "acceptedDate": "2004-08-10 13:47:16", "calendarYear": "2004", "period": "FY", "revenue": 1338300000, "costOfRevenue": 922700000, "grossProfit": 415600000, "grossProfitRatio": 0.3105432265, "researchAndDevelopmentExpenses": 40000000, "generalAndAdministrativeExpenses": 0, "sellingAndMarketingExpenses": 0, "sellingGeneralAndAdministrativeExpenses": 304100000, "otherExpenses": 0, "operatingExpenses": 344100000, "costAndExpenses": 1266800000, "interestIncome": 0, "interestExpense": 0, "depreciationAndAmortization": 59300000, "ebitda": 141100000, "ebitdaratio": 0.1054322648, "operatingIncome": 71500000, "operatingIncomeRatio": 0.0534259882, "totalOtherIncomeExpensesNet": -10300000, "incomeBeforeTax": 51600000, "incomeBeforeTaxRatio": 0.0385563775, "incomeTaxExpense": 8800000, "netIncome": 42300000, "netIncomeRatio": 0.0316072629, "eps": 0.58, "epsdiluted": 0.58, "weightedAverageShsOut": 72567476, "weightedAverageShsOutDil": 73072907, "link": "https://www.sec.gov/Archives/edgar/data/66382/000092604404000448/0000926044-04-000448-index.htm", "finalLink": "https://www.sec.gov/Archives/edgar/data/66382/000092604404000448/hmi10k_052904.htm", "calculatedOtherExpenses": 0, "calculatedOperatingExpenses": 344100000, "calculatedNetInterest": 0, "calculatedOtherIncome": -19900000, "calculatedIncomeNonControlling": 500000, "calculatedEbitda": 130800000}, {"date": "2003-05-31", "symbol": "MLKN", "reportedCurrency": "USD", "cik": "0000066382", "fillingDate": "2003-08-25", "acceptedDate": "2003-08-25 16:57:24", "calendarYear": "2003", "period": "FY", "revenue": 1336500000, "costOfRevenue": 912900000, "grossProfit": 423600000, "grossProfitRatio": 0.3169472503, "researchAndDevelopmentExpenses": 39100000, "generalAndAdministrativeExpenses": 0, "sellingAndMarketingExpenses": 0, "sellingGeneralAndAdministrativeExpenses": 319800000, "otherExpenses": 0, "operatingExpenses": 358900000, "costAndExpenses": 1271800000, "interestIncome": 0, "interestExpense": 0, "depreciationAndAmortization": 19800000, "ebitda": 84500000, "ebitdaratio": 0.063224841, "operatingIncome": 64700000, "operatingIncomeRatio": 0.0484100262, "totalOtherIncomeExpensesNet": -19800000, "incomeBeforeTax": 35800000, "incomeBeforeTaxRatio": 0.0267863823, "incomeTaxExpense": 12500000, "netIncome": 23300000, "netIncomeRatio": 0.0174335952, "eps": 0.31, "epsdiluted": 0.31, "weightedAverageShsOut": 75161290, "weightedAverageShsOutDil": 75161290, "link": "https://www.sec.gov/Archives/edgar/data/66382/000092604403000259/0000926044-03-000259-index.htm", "finalLink": "https://www.sec.gov/Archives/edgar/data/66382/000092604403000259/hmi10k_053103.htm", "calculatedOtherExpenses": 0, "calculatedOperatingExpenses": 358900000, "calculatedNetInterest": 0, "calculatedOtherIncome": -28900000, "calculatedIncomeNonControlling": 0, "calculatedEbitda": 84500000}, {"date": "2002-06-01", "symbol": "MLKN", "reportedCurrency": "USD", "cik": "0000066382", "fillingDate": "2002-08-26", "acceptedDate": "2002-08-26 15:11:54", "calendarYear": "2002", "period": "FY", "revenue": 1468700000, "costOfRevenue": 1028400000, "grossProfit": 440300000, "grossProfitRatio": 0.299788929, "researchAndDevelopmentExpenses": 38900000, "generalAndAdministrativeExpenses": 0, "sellingAndMarketingExpenses": 0, "sellingGeneralAndAdministrativeExpenses": 399700000, "otherExpenses": 81600000, "operatingExpenses": 520200000, "costAndExpenses": 1548600000, "interestIncome": 0, "interestExpense": 0, "depreciationAndAmortization": 112900000, "ebitda": 113700000, "ebitdaratio": 0.0774154014, "operatingIncome": -79900000, "operatingIncomeRatio": -0.054401852, "totalOtherIncomeExpensesNet": -80700000, "incomeBeforeTax": -91000000, "incomeBeforeTaxRatio": -0.0619595561, "incomeTaxExpense": -35000000, "netIncome": -56000000, "netIncomeRatio": -0.0381289576, "eps": -0.74, "epsdiluted": -0.74, "weightedAverageShsOut": 75873160, "weightedAverageShsOutDil": 75873160, "link": "https://www.sec.gov/Archives/edgar/data/66382/000092604402000233/0000926044-02-000233-index.htm", "finalLink": "https://www.sec.gov/Archives/edgar/data/66382/000092604402000233/hmi10k.htm", "calculatedOtherExpenses": 81600000, "calculatedOperatingExpenses": 520200000, "calculatedNetInterest": 0, "calculatedOtherIncome": -11100000, "calculatedIncomeNonControlling": 0, "calculatedEbitda": 33000000}, {"date": "2001-06-02", "symbol": "MLKN", "reportedCurrency": "USD", "cik": "0000066382", "fillingDate": "2001-08-20", "acceptedDate": "2001-08-20 00:00:00", "calendarYear": "2001", "period": "FY", "revenue": 2236200000, "costOfRevenue": 1480500000, "grossProfit": 755700000, "grossProfitRatio": 0.3379393614, "researchAndDevelopmentExpenses": 44300000, "generalAndAdministrativeExpenses": 0, "sellingAndMarketingExpenses": 0, "sellingGeneralAndAdministrativeExpenses": 475400000, "otherExpenses": 0, "operatingExpenses": 519700000, "costAndExpenses": 2000200000, "interestIncome": 0, "interestExpense": 0, "depreciationAndAmortization": 92600000, "ebitda": 329700000, "ebitdaratio": 0.1474376174, "operatingIncome": 236000000, "operatingIncomeRatio": 0.1055361774, "totalOtherIncomeExpensesNet": -1100000, "incomeBeforeTax": 225100000, "incomeBeforeTaxRatio": 0.100661837, "incomeTaxExpense": 81000000, "netIncome": 147600000, "netIncomeRatio": 0.0660048296, "eps": 1.83, "epsdiluted": 1.81, "weightedAverageShsOut": 76663746, "weightedAverageShsOutDil": 77647311, "link": "https://www.sec.gov/Archives/edgar/data/66382/000095012401502961/0000950124-01-502961-index.htm", "finalLink": "https://www.sec.gov/Archives/edgar/data/66382/000095012401502961/k64218e10-k.htm", "calculatedOtherExpenses": 0, "calculatedOperatingExpenses": 519700000, "calculatedNetInterest": 0, "calculatedOtherIncome": -10900000, "calculatedIncomeNonControlling": -3500000, "calculatedEbitda": 328600000}, {"date": "2000-06-03", "symbol": "MLKN", "reportedCurrency": "USD", "cik": "0000066382", "fillingDate": "2000-08-21", "acceptedDate": "2000-08-21 00:00:00", "calendarYear": "2000", "period": "FY", "revenue": 1938000000, "costOfRevenue": 1128500000, "grossProfit": 809500000, "grossProfitRatio": 0.4176986584, "researchAndDevelopmentExpenses": 41300000, "generalAndAdministrativeExpenses": 0, "sellingAndMarketingExpenses": 0, "sellingGeneralAndAdministrativeExpenses": 456400000, "otherExpenses": 77100000, "operatingExpenses": 574800000, "costAndExpenses": 1703300000, "interestIncome": 0, "interestExpense": 0, "depreciationAndAmortization": 77100000, "ebitda": 317700000, "ebitdaratio": 0.1639318885, "operatingIncome": 234700000, "operatingIncomeRatio": 0.1211042312, "totalOtherIncomeExpensesNet": -5900000, "incomeBeforeTax": 221800000, "incomeBeforeTaxRatio": 0.1144478844, "incomeTaxExpense": 82100000, "netIncome": 139700000, "netIncomeRatio": 0.0720846233, "eps": 1.76, "epsdiluted": 1.74, "weightedAverageShsOut": 79526026, "weightedAverageShsOutDil": 80531283, "link": "https://www.sec.gov/Archives/edgar/data/66382/000095012400005208/0000950124-00-005208-index.htm", "finalLink": "https://www.sec.gov/Archives/edgar/data/66382/000095012400005208/e10-k.htm", "calculatedOtherExpenses": 77100000, "calculatedOperatingExpenses": 574800000, "calculatedNetInterest": 0, "calculatedOtherIncome": -12900000, "calculatedIncomeNonControlling": 0, "calculatedEbitda": 311800000}, {"date": "1999-05-29", "symbol": "MLKN", "reportedCurrency": "USD", "cik": "0000066382", "fillingDate": "1999-08-16", "acceptedDate": "1999-08-16 00:00:00", "calendarYear": "1999", "period": "FY", "revenue": 1766200000, "costOfRevenue": 1034500000, "grossProfit": 731700000, "grossProfitRatio": 0.4142792436, "researchAndDevelopmentExpenses": 37900000, "generalAndAdministrativeExpenses": 0, "sellingAndMarketingExpenses": 0, "sellingGeneralAndAdministrativeExpenses": 407400000, "otherExpenses": 62100000, "operatingExpenses": 507400000, "costAndExpenses": 1541900000, "interestIncome": 0, "interestExpense": 0, "depreciationAndAmortization": 62100000, "ebitda": 273500000, "ebitdaratio": 0.1548522251, "operatingIncome": 224300000, "operatingIncomeRatio": 0.1269958102, "totalOtherIncomeExpensesNet": 12900000, "incomeBeforeTax": 229900000, "incomeBeforeTaxRatio": 0.1301664591, "incomeTaxExpense": 88100000, "netIncome": 141800000, "netIncomeRatio": 0.0802853584, "eps": 1.69, "epsdiluted": 1.67, "weightedAverageShsOut": 83734707, "weightedAverageShsOutDil": 84831082, "link": "https://www.sec.gov/Archives/edgar/data/66382/000095012499004849/0000950124-99-004849-index.html", "finalLink": "https://www.sec.gov/Archives/edgar/data/66382/000095012499004849/", "calculatedOtherExpenses": 62100000, "calculatedOperatingExpenses": 507400000, "calculatedNetInterest": 0, "calculatedOtherIncome": 5600000, "calculatedIncomeNonControlling": 0, "calculatedEbitda": 286400000}, {"date": "1998-05-30", "symbol": "MLKN", "reportedCurrency": "USD", "cik": "0000066382", "fillingDate": "1998-08-21", "acceptedDate": "1998-08-21 00:00:00", "calendarYear": "1998", "period": "FY", "revenue": 1718600000, "costOfRevenue": 1029000000, "grossProfit": 689600000, "grossProfitRatio": 0.401256837, "researchAndDevelopmentExpenses": 33800000, "generalAndAdministrativeExpenses": 0, "sellingAndMarketingExpenses": 0, "sellingGeneralAndAdministrativeExpenses": 396700000, "otherExpenses": 50700000, "operatingExpenses": 481200000, "costAndExpenses": 1510200000, "interestIncome": 0, "interestExpense": 0, "depreciationAndAmortization": 50700000, "ebitda": 249600000, "ebitdaratio": 0.1452344932, "operatingIncome": 208400000, "operatingIncomeRatio": 0.1212614919, "totalOtherIncomeExpensesNet": 9500000, "incomeBeforeTax": 209500000, "incomeBeforeTaxRatio": 0.1219015478, "incomeTaxExpense": 81200000, "netIncome": 128300000, "netIncomeRatio": 0.074653788, "eps": 1.42, "epsdiluted": 1.39, "weightedAverageShsOut": 90352113, "weightedAverageShsOutDil": 92302158, "link": "https://www.sec.gov/Archives/edgar/data/66382/000095012498004627/0000950124-98-004627-index.html", "finalLink": "https://www.sec.gov/Archives/edgar/data/66382/", "calculatedOtherExpenses": 50700000, "calculatedOperatingExpenses": 481200000, "calculatedNetInterest": 0, "calculatedOtherIncome": 1100000, "calculatedIncomeNonControlling": 0, "calculatedEbitda": 259100000}, {"date": "1997-05-31", "symbol": "MLKN", "reportedCurrency": "USD", "cik": "0000066382", "fillingDate": "1997-08-27", "acceptedDate": "1997-08-27 00:00:00", "calendarYear": "1997", "period": "FY", "revenue": 1495900000, "costOfRevenue": 914000000, "grossProfit": 581900000, "grossProfitRatio": 0.3889965907, "researchAndDevelopmentExpenses": 29100000, "generalAndAdministrativeExpenses": 0, "sellingAndMarketingExpenses": 0, "sellingGeneralAndAdministrativeExpenses": 359600000, "otherExpenses": 48000000, "operatingExpenses": 436700000, "costAndExpenses": 1350700000, "interestIncome": 0, "interestExpense": 0, "depreciationAndAmortization": 48000000, "ebitda": 203700000, "ebitdaratio": 0.136172204, "operatingIncome": 145200000, "operatingIncomeRatio": 0.0970653119, "totalOtherIncomeExpensesNet": -10500000, "incomeBeforeTax": 125900000, "incomeBeforeTaxRatio": 0.0841633799, "incomeTaxExpense": 51500000, "netIncome": 74400000, "netIncomeRatio": 0.0497359449, "eps": 0.79, "epsdiluted": 0.77, "weightedAverageShsOut": 94177215, "weightedAverageShsOutDil": 96623377, "link": "https://www.sec.gov/Archives/edgar/data/66382/000095012497004516/0000950124-97-004516-index.html", "finalLink": "https://www.sec.gov/Archives/edgar/data/66382/", "calculatedOtherExpenses": 48000000, "calculatedOperatingExpenses": 436700000, "calculatedNetInterest": 0, "calculatedOtherIncome": -19300000, "calculatedIncomeNonControlling": 0, "calculatedEbitda": 193200000}, {"date": "1996-06-01", "symbol": "MLKN", "reportedCurrency": "USD", "cik": "0000066382", "fillingDate": "1996-08-26", "acceptedDate": "1996-08-26 00:00:00", "calendarYear": "1996", "period": "FY", "revenue": 1283900000, "costOfRevenue": 804000000, "grossProfit": 479900000, "grossProfitRatio": 0.3737830049, "researchAndDevelopmentExpenses": 27500000, "generalAndAdministrativeExpenses": 0, "sellingAndMarketingExpenses": 0, "sellingGeneralAndAdministrativeExpenses": 316000000, "otherExpenses": 45000000, "operatingExpenses": 388500000, "costAndExpenses": 1192500000, "interestIncome": 0, "interestExpense": 0, "depreciationAndAmortization": 45000000, "ebitda": 149800000, "ebitdaratio": 0.1166757536, "operatingIncome": 91400000, "operatingIncomeRatio": 0.071189345, "totalOtherIncomeExpensesNet": -13400000, "incomeBeforeTax": 70100000, "incomeBeforeTaxRatio": 0.0545992679, "incomeTaxExpense": 24200000, "netIncome": 45900000, "netIncomeRatio": 0.0357504479, "eps": 0.46, "epsdiluted": 0.46, "weightedAverageShsOut": 99782609, "weightedAverageShsOutDil": 99782609, "link": "https://www.sec.gov/Archives/edgar/data/66382/000095012496003755/0000950124-96-003755-index.html", "finalLink": "https://www.sec.gov/Archives/edgar/data/66382/", "calculatedOtherExpenses": 45000000, "calculatedOperatingExpenses": 388500000, "calculatedNetInterest": 0, "calculatedOtherIncome": -21300000, "calculatedIncomeNonControlling": 0, "calculatedEbitda": 136400000}, {"date": "1995-06-03", "symbol": "MLKN", "reportedCurrency": "USD", "cik": "0000066382", "fillingDate": "1995-08-23", "acceptedDate": "1995-08-23 00:00:00", "calendarYear": "1995", "period": "FY", "revenue": 1083100000, "costOfRevenue": 665100000, "grossProfit": 418000000, "grossProfitRatio": 0.3859292771, "researchAndDevelopmentExpenses": 33700000, "generalAndAdministrativeExpenses": 0, "sellingAndMarketingExpenses": 0, "sellingGeneralAndAdministrativeExpenses": 303600000, "otherExpenses": 39700000, "operatingExpenses": 377000000, "costAndExpenses": 1042100000, "interestIncome": 0, "interestExpense": 0, "depreciationAndAmortization": 39700000, "ebitda": 111300000, "ebitdaratio": 0.1027605946, "operatingIncome": 41000000, "operatingIncomeRatio": 0.0378543071, "totalOtherIncomeExpensesNet": -30600000, "incomeBeforeTax": 4000000, "incomeBeforeTaxRatio": 0.0036931031, "incomeTaxExpense": -300000, "netIncome": 4300000, "netIncomeRatio": 0.0039700859, "eps": 0.05, "epsdiluted": 0.04, "weightedAverageShsOut": 86000000, "weightedAverageShsOutDil": 107500000, "link": "https://www.sec.gov/Archives/edgar/data/66382/000095012495002664/0000950124-95-002664-index.html", "finalLink": "https://www.sec.gov/Archives/edgar/data/66382/", "calculatedOtherExpenses": 39700000, "calculatedOperatingExpenses": 377000000, "calculatedNetInterest": 0, "calculatedOtherIncome": -37000000, "calculatedIncomeNonControlling": 0, "calculatedEbitda": 80700000}, {"date": "1994-05-28", "symbol": "MLKN", "reportedCurrency": "USD", "cik": "0000066382", "fillingDate": "1994-08-22", "acceptedDate": "1994-08-22 00:00:00", "calendarYear": "1994", "period": "FY", "revenue": 953200000, "costOfRevenue": 582900000, "grossProfit": 370300000, "grossProfitRatio": 0.3884809064, "researchAndDevelopmentExpenses": 30200000, "generalAndAdministrativeExpenses": 0, "sellingAndMarketingExpenses": 0, "sellingGeneralAndAdministrativeExpenses": 245200000, "otherExpenses": 33200000, "operatingExpenses": 308600000, "costAndExpenses": 891500000, "interestIncome": 0, "interestExpense": 0, "depreciationAndAmortization": 33200000, "ebitda": 91400000, "ebitdaratio": 0.0958875367, "operatingIncome": 61700000, "operatingIncomeRatio": 0.0647293328, "totalOtherIncomeExpensesNet": 3500000, "incomeBeforeTax": 63500000, "incomeBeforeTaxRatio": 0.0666177088, "incomeTaxExpense": 23100000, "netIncome": 40400000, "netIncomeRatio": 0.0423835501, "eps": 0.4, "epsdiluted": 0.4, "weightedAverageShsOut": 101000000, "weightedAverageShsOutDil": 101000000, "link": "https://www.sec.gov/Archives/edgar/data/66382/000095012494001404/0000950124-94-001404-index.html", "finalLink": "https://www.sec.gov/Archives/edgar/data/66382/", "calculatedOtherExpenses": 33200000, "calculatedOperatingExpenses": 308600000, "calculatedNetInterest": 0, "calculatedOtherIncome": 1800000, "calculatedIncomeNonControlling": 0, "calculatedEbitda": 94900000}, {"date": "1993-05-31", "symbol": "MLKN", "reportedCurrency": "USD", "cik": "0000066382", "fillingDate": "1993-05-31", "acceptedDate": "1993-05-30 20:00:00", "calendarYear": "1993", "period": "FY", "revenue": 855700000, "costOfRevenue": 525600000, "grossProfit": 330100000, "grossProfitRatio": 0.3857660395, "researchAndDevelopmentExpenses": 0, "generalAndAdministrativeExpenses": 0, "sellingAndMarketingExpenses": 0, "sellingGeneralAndAdministrativeExpenses": 254700000, "otherExpenses": 31600000, "operatingExpenses": 286300000, "costAndExpenses": 811900000, "interestIncome": 0, "interestExpense": 0, "depreciationAndAmortization": 31600000, "ebitda": 74700000, "ebitdaratio": 0.0872969499, "operatingIncome": 43800000, "operatingIncomeRatio": 0.0511861634, "totalOtherIncomeExpensesNet": 700000, "incomeBeforeTax": 42400000, "incomeBeforeTaxRatio": 0.049550076, "incomeTaxExpense": 20300000, "netIncome": 22100000, "netIncomeRatio": 0.0258268085, "eps": 0.22, "epsdiluted": 0.22, "weightedAverageShsOut": 100454545, "weightedAverageShsOutDil": 100454545, "link": "", "finalLink": "", "calculatedOtherExpenses": 31600000, "calculatedOperatingExpenses": 286300000, "calculatedNetInterest": 0, "calculatedOtherIncome": -1400000, "calculatedIncomeNonControlling": 0, "calculatedEbitda": 75400000}, {"date": "1992-05-31", "symbol": "MLKN", "reportedCurrency": "USD", "cik": "0000066382", "fillingDate": "1992-05-31", "acceptedDate": "1992-05-30 20:00:00", "calendarYear": "1992", "period": "FY", "revenue": 804700000, "costOfRevenue": 497100000, "grossProfit": 307600000, "grossProfitRatio": 0.3822542562, "researchAndDevelopmentExpenses": 0, "generalAndAdministrativeExpenses": 0, "sellingAndMarketingExpenses": 0, "sellingGeneralAndAdministrativeExpenses": 250100000, "otherExpenses": 30500000, "operatingExpenses": 280600000, "costAndExpenses": 777700000, "interestIncome": 0, "interestExpense": 0, "depreciationAndAmortization": 30500000, "ebitda": 78600000, "ebitdaratio": 0.0976761526, "operatingIncome": 27000000, "operatingIncomeRatio": 0.0335528768, "totalOtherIncomeExpensesNet": -21100000, "incomeBeforeTax": -1000000, "incomeBeforeTaxRatio": -0.0012426991, "incomeTaxExpense": 2500000, "netIncome": -14200000, "netIncomeRatio": -0.0176463278, "eps": -0.14, "epsdiluted": -0.14, "weightedAverageShsOut": 100652000, "weightedAverageShsOutDil": 100652000, "link": "", "finalLink": "", "calculatedOtherExpenses": 30500000, "calculatedOperatingExpenses": 280600000, "calculatedNetInterest": 0, "calculatedOtherIncome": -28000000, "calculatedIncomeNonControlling": 10700000, "calculatedEbitda": 57500000}, {"date": "1991-05-31", "symbol": "MLKN", "reportedCurrency": "USD", "cik": "0000066382", "fillingDate": "1991-05-31", "acceptedDate": "1991-05-30 20:00:00", "calendarYear": "1991", "period": "FY", "revenue": 878700000, "costOfRevenue": 531800000, "grossProfit": 346900000, "grossProfitRatio": 0.3947877546, "researchAndDevelopmentExpenses": 0, "generalAndAdministrativeExpenses": 0, "sellingAndMarketingExpenses": 0, "sellingGeneralAndAdministrativeExpenses": 275000000, "otherExpenses": 32800000, "operatingExpenses": 307800000, "costAndExpenses": 839600000, "interestIncome": 0, "interestExpense": 0, "depreciationAndAmortization": 32800000, "ebitda": 67700000, "ebitdaratio": 0.0770456356, "operatingIncome": 39100000, "operatingIncomeRatio": 0.0444975532, "totalOtherIncomeExpensesNet": 4200000, "incomeBeforeTax": 33200000, "incomeBeforeTaxRatio": 0.0377830887, "incomeTaxExpense": 19100000, "netIncome": 14100000, "netIncomeRatio": 0.0160464322, "eps": 0.14, "epsdiluted": 0.14, "weightedAverageShsOut": 100714286, "weightedAverageShsOutDil": 100714286, "link": "", "finalLink": "", "calculatedOtherExpenses": 32800000, "calculatedOperatingExpenses": 307800000, "calculatedNetInterest": 0, "calculatedOtherIncome": -5900000, "calculatedIncomeNonControlling": 0, "calculatedEbitda": 71900000}, {"date": "1990-05-31", "symbol": "MLKN", "reportedCurrency": "USD", "cik": "0000066382", "fillingDate": "1990-05-31", "acceptedDate": "1990-05-30 20:00:00", "calendarYear": "1990", "period": "FY", "revenue": 865000000, "costOfRevenue": 523800000, "grossProfit": 341200000, "grossProfitRatio": 0.3944508671, "researchAndDevelopmentExpenses": 0, "generalAndAdministrativeExpenses": 0, "sellingAndMarketingExpenses": 0, "sellingGeneralAndAdministrativeExpenses": 230500000, "otherExpenses": 28000000, "operatingExpenses": 258500000, "costAndExpenses": 782300000, "interestIncome": 0, "interestExpense": 0, "depreciationAndAmortization": 28000000, "ebitda": 106700000, "ebitdaratio": 0.1233526012, "operatingIncome": 82700000, "operatingIncomeRatio": 0.0956069364, "totalOtherIncomeExpensesNet": 4000000, "incomeBeforeTax": 75000000, "incomeBeforeTaxRatio": 0.0867052023, "incomeTaxExpense": 28400000, "netIncome": 46600000, "netIncomeRatio": 0.0538728324, "eps": 0.46, "epsdiluted": 0.45, "weightedAverageShsOut": 101304348, "weightedAverageShsOutDil": 103555556, "link": "", "finalLink": "", "calculatedOtherExpenses": 28000000, "calculatedOperatingExpenses": 258500000, "calculatedNetInterest": 0, "calculatedOtherIncome": -7700000, "calculatedIncomeNonControlling": 0, "calculatedEbitda": 110700000}, {"date": "1989-05-31", "symbol": "MLKN", "reportedCurrency": "USD", "cik": "0000066382", "fillingDate": "1989-05-31", "acceptedDate": "1989-05-30 20:00:00", "calendarYear": "1989", "period": "FY", "revenue": 793300000, "costOfRevenue": 486200000, "grossProfit": 307100000, "grossProfitRatio": 0.3871171058, "researchAndDevelopmentExpenses": 0, "generalAndAdministrativeExpenses": 0, "sellingAndMarketingExpenses": 0, "sellingGeneralAndAdministrativeExpenses": 214900000, "otherExpenses": 23000000, "operatingExpenses": 237900000, "costAndExpenses": 724100000, "interestIncome": 0, "interestExpense": 0, "depreciationAndAmortization": 23000000, "ebitda": 86800000, "ebitdaratio": 0.109416362, "operatingIncome": 69200000, "operatingIncomeRatio": 0.0872305559, "totalOtherIncomeExpensesNet": 5400000, "incomeBeforeTax": 66300000, "incomeBeforeTaxRatio": 0.0835749401, "incomeTaxExpense": 24900000, "netIncome": 41400000, "netIncomeRatio": 0.0521870667, "eps": 0.45, "epsdiluted": 0.44, "weightedAverageShsOut": 92000000, "weightedAverageShsOutDil": 94090909, "link": "", "finalLink": "", "calculatedOtherExpenses": 23000000, "calculatedOperatingExpenses": 237900000, "calculatedNetInterest": 0, "calculatedOtherIncome": -2900000, "calculatedIncomeNonControlling": 0, "calculatedEbitda": 92200000}, {"date": "1988-05-31", "symbol": "MLKN", "reportedCurrency": "USD", "cik": "0000066382", "fillingDate": "1988-05-31", "acceptedDate": "1988-05-30 20:00:00", "calendarYear": "1988", "period": "FY", "revenue": 713600000, "costOfRevenue": 431800000, "grossProfit": 281800000, "grossProfitRatio": 0.3948991031, "researchAndDevelopmentExpenses": 0, "generalAndAdministrativeExpenses": 0, "sellingAndMarketingExpenses": 0, "sellingGeneralAndAdministrativeExpenses": 187600000, "otherExpenses": 21500000, "operatingExpenses": 209100000, "costAndExpenses": 640900000, "interestIncome": 0, "interestExpense": 0, "depreciationAndAmortization": 21500000, "ebitda": 91000000, "ebitdaratio": 0.1275224215, "operatingIncome": 72700000, "operatingIncomeRatio": 0.1018778027, "totalOtherIncomeExpensesNet": 3200000, "incomeBeforeTax": 69600000, "incomeBeforeTaxRatio": 0.0975336323, "incomeTaxExpense": 25000000, "netIncome": 44600000, "netIncomeRatio": 0.0625, "eps": 0.46, "epsdiluted": 0.46, "weightedAverageShsOut": 96956522, "weightedAverageShsOutDil": 96956522, "link": "", "finalLink": "", "calculatedOtherExpenses": 21500000, "calculatedOperatingExpenses": 209100000, "calculatedNetInterest": 0, "calculatedOtherIncome": -3100000, "calculatedIncomeNonControlling": 0, "calculatedEbitda": 94200000}, {"date": "1987-05-31", "symbol": "MLKN", "reportedCurrency": "USD", "cik": "0000066382", "fillingDate": "1987-05-31", "acceptedDate": "1987-05-30 20:00:00", "calendarYear": "1987", "period": "FY", "revenue": 573500000, "costOfRevenue": 326700000, "grossProfit": 246800000, "grossProfitRatio": 0.4303400174, "researchAndDevelopmentExpenses": 0, "generalAndAdministrativeExpenses": 0, "sellingAndMarketingExpenses": 0, "sellingGeneralAndAdministrativeExpenses": 159300000, "otherExpenses": 19300000, "operatingExpenses": 178600000, "costAndExpenses": 505300000, "interestIncome": 0, "interestExpense": 0, "depreciationAndAmortization": 19300000, "ebitda": 87500000, "ebitdaratio": 0.1525719268, "operatingIncome": 68200000, "operatingIncomeRatio": 0.1189189189, "totalOtherIncomeExpensesNet": -4900000, "incomeBeforeTax": 63300000, "incomeBeforeTaxRatio": 0.110374891, "incomeTaxExpense": 30000000, "netIncome": 33300000, "netIncomeRatio": 0.0580645161, "eps": 0.34, "epsdiluted": 0.34, "weightedAverageShsOut": 97941176, "weightedAverageShsOutDil": 97941176, "link": "", "finalLink": "", "calculatedOtherExpenses": 19300000, "calculatedOperatingExpenses": 178600000, "calculatedNetInterest": 0, "calculatedOtherIncome": -4900000, "calculatedIncomeNonControlling": 0, "calculatedEbitda": 87500000}, {"date": "1986-05-31", "symbol": "MLKN", "reportedCurrency": "USD", "cik": "0000066382", "fillingDate": "1986-05-31", "acceptedDate": "1986-05-30 20:00:00", "calendarYear": "1986", "period": "FY", "revenue": 531600000, "costOfRevenue": 306300000, "grossProfit": 225300000, "grossProfitRatio": 0.4238148984, "researchAndDevelopmentExpenses": 0, "generalAndAdministrativeExpenses": 0, "sellingAndMarketingExpenses": 0, "sellingGeneralAndAdministrativeExpenses": 136800000, "otherExpenses": 16900000, "operatingExpenses": 153700000, "costAndExpenses": 460000000, "interestIncome": 0, "interestExpense": 0, "depreciationAndAmortization": 16900000, "ebitda": 87300000, "ebitdaratio": 0.164221219, "operatingIncome": 71600000, "operatingIncomeRatio": 0.1346877351, "totalOtherIncomeExpensesNet": 1200000, "incomeBeforeTax": 66500000, "incomeBeforeTaxRatio": 0.1250940557, "incomeTaxExpense": 28700000, "netIncome": 37800000, "netIncomeRatio": 0.0711060948, "eps": 0.39, "epsdiluted": 0.39, "weightedAverageShsOut": 96923077, "weightedAverageShsOutDil": 96923077, "link": "", "finalLink": "", "calculatedOtherExpenses": 16900000, "calculatedOperatingExpenses": 153700000, "calculatedNetInterest": 0, "calculatedOtherIncome": -5100000, "calculatedIncomeNonControlling": 0, "calculatedEbitda": 88500000}]}