{"originalCurrency": "USD", "convertedCurrency": "USD", "report": [{"date": "2023-12-31", "symbol": "MLM", "reportedCurrency": "USD", "cik": "0000916076", "fillingDate": "2024-02-23", "acceptedDate": "2024-02-23 14:36:46", "calendarYear": "2023", "period": "FY", "revenue": 6777200000, "costOfRevenue": 4754600000, "grossProfit": 2022600000, "grossProfitRatio": 0.2984418344, "researchAndDevelopmentExpenses": 0, "generalAndAdministrativeExpenses": 0, "sellingAndMarketingExpenses": 0, "sellingGeneralAndAdministrativeExpenses": 442800000, "otherExpenses": 28400000, "operatingExpenses": 414400000, "costAndExpenses": 5169000000, "interestIncome": 0, "interestExpense": 170600000, "depreciationAndAmortization": 507300000, "ebitda": 2115500000, "ebitdaratio": 0.3121495603, "operatingIncome": 1608200000, "operatingIncomeRatio": 0.2372956383, "totalOtherIncomeExpensesNet": -115400000, "incomeBeforeTax": 1492800000, "incomeBeforeTaxRatio": 0.2202679573, "incomeTaxExpense": 292500000, "netIncome": 1168900000, "netIncomeRatio": 0.1724753586, "eps": 19.38, "epsdiluted": 19.32, "weightedAverageShsOut": 61900000, "weightedAverageShsOutDil": 62100000, "link": "https://www.sec.gov/Archives/edgar/data/916076/000095017024019275/0000950170-24-019275-index.htm", "finalLink": "https://www.sec.gov/Archives/edgar/data/916076/000095017024019275/mlm-20231231.htm", "calculatedOtherExpenses": -28400000, "calculatedOperatingExpenses": 414400000, "calculatedNetInterest": -170600000, "calculatedOtherIncome": 55200000, "calculatedIncomeNonControlling": 31400000, "calculatedEbitda": 2115500000}, {"date": "2022-12-31", "symbol": "MLM", "reportedCurrency": "USD", "cik": "0000916076", "fillingDate": "2023-02-24", "acceptedDate": "2023-02-24 15:29:47", "calendarYear": "2022", "period": "FY", "revenue": 6160700000, "costOfRevenue": 4737400000, "grossProfit": 1423300000, "grossProfitRatio": 0.2310289415, "researchAndDevelopmentExpenses": 0, "generalAndAdministrativeExpenses": 0, "sellingAndMarketingExpenses": 0, "sellingGeneralAndAdministrativeExpenses": 396700000, "otherExpenses": -189200000, "operatingExpenses": 207500000, "costAndExpenses": 4944900000, "interestIncome": 155400000, "interestExpense": 169000000, "depreciationAndAmortization": 568500000, "ebitda": 1775200000, "ebitdaratio": 0.288149074, "operatingIncome": 1206700000, "operatingIncomeRatio": 0.1958705991, "totalOtherIncomeExpensesNet": -115600000, "incomeBeforeTax": 1091100000, "incomeBeforeTaxRatio": 0.1771064976, "incomeTaxExpense": 234800000, "netIncome": 866800000, "netIncomeRatio": 0.1406982973, "eps": 13.91, "epsdiluted": 13.87, "weightedAverageShsOut": 62300000, "weightedAverageShsOutDil": 62500000, "link": "https://www.sec.gov/Archives/edgar/data/916076/000095017023004361/0000950170-23-004361-index.htm", "finalLink": "https://www.sec.gov/Archives/edgar/data/916076/000095017023004361/mlm-20221231.htm", "calculatedOtherExpenses": -180100000, "calculatedOperatingExpenses": 216600000, "calculatedNetInterest": -13600000, "calculatedOtherIncome": -102000000, "calculatedIncomeNonControlling": -10500000, "calculatedEbitda": 1775200000}, {"date": "2021-12-31", "symbol": "MLM", "reportedCurrency": "USD", "cik": "0000916076", "fillingDate": "2022-02-22", "acceptedDate": "2022-02-22 17:25:16", "calendarYear": "2021", "period": "FY", "revenue": 5414000000, "costOfRevenue": 4065600000, "grossProfit": 1348400000, "grossProfitRatio": 0.2490579978, "researchAndDevelopmentExpenses": 0, "generalAndAdministrativeExpenses": 0, "sellingAndMarketingExpenses": 0, "sellingGeneralAndAdministrativeExpenses": 351000000, "otherExpenses": -34300000, "operatingExpenses": 316700000, "costAndExpenses": 4382300000, "interestIncome": 142400000, "interestExpense": 142700000, "depreciationAndAmortization": 534000000, "ebitda": 1507800000, "ebitdaratio": 0.2785001847, "operatingIncome": 973800000, "operatingIncomeRatio": 0.1798670115, "totalOtherIncomeExpensesNet": -118300000, "incomeBeforeTax": 855500000, "incomeBeforeTaxRatio": 0.1580162542, "incomeTaxExpense": 153200000, "netIncome": 702500000, "netIncomeRatio": 0.1297561877, "eps": 11.35, "epsdiluted": 11.31, "weightedAverageShsOut": 62400000, "weightedAverageShsOutDil": 62600000, "link": "https://www.sec.gov/Archives/edgar/data/916076/000156459022005965/0001564590-22-005965-index.htm", "finalLink": "https://www.sec.gov/Archives/edgar/data/916076/000156459022005965/mlm-10k_20211231.htm", "calculatedOtherExpenses": 23600000, "calculatedOperatingExpenses": 374600000, "calculatedNetInterest": -300000, "calculatedOtherIncome": -118000000, "calculatedIncomeNonControlling": -200000, "calculatedEbitda": 1507800000}, {"date": "2020-12-31", "symbol": "MLM", "reportedCurrency": "USD", "cik": "0000916076", "fillingDate": "2021-02-19", "acceptedDate": "2021-02-19 16:36:13", "calendarYear": "2020", "period": "FY", "revenue": 4729900000, "costOfRevenue": 3477100000, "grossProfit": 1252800000, "grossProfitRatio": 0.264868179, "researchAndDevelopmentExpenses": 0, "generalAndAdministrativeExpenses": 0, "sellingAndMarketingExpenses": 0, "sellingGeneralAndAdministrativeExpenses": 305900000, "otherExpenses": -59800000, "operatingExpenses": 246100000, "costAndExpenses": 3723200000, "interestIncome": 118100000, "interestExpense": 118100000, "depreciationAndAmortization": 396800000, "ebitda": 1402200000, "ebitdaratio": 0.2964544705, "operatingIncome": 1005400000, "operatingIncomeRatio": 0.2125626335, "totalOtherIncomeExpensesNet": -116100000, "incomeBeforeTax": 889300000, "incomeBeforeTaxRatio": 0.18801666, "incomeTaxExpense": 168200000, "netIncome": 721000000, "netIncomeRatio": 0.1524345124, "eps": 11.56, "epsdiluted": 11.54, "weightedAverageShsOut": 62300000, "weightedAverageShsOutDil": 62400000, "link": "https://www.sec.gov/Archives/edgar/data/916076/000156459021006959/0001564590-21-006959-index.htm", "finalLink": "https://www.sec.gov/Archives/edgar/data/916076/000156459021006959/mlm-10k_20201231.htm", "calculatedOtherExpenses": -58500000, "calculatedOperatingExpenses": 247400000, "calculatedNetInterest": 0, "calculatedOtherIncome": -116100000, "calculatedIncomeNonControlling": 100000, "calculatedEbitda": 1402200000}, {"date": "2019-12-31", "symbol": "MLM", "reportedCurrency": "USD", "cik": "0000916076", "fillingDate": "2020-02-21", "acceptedDate": "2020-02-21 16:57:43", "calendarYear": "2019", "period": "FY", "revenue": 4739098000, "costOfRevenue": 3560091000, "grossProfit": 1179007000, "grossProfitRatio": 0.2487829963, "researchAndDevelopmentExpenses": 0, "generalAndAdministrativeExpenses": 0, "sellingAndMarketingExpenses": 0, "sellingGeneralAndAdministrativeExpenses": 302657000, "otherExpenses": -9051000, "operatingExpenses": 293606000, "costAndExpenses": 3853697000, "interestIncome": 129300000, "interestExpense": 129345000, "depreciationAndAmortization": 364751000, "ebitda": 1249685000, "ebitdaratio": 0.2636968048, "operatingIncome": 884934000, "operatingIncomeRatio": 0.1867304707, "totalOtherIncomeExpensesNet": -136598000, "incomeBeforeTax": 748336000, "incomeBeforeTaxRatio": 0.1579068422, "incomeTaxExpense": 136349000, "netIncome": 611915000, "netIncomeRatio": 0.1291205626, "eps": 9.78, "epsdiluted": 9.74, "weightedAverageShsOut": 62500000, "weightedAverageShsOutDil": 62700000, "link": "https://www.sec.gov/Archives/edgar/data/916076/000156459020005784/0001564590-20-005784-index.htm", "finalLink": "https://www.sec.gov/Archives/edgar/data/916076/000156459020005784/mlm-10k_20191231.htm", "calculatedOtherExpenses": -8584000, "calculatedOperatingExpenses": 294073000, "calculatedNetInterest": -45000, "calculatedOtherIncome": -136553000, "calculatedIncomeNonControlling": 72000, "calculatedEbitda": 1249685000}, {"date": "2018-12-31", "symbol": "MLM", "reportedCurrency": "USD", "cik": "0000916076", "fillingDate": "2019-02-25", "acceptedDate": "2019-02-25 16:38:50", "calendarYear": "2018", "period": "FY", "revenue": 4244265000, "costOfRevenue": 3277688000, "grossProfit": 966577000, "grossProfitRatio": 0.2277371936, "researchAndDevelopmentExpenses": 0, "generalAndAdministrativeExpenses": 280554000, "sellingAndMarketingExpenses": 0, "sellingGeneralAndAdministrativeExpenses": 280554000, "otherExpenses": 22413000, "operatingExpenses": 262361000, "costAndExpenses": 3540049000, "interestIncome": 0, "interestExpense": 137069000, "depreciationAndAmortization": 344033000, "ebitda": 1070662000, "ebitdaratio": 0.2522608744, "operatingIncome": 690737000, "operatingIncomeRatio": 0.1627459643, "totalOtherIncomeExpensesNet": 8934000, "incomeBeforeTax": 576081000, "incomeBeforeTaxRatio": 0.1357316284, "incomeTaxExpense": 105705000, "netIncome": 469998000, "netIncomeRatio": 0.1107371948, "eps": 7.47, "epsdiluted": 7.45, "weightedAverageShsOut": 62900000, "weightedAverageShsOutDil": 63100000, "link": "https://www.sec.gov/Archives/edgar/data/916076/000119312519049961/0001193125-19-049961-index.htm", "finalLink": "https://www.sec.gov/Archives/edgar/data/916076/000119312519049961/d640896d10k.htm", "calculatedOtherExpenses": -4714000, "calculatedOperatingExpenses": 275840000, "calculatedNetInterest": -137069000, "calculatedOtherIncome": 22413000, "calculatedIncomeNonControlling": 378000, "calculatedEbitda": 1034770000}, {"date": "2017-12-31", "symbol": "MLM", "reportedCurrency": "USD", "cik": "0000916076", "fillingDate": "2018-02-23", "acceptedDate": "2018-02-23 15:41:37", "calendarYear": "2017", "period": "FY", "revenue": 3965600000, "costOfRevenue": 2993700000, "grossProfit": 971900000, "grossProfitRatio": 0.2450827113, "researchAndDevelopmentExpenses": 0, "generalAndAdministrativeExpenses": 262128000, "sellingAndMarketingExpenses": -28000, "sellingGeneralAndAdministrativeExpenses": 262100000, "otherExpenses": 10000000, "operatingExpenses": 262900000, "costAndExpenses": 3256600000, "interestIncome": 0, "interestExpense": 91500000, "depreciationAndAmortization": 297200000, "ebitda": 1016200000, "ebitdaratio": 0.2562537825, "operatingIncome": 700400000, "operatingIncomeRatio": 0.1766189227, "totalOtherIncomeExpensesNet": 1400000, "incomeBeforeTax": 618900000, "incomeBeforeTaxRatio": 0.1560671777, "incomeTaxExpense": -94500000, "netIncome": 713300000, "netIncomeRatio": 0.1798718983, "eps": 11.3, "epsdiluted": 11.25, "weightedAverageShsOut": 62900000, "weightedAverageShsOutDil": 63200000, "link": "https://www.sec.gov/Archives/edgar/data/916076/000119312518055887/0001193125-18-055887-index.htm", "finalLink": "https://www.sec.gov/Archives/edgar/data/916076/000119312518055887/d529448d10k.htm", "calculatedOtherExpenses": 9400000, "calculatedOperatingExpenses": 271500000, "calculatedNetInterest": -91500000, "calculatedOtherIncome": 10000000, "calculatedIncomeNonControlling": 100000, "calculatedEbitda": 997600000}, {"date": "2016-12-31", "symbol": "MLM", "reportedCurrency": "USD", "cik": "0000916076", "fillingDate": "2017-02-24", "acceptedDate": "2017-02-24 16:02:10", "calendarYear": "2016", "period": "FY", "revenue": 3818749000, "costOfRevenue": 2907011000, "grossProfit": 911738000, "grossProfitRatio": 0.2387530576, "researchAndDevelopmentExpenses": 0, "generalAndAdministrativeExpenses": 248005000, "sellingAndMarketingExpenses": -6399000, "sellingGeneralAndAdministrativeExpenses": 241606000, "otherExpenses": 11439000, "operatingExpenses": 233563000, "costAndExpenses": 3140574000, "interestIncome": 0, "interestExpense": 81677000, "depreciationAndAmortization": 285253000, "ebitda": 974867000, "ebitdaratio": 0.2552843876, "operatingIncome": 677266000, "operatingIncomeRatio": 0.1773528451, "totalOtherIncomeExpensesNet": 10530000, "incomeBeforeTax": 607028000, "incomeBeforeTaxRatio": 0.1589599107, "incomeTaxExpense": 181584000, "netIncome": 425386000, "netIncomeRatio": 0.1113940717, "eps": 6.66, "epsdiluted": 6.63, "weightedAverageShsOut": 63610000, "weightedAverageShsOutDil": 63861000, "link": "https://www.sec.gov/Archives/edgar/data/916076/000119312517056282/0001193125-17-056282-index.htm", "finalLink": "https://www.sec.gov/Archives/edgar/data/916076/000119312517056282/d344578d10k.htm", "calculatedOtherExpenses": -7134000, "calculatedOperatingExpenses": 234472000, "calculatedNetInterest": -81677000, "calculatedOtherIncome": 11439000, "calculatedIncomeNonControlling": 58000, "calculatedEbitda": 962519000}, {"date": "2015-12-31", "symbol": "MLM", "reportedCurrency": "USD", "cik": "0000916076", "fillingDate": "2016-02-23", "acceptedDate": "2016-02-23 17:09:11", "calendarYear": "2015", "period": "FY", "revenue": 3539600000, "costOfRevenue": 2817800000, "grossProfit": 721800000, "grossProfitRatio": 0.203921347, "researchAndDevelopmentExpenses": 0, "generalAndAdministrativeExpenses": 218234000, "sellingAndMarketingExpenses": -34000, "sellingGeneralAndAdministrativeExpenses": 218200000, "otherExpenses": 10700000, "operatingExpenses": 233900000, "costAndExpenses": 3051700000, "interestIncome": 0, "interestExpense": 76300000, "depreciationAndAmortization": 263600000, "ebitda": 762200000, "ebitdaratio": 0.2153350661, "operatingIncome": 479400000, "operatingIncomeRatio": 0.1354390327, "totalOtherIncomeExpensesNet": 2200000, "incomeBeforeTax": 413800000, "incomeBeforeTaxRatio": 0.1169058651, "incomeTaxExpense": 124900000, "netIncome": 288800000, "netIncomeRatio": 0.0815911402, "eps": 4.31, "epsdiluted": 4.29, "weightedAverageShsOut": 66770000, "weightedAverageShsOutDil": 67020000, "link": "https://www.sec.gov/Archives/edgar/data/916076/000119312516473754/0001193125-16-473754-index.htm", "finalLink": "https://www.sec.gov/Archives/edgar/data/916076/000119312516473754/d147147d10k.htm", "calculatedOtherExpenses": 24200000, "calculatedOperatingExpenses": 242400000, "calculatedNetInterest": -76300000, "calculatedOtherIncome": 10700000, "calculatedIncomeNonControlling": 100000, "calculatedEbitda": 743000000}, {"date": "2014-12-31", "symbol": "MLM", "reportedCurrency": "USD", "cik": "0000916076", "fillingDate": "2015-02-24", "acceptedDate": "2015-02-24 16:07:58", "calendarYear": "2014", "period": "FY", "revenue": 2958000000, "costOfRevenue": 2435600000, "grossProfit": 522400000, "grossProfitRatio": 0.1766058147, "researchAndDevelopmentExpenses": 0, "generalAndAdministrativeExpenses": 169245000, "sellingAndMarketingExpenses": -45000, "sellingGeneralAndAdministrativeExpenses": 169200000, "otherExpenses": 400000, "operatingExpenses": 164600000, "costAndExpenses": 2600200000, "interestIncome": 0, "interestExpense": 66100000, "depreciationAndAmortization": 222700000, "ebitda": 580900000, "ebitdaratio": 0.196382691, "operatingIncome": 314900000, "operatingIncomeRatio": 0.1064570656, "totalOtherIncomeExpensesNet": -42500000, "incomeBeforeTax": 249200000, "incomeBeforeTaxRatio": 0.0842461122, "incomeTaxExpense": 94900000, "netIncome": 155600000, "netIncomeRatio": 0.0526031102, "eps": 2.73, "epsdiluted": 2.71, "weightedAverageShsOut": 56854000, "weightedAverageShsOutDil": 57088000, "link": "https://www.sec.gov/Archives/edgar/data/916076/000119312515060008/0001193125-15-060008-index.htm", "finalLink": "https://www.sec.gov/Archives/edgar/data/916076/000119312515060008/d877241d10k.htm", "calculatedOtherExpenses": 38300000, "calculatedOperatingExpenses": 207500000, "calculatedNetInterest": -66100000, "calculatedOtherIncome": 400000, "calculatedIncomeNonControlling": -1300000, "calculatedEbitda": 537600000}, {"date": "2013-12-31", "symbol": "MLM", "reportedCurrency": "USD", "cik": "0000916076", "fillingDate": "2014-02-24", "acceptedDate": "2014-02-24 16:07:22", "calendarYear": "2013", "period": "FY", "revenue": 2155500000, "costOfRevenue": 1791500000, "grossProfit": 364000000, "grossProfitRatio": 0.1688703317, "researchAndDevelopmentExpenses": 700000, "generalAndAdministrativeExpenses": 150091000, "sellingAndMarketingExpenses": 9000, "sellingGeneralAndAdministrativeExpenses": 150100000, "otherExpenses": -300000, "operatingExpenses": 146000000, "costAndExpenses": 1937500000, "interestIncome": 0, "interestExpense": 53500000, "depreciationAndAmortization": 173800000, "ebitda": 391500000, "ebitdaratio": 0.1816283925, "operatingIncome": 218000000, "operatingIncomeRatio": 0.1011366272, "totalOtherIncomeExpensesNet": -300000, "incomeBeforeTax": 164200000, "incomeBeforeTaxRatio": 0.0761772211, "incomeTaxExpense": 44000000, "netIncome": 121300000, "netIncomeRatio": 0.0562746463, "eps": 2.62, "epsdiluted": 2.61, "weightedAverageShsOut": 46164000, "weightedAverageShsOutDil": 46285000, "link": "https://www.sec.gov/Archives/edgar/data/916076/000119312514064999/0001193125-14-064999-index.htm", "finalLink": "https://www.sec.gov/Archives/edgar/data/916076/000119312514064999/d654417d10k.htm", "calculatedOtherExpenses": -4800000, "calculatedOperatingExpenses": 146000000, "calculatedNetInterest": -53500000, "calculatedOtherIncome": -300000, "calculatedIncomeNonControlling": -1100000, "calculatedEbitda": 391800000}, {"date": "2012-12-31", "symbol": "MLM", "reportedCurrency": "USD", "cik": "0000916076", "fillingDate": "2013-02-22", "acceptedDate": "2013-02-22 10:39:51", "calendarYear": "2012", "period": "FY", "revenue": 2037600000, "costOfRevenue": 1711700000, "grossProfit": 325900000, "grossProfitRatio": 0.1599430703, "researchAndDevelopmentExpenses": 35100000, "generalAndAdministrativeExpenses": 138398000, "sellingAndMarketingExpenses": 2000, "sellingGeneralAndAdministrativeExpenses": 138400000, "otherExpenses": 1200000, "operatingExpenses": 170900000, "costAndExpenses": 1882600000, "interestIncome": 0, "interestExpense": 53300000, "depreciationAndAmortization": 177200000, "ebitda": 333400000, "ebitdaratio": 0.1636238712, "operatingIncome": 155000000, "operatingIncomeRatio": 0.0760698861, "totalOtherIncomeExpensesNet": 1200000, "incomeBeforeTax": 102900000, "incomeBeforeTaxRatio": 0.0505005889, "incomeTaxExpense": 16900000, "netIncome": 84500000, "netIncomeRatio": 0.0414703573, "eps": 1.83, "epsdiluted": 1.83, "weightedAverageShsOut": 45828000, "weightedAverageShsOutDil": 45970000, "link": "https://www.sec.gov/Archives/edgar/data/916076/000119312513070711/0001193125-13-070711-index.htm", "finalLink": "https://www.sec.gov/Archives/edgar/data/916076/000119312513070711/d460152d10k.htm", "calculatedOtherExpenses": -2600000, "calculatedOperatingExpenses": 170900000, "calculatedNetInterest": -53300000, "calculatedOtherIncome": 1200000, "calculatedIncomeNonControlling": 1500000, "calculatedEbitda": 332200000}, {"date": "2011-12-31", "symbol": "MLM", "reportedCurrency": "USD", "cik": "0000916076", "fillingDate": "2012-02-29", "acceptedDate": "2012-02-29 12:40:16", "calendarYear": "2011", "period": "FY", "revenue": 1713900000, "costOfRevenue": 1411900000, "grossProfit": 302000000, "grossProfitRatio": 0.1762063131, "researchAndDevelopmentExpenses": 18600000, "generalAndAdministrativeExpenses": 124138000, "sellingAndMarketingExpenses": -38000, "sellingGeneralAndAdministrativeExpenses": 124100000, "otherExpenses": -1720000, "operatingExpenses": 141000000, "costAndExpenses": 1552900000, "interestIncome": 0, "interestExpense": 58600000, "depreciationAndAmortization": 173400000, "ebitda": 334400000, "ebitdaratio": 0.1951105665, "operatingIncome": 161000000, "operatingIncomeRatio": 0.0939378027, "totalOtherIncomeExpensesNet": -1800000, "incomeBeforeTax": 100600000, "incomeBeforeTaxRatio": 0.0586965401, "incomeTaxExpense": 21000000, "netIncome": 82400000, "netIncomeRatio": 0.0480774841, "eps": 1.78, "epsdiluted": 1.78, "weightedAverageShsOut": 45652000, "weightedAverageShsOutDil": 45793000, "link": "https://www.sec.gov/Archives/edgar/data/916076/000119312512088047/0001193125-12-088047-index.htm", "finalLink": "https://www.sec.gov/Archives/edgar/data/916076/000119312512088047/d265076d10k.htm", "calculatedOtherExpenses": -1700000, "calculatedOperatingExpenses": 141000000, "calculatedNetInterest": -58600000, "calculatedOtherIncome": -1800000, "calculatedIncomeNonControlling": -2800000, "calculatedEbitda": 334400000}, {"date": "2010-12-31", "symbol": "MLM", "reportedCurrency": "USD", "cik": "0000916076", "fillingDate": "2011-02-25", "acceptedDate": "2011-02-25 16:55:10", "calendarYear": "2010", "period": "FY", "revenue": 1782900000, "costOfRevenue": 1460900000, "grossProfit": 322000000, "grossProfitRatio": 0.1806046329, "researchAndDevelopmentExpenses": 200000, "generalAndAdministrativeExpenses": 133230000, "sellingAndMarketingExpenses": -30000, "sellingGeneralAndAdministrativeExpenses": 133200000, "otherExpenses": -7786000, "operatingExpenses": 125600000, "costAndExpenses": 1586500000, "interestIncome": 0, "interestExpense": 68500000, "depreciationAndAmortization": 181500000, "ebitda": 377900000, "ebitdaratio": 0.2119580459, "operatingIncome": 196400000, "operatingIncomeRatio": 0.1101576084, "totalOtherIncomeExpensesNet": -200000, "incomeBeforeTax": 127700000, "incomeBeforeTaxRatio": 0.0716248808, "incomeTaxExpense": 29200000, "netIncome": 97000000, "netIncomeRatio": 0.0544057435, "eps": 2.11, "epsdiluted": 2.1, "weightedAverageShsOut": 45485000, "weightedAverageShsOutDil": 45659000, "link": "https://www.sec.gov/Archives/edgar/data/916076/000095012311018849/0000950123-11-018849-index.htm", "finalLink": "https://www.sec.gov/Archives/edgar/data/916076/000095012311018849/g25580e10vk.htm", "calculatedOtherExpenses": -7800000, "calculatedOperatingExpenses": 125600000, "calculatedNetInterest": -68500000, "calculatedOtherIncome": -200000, "calculatedIncomeNonControlling": 1500000, "calculatedEbitda": 377900000}, {"date": "2009-12-31", "symbol": "MLM", "reportedCurrency": "USD", "cik": "0000916076", "fillingDate": "2010-02-26", "acceptedDate": "2010-02-26 15:16:41", "calendarYear": "2009", "period": "FY", "revenue": 1702600000, "costOfRevenue": 1364900000, "grossProfit": 337700000, "grossProfitRatio": 0.1983437096, "researchAndDevelopmentExpenses": 400000, "generalAndAdministrativeExpenses": 139400000, "sellingAndMarketingExpenses": 0, "sellingGeneralAndAdministrativeExpenses": 139400000, "otherExpenses": 10383000, "operatingExpenses": 150100000, "costAndExpenses": 1515000000, "interestIncome": 0, "interestExpense": 73500000, "depreciationAndAmortization": 179400000, "ebitda": 367000000, "ebitdaratio": 0.2155526841, "operatingIncome": 187600000, "operatingIncomeRatio": 0.1101844238, "totalOtherIncomeExpensesNet": 1200000, "incomeBeforeTax": 115300000, "incomeBeforeTaxRatio": 0.0677199577, "incomeTaxExpense": 27400000, "netIncome": 85500000, "netIncomeRatio": 0.0502173147, "eps": 1.92, "epsdiluted": 1.91, "weightedAverageShsOut": 44000000, "weightedAverageShsOutDil": 44190000, "link": "https://www.sec.gov/Archives/edgar/data/916076/000095012310018035/0000950123-10-018035-index.htm", "finalLink": "https://www.sec.gov/Archives/edgar/data/916076/000095012310018035/g22182e10vk.htm", "calculatedOtherExpenses": 10300000, "calculatedOperatingExpenses": 150100000, "calculatedNetInterest": -73500000, "calculatedOtherIncome": 1200000, "calculatedIncomeNonControlling": 2400000, "calculatedEbitda": 367000000}, {"date": "2008-12-31", "symbol": "MLM", "reportedCurrency": "USD", "cik": "0000916076", "fillingDate": "2009-02-17", "acceptedDate": "2009-02-17 16:47:38", "calendarYear": "2008", "period": "FY", "revenue": 2120100000, "costOfRevenue": 1649700000, "grossProfit": 470400000, "grossProfitRatio": 0.2218763266, "researchAndDevelopmentExpenses": 600000, "generalAndAdministrativeExpenses": 151348000, "sellingAndMarketingExpenses": -48000, "sellingGeneralAndAdministrativeExpenses": 151300000, "otherExpenses": -4879000, "operatingExpenses": 147100000, "costAndExpenses": 1796800000, "interestIncome": 0, "interestExpense": 74300000, "depreciationAndAmortization": 171100000, "ebitda": 483000000, "ebitdaratio": 0.2278194425, "operatingIncome": 323300000, "operatingIncomeRatio": 0.1524928069, "totalOtherIncomeExpensesNet": 5700000, "incomeBeforeTax": 243300000, "incomeBeforeTaxRatio": 0.1147587378, "incomeTaxExpense": 71800000, "netIncome": 176300000, "netIncomeRatio": 0.0831564549, "eps": 4.2, "epsdiluted": 4.18, "weightedAverageShsOut": 41370000, "weightedAverageShsOutDil": 41617000, "link": "https://www.sec.gov/Archives/edgar/data/916076/000095014409001377/0000950144-09-001377-index.htm", "finalLink": "https://www.sec.gov/Archives/edgar/data/916076/000095014409001377/g17638e10vk.htm", "calculatedOtherExpenses": -4800000, "calculatedOperatingExpenses": 147100000, "calculatedNetInterest": -74300000, "calculatedOtherIncome": -5700000, "calculatedIncomeNonControlling": -4800000, "calculatedEbitda": 494400000}, {"date": "2007-12-31", "symbol": "MLM", "reportedCurrency": "USD", "cik": "0000916076", "fillingDate": "2008-02-25", "acceptedDate": "2008-02-25 16:13:59", "calendarYear": "2007", "period": "FY", "revenue": 2207141000, "costOfRevenue": 1636178000, "grossProfit": 570963000, "grossProfitRatio": 0.2586889555, "researchAndDevelopmentExpenses": 869000, "generalAndAdministrativeExpenses": 155186000, "sellingAndMarketingExpenses": 0, "sellingGeneralAndAdministrativeExpenses": 155186000, "otherExpenses": -18122000, "operatingExpenses": 137933000, "costAndExpenses": 1774111000, "interestIncome": 0, "interestExpense": 0, "depreciationAndAmortization": 150338000, "ebitda": 558803000, "ebitdaratio": 0.2531795658, "operatingIncome": 433030000, "operatingIncomeRatio": 0.1961949871, "totalOtherIncomeExpensesNet": 24565000, "incomeBeforeTax": 378580000, "incomeBeforeTaxRatio": 0.1715250634, "incomeTaxExpense": 116073000, "netIncome": 262749000, "netIncomeRatio": 0.1190449545, "eps": 6.16, "epsdiluted": 6.06, "weightedAverageShsOut": 42653000, "weightedAverageShsOutDil": 43347000, "link": "https://www.sec.gov/Archives/edgar/data/916076/000095014408001341/0000950144-08-001341-index.htm", "finalLink": "https://www.sec.gov/Archives/edgar/data/916076/000095014408001341/g11819e10vk.htm", "calculatedOtherExpenses": -18122000, "calculatedOperatingExpenses": 137933000, "calculatedNetInterest": 0, "calculatedOtherIncome": -54450000, "calculatedIncomeNonControlling": -242000, "calculatedEbitda": 583368000}, {"date": "2006-12-31", "symbol": "MLM", "reportedCurrency": "USD", "cik": "0000916076", "fillingDate": "2007-02-28", "acceptedDate": "2007-02-28 06:44:59", "calendarYear": "2006", "period": "FY", "revenue": 2206401000, "costOfRevenue": 1683937000, "grossProfit": 522464000, "grossProfitRatio": 0.2367946715, "researchAndDevelopmentExpenses": 736000, "generalAndAdministrativeExpenses": 146665000, "sellingAndMarketingExpenses": 0, "sellingGeneralAndAdministrativeExpenses": 146665000, "otherExpenses": -12923000, "operatingExpenses": 134478000, "costAndExpenses": 1818415000, "interestIncome": 0, "interestExpense": 0, "depreciationAndAmortization": 141429000, "ebitda": 513675000, "ebitdaratio": 0.2328112614, "operatingIncome": 387986000, "operatingIncomeRatio": 0.1758456418, "totalOtherIncomeExpensesNet": 15740000, "incomeBeforeTax": 350444000, "incomeBeforeTaxRatio": 0.1588306024, "incomeTaxExpense": 106640000, "netIncome": 245422000, "netIncomeRatio": 0.1112318205, "eps": 5.4, "epsdiluted": 5.29, "weightedAverageShsOut": 45453000, "weightedAverageShsOutDil": 46367000, "link": "https://www.sec.gov/Archives/edgar/data/916076/000095014407001677/0000950144-07-001677-index.htm", "finalLink": "https://www.sec.gov/Archives/edgar/data/916076/000095014407001677/g05626e10vk.htm", "calculatedOtherExpenses": -12923000, "calculatedOperatingExpenses": 134478000, "calculatedNetInterest": 0, "calculatedOtherIncome": -37542000, "calculatedIncomeNonControlling": -1618000, "calculatedEbitda": 529415000}, {"date": "2005-12-31", "symbol": "MLM", "reportedCurrency": "USD", "cik": "0000916076", "fillingDate": "2006-02-27", "acceptedDate": "2006-02-27 14:43:40", "calendarYear": "2005", "period": "FY", "revenue": 2004243000, "costOfRevenue": 1580418000, "grossProfit": 423825000, "grossProfitRatio": 0.2114638794, "researchAndDevelopmentExpenses": 662000, "generalAndAdministrativeExpenses": 130704000, "sellingAndMarketingExpenses": 0, "sellingGeneralAndAdministrativeExpenses": 130704000, "otherExpenses": -16248000, "operatingExpenses": 115118000, "costAndExpenses": 1695536000, "interestIncome": 0, "interestExpense": 0, "depreciationAndAmortization": 138251000, "ebitda": 428773000, "ebitdaratio": 0.2139326419, "operatingIncome": 308707000, "operatingIncomeRatio": 0.1540267323, "totalOtherIncomeExpensesNet": 18185000, "incomeBeforeTax": 268047000, "incomeBeforeTaxRatio": 0.1337397711, "incomeTaxExpense": 72534000, "netIncome": 192666000, "netIncomeRatio": 0.0961290622, "eps": 4.14, "epsdiluted": 4.08, "weightedAverageShsOut": 46540000, "weightedAverageShsOutDil": 47279000, "link": "https://www.sec.gov/Archives/edgar/data/916076/000095014406001538/0000950144-06-001538-index.htm", "finalLink": "https://www.sec.gov/Archives/edgar/data/916076/000095014406001538/g99743e10vk.htm", "calculatedOtherExpenses": -16248000, "calculatedOperatingExpenses": 115118000, "calculatedNetInterest": 0, "calculatedOtherIncome": -40660000, "calculatedIncomeNonControlling": 2847000, "calculatedEbitda": 446958000}, {"date": "2004-12-31", "symbol": "MLM", "reportedCurrency": "USD", "cik": "0000916076", "fillingDate": "2005-02-25", "acceptedDate": "2005-02-25 13:20:55", "calendarYear": "2004", "period": "FY", "revenue": 1759613000, "costOfRevenue": 1417423000, "grossProfit": 342190000, "grossProfitRatio": 0.1944688974, "researchAndDevelopmentExpenses": 891000, "generalAndAdministrativeExpenses": 127676000, "sellingAndMarketingExpenses": 0, "sellingGeneralAndAdministrativeExpenses": 127676000, "otherExpenses": -12969000, "operatingExpenses": 115598000, "costAndExpenses": 1533021000, "interestIncome": 0, "interestExpense": 0, "depreciationAndAmortization": 132859000, "ebitda": 345398000, "ebitdaratio": 0.1962920256, "operatingIncome": 226592000, "operatingIncomeRatio": 0.1287737701, "totalOtherIncomeExpensesNet": 14053000, "incomeBeforeTax": 184722000, "incomeBeforeTaxRatio": 0.1049787652, "incomeTaxExpense": 56543000, "netIncome": 129163000, "netIncomeRatio": 0.0734042088, "eps": 2.68, "epsdiluted": 2.66, "weightedAverageShsOut": 48195149, "weightedAverageShsOutDil": 48557519, "link": "https://www.sec.gov/Archives/edgar/data/916076/000095014405001851/0000950144-05-001851-index.htm", "finalLink": "https://www.sec.gov/Archives/edgar/data/916076/000095014405001851/g93420e10vk.htm", "calculatedOtherExpenses": -12969000, "calculatedOperatingExpenses": 115598000, "calculatedNetInterest": 0, "calculatedOtherIncome": -41870000, "calculatedIncomeNonControlling": -984000, "calculatedEbitda": 359451000}, {"date": "2003-12-31", "symbol": "MLM", "reportedCurrency": "USD", "cik": "0000916076", "fillingDate": "2004-03-15", "acceptedDate": "2004-03-15 12:35:05", "calendarYear": "2003", "period": "FY", "revenue": 1711453000, "costOfRevenue": 1411690000, "grossProfit": 299763000, "grossProfitRatio": 0.1751511727, "researchAndDevelopmentExpenses": 612000, "generalAndAdministrativeExpenses": 114004000, "sellingAndMarketingExpenses": 0, "sellingGeneralAndAdministrativeExpenses": 114004000, "otherExpenses": 0, "operatingExpenses": 114616000, "costAndExpenses": 1526306000, "interestIncome": 0, "interestExpense": 0, "depreciationAndAmortization": 139606000, "ebitda": 325182000, "ebitdaratio": 0.1900034649, "operatingIncome": 185147000, "operatingIncomeRatio": 0.108181177, "totalOtherIncomeExpensesNet": -429000, "incomeBeforeTax": 142131000, "incomeBeforeTaxRatio": 0.0830469782, "incomeTaxExpense": 41047000, "netIncome": 93623000, "netIncomeRatio": 0.0547038102, "eps": 1.91, "epsdiluted": 1.91, "weightedAverageShsOut": 49017277, "weightedAverageShsOutDil": 49017277, "link": "https://www.sec.gov/Archives/edgar/data/916076/000095014404002492/0000950144-04-002492-index.htm", "finalLink": "https://www.sec.gov/Archives/edgar/data/916076/000095014404002492/g87608ke10vk.htm", "calculatedOtherExpenses": 0, "calculatedOperatingExpenses": 114616000, "calculatedNetInterest": 0, "calculatedOtherIncome": -43016000, "calculatedIncomeNonControlling": 7461000, "calculatedEbitda": 324753000}, {"date": "2002-12-31", "symbol": "MLM", "reportedCurrency": "USD", "cik": "0000916076", "fillingDate": "2003-03-27", "acceptedDate": "2003-03-27 16:08:17", "calendarYear": "2002", "period": "FY", "revenue": 1692437000, "costOfRevenue": 1401543000, "grossProfit": 290894000, "grossProfitRatio": 0.171878776, "researchAndDevelopmentExpenses": 369000, "generalAndAdministrativeExpenses": 115836000, "sellingAndMarketingExpenses": 0, "sellingGeneralAndAdministrativeExpenses": 115836000, "otherExpenses": 0, "operatingExpenses": 116205000, "costAndExpenses": 1517748000, "interestIncome": 0, "interestExpense": 0, "depreciationAndAmortization": 138696000, "ebitda": 299776000, "ebitdaratio": 0.1771268295, "operatingIncome": 174689000, "operatingIncomeRatio": 0.1032174314, "totalOtherIncomeExpensesNet": 13609000, "incomeBeforeTax": 144270000, "incomeBeforeTaxRatio": 0.0852439411, "incomeTaxExpense": 46455000, "netIncome": 86315000, "netIncomeRatio": 0.0510004213, "eps": 1.77, "epsdiluted": 1.77, "weightedAverageShsOut": 48759887, "weightedAverageShsOutDil": 48759887, "link": "https://www.sec.gov/Archives/edgar/data/916076/000095014403003919/0000950144-03-003919-index.htm", "finalLink": "https://www.sec.gov/Archives/edgar/data/916076/000095014403003919/g81353e10vk.htm", "calculatedOtherExpenses": 0, "calculatedOperatingExpenses": 116205000, "calculatedNetInterest": 0, "calculatedOtherIncome": -30419000, "calculatedIncomeNonControlling": 11500000, "calculatedEbitda": 313385000}, {"date": "2001-12-31", "symbol": "MLM", "reportedCurrency": "USD", "cik": "0000916076", "fillingDate": "2002-03-27", "acceptedDate": "2002-03-27 00:00:00", "calendarYear": "2001", "period": "FY", "revenue": 1718050000, "costOfRevenue": 1414300000, "grossProfit": 303750000, "grossProfitRatio": 0.1767992783, "researchAndDevelopmentExpenses": 556000, "generalAndAdministrativeExpenses": 105949000, "sellingAndMarketingExpenses": 0, "sellingGeneralAndAdministrativeExpenses": 105949000, "otherExpenses": 0, "operatingExpenses": 106505000, "costAndExpenses": 1520805000, "interestIncome": 0, "interestExpense": 0, "depreciationAndAmortization": 154635000, "ebitda": 343894000, "ebitdaratio": 0.2001653037, "operatingIncome": 197245000, "operatingIncomeRatio": 0.1148074852, "totalOtherIncomeExpensesNet": 7986000, "incomeBeforeTax": 158439000, "incomeBeforeTaxRatio": 0.0922202497, "incomeTaxExpense": 53077000, "netIncome": 105362000, "netIncomeRatio": 0.0613265039, "eps": 2.2, "epsdiluted": 2.19, "weightedAverageShsOut": 47891818, "weightedAverageShsOutDil": 48110502, "link": "https://www.sec.gov/Archives/edgar/data/916076/000095014402002841/0000950144-02-002841-index.htm", "finalLink": "https://www.sec.gov/Archives/edgar/data/916076/000095014402002841/g74909e10-k405.htm", "calculatedOtherExpenses": 0, "calculatedOperatingExpenses": 106505000, "calculatedNetInterest": 0, "calculatedOtherIncome": -38806000, "calculatedIncomeNonControlling": 0, "calculatedEbitda": 351880000}, {"date": "2000-12-31", "symbol": "MLM", "reportedCurrency": "USD", "cik": "0000916076", "fillingDate": "2001-03-22", "acceptedDate": "2001-03-22 00:00:00", "calendarYear": "2000", "period": "FY", "revenue": 1517517000, "costOfRevenue": 1077573000, "grossProfit": 439944000, "grossProfitRatio": 0.289910426, "researchAndDevelopmentExpenses": 2326000, "generalAndAdministrativeExpenses": 98768000, "sellingAndMarketingExpenses": 0, "sellingGeneralAndAdministrativeExpenses": 98768000, "otherExpenses": 136373000, "operatingExpenses": 237467000, "costAndExpenses": 1315040000, "interestIncome": 0, "interestExpense": 0, "depreciationAndAmortization": 136373000, "ebitda": 330611000, "ebitdaratio": 0.2178631277, "operatingIncome": 202477000, "operatingIncomeRatio": 0.1334265119, "totalOtherIncomeExpensesNet": 8239000, "incomeBeforeTax": 168821000, "incomeBeforeTaxRatio": 0.1112481771, "incomeTaxExpense": 56794000, "netIncome": 112027000, "netIncomeRatio": 0.0738225667, "eps": 2.4, "epsdiluted": 2.39, "weightedAverageShsOut": 46677917, "weightedAverageShsOutDil": 46873222, "link": "https://www.sec.gov/Archives/edgar/data/916076/000095014401003808/0000950144-01-003808-index.htm", "finalLink": "https://www.sec.gov/Archives/edgar/data/916076/000095014401003808/g67160e10-k405.htm", "calculatedOtherExpenses": 136373000, "calculatedOperatingExpenses": 237467000, "calculatedNetInterest": 0, "calculatedOtherIncome": -33656000, "calculatedIncomeNonControlling": 0, "calculatedEbitda": 338850000}, {"date": "1999-12-31", "symbol": "MLM", "reportedCurrency": "USD", "cik": "0000916076", "fillingDate": "2000-03-27", "acceptedDate": "2000-03-27 00:00:00", "calendarYear": "1999", "period": "FY", "revenue": 1258800000, "costOfRevenue": 823300000, "grossProfit": 435500000, "grossProfitRatio": 0.3459644105, "researchAndDevelopmentExpenses": 2800000, "generalAndAdministrativeExpenses": 92600000, "sellingAndMarketingExpenses": 0, "sellingGeneralAndAdministrativeExpenses": 92600000, "otherExpenses": 124800000, "operatingExpenses": 220200000, "costAndExpenses": 1043500000, "interestIncome": 0, "interestExpense": 0, "depreciationAndAmortization": 124800000, "ebitda": 321700000, "ebitdaratio": 0.2555608516, "operatingIncome": 215300000, "operatingIncomeRatio": 0.1710359072, "totalOtherIncomeExpensesNet": 18400000, "incomeBeforeTax": 194300000, "incomeBeforeTaxRatio": 0.1543533524, "incomeTaxExpense": 68500000, "netIncome": 125800000, "netIncomeRatio": 0.0999364474, "eps": 2.7, "epsdiluted": 2.68, "weightedAverageShsOut": 46668000, "weightedAverageShsOutDil": 46947000, "link": "https://www.sec.gov/Archives/edgar/data/916076/000095014400003779/0000950144-00-003779-index.html", "finalLink": "https://www.sec.gov/Archives/edgar/data/916076/000095014400003779/", "calculatedOtherExpenses": 124800000, "calculatedOperatingExpenses": 220200000, "calculatedNetInterest": 0, "calculatedOtherIncome": -21000000, "calculatedIncomeNonControlling": 0, "calculatedEbitda": 340100000}, {"date": "1998-12-31", "symbol": "MLM", "reportedCurrency": "USD", "cik": "0000916076", "fillingDate": "1999-03-24", "acceptedDate": "1999-03-24 00:00:00", "calendarYear": "1998", "period": "FY", "revenue": 1057700000, "costOfRevenue": 677200000, "grossProfit": 380500000, "grossProfitRatio": 0.3597428382, "researchAndDevelopmentExpenses": 3100000, "generalAndAdministrativeExpenses": 82000000, "sellingAndMarketingExpenses": 0, "sellingGeneralAndAdministrativeExpenses": 82000000, "otherExpenses": 98800000, "operatingExpenses": 183900000, "costAndExpenses": 861100000, "interestIncome": 0, "interestExpense": 0, "depreciationAndAmortization": 98800000, "ebitda": 294100000, "ebitdaratio": 0.2780561596, "operatingIncome": 196600000, "operatingIncomeRatio": 0.1858750118, "totalOtherIncomeExpensesNet": 1300000, "incomeBeforeTax": 174100000, "incomeBeforeTaxRatio": 0.1646024393, "incomeTaxExpense": 58500000, "netIncome": 115600000, "netIncomeRatio": 0.1092937506, "eps": 2.49, "epsdiluted": 2.48, "weightedAverageShsOut": 46454000, "weightedAverageShsOutDil": 46708000, "link": "https://www.sec.gov/Archives/edgar/data/916076/000095014499003085/0000950144-99-003085-index.html", "finalLink": "https://www.sec.gov/Archives/edgar/data/916076/", "calculatedOtherExpenses": 98800000, "calculatedOperatingExpenses": 183900000, "calculatedNetInterest": 0, "calculatedOtherIncome": -22500000, "calculatedIncomeNonControlling": 0, "calculatedEbitda": 295400000}, {"date": "1997-12-31", "symbol": "MLM", "reportedCurrency": "USD", "cik": "0000916076", "fillingDate": "1998-03-30", "acceptedDate": "1998-03-30 00:00:00", "calendarYear": "1997", "period": "FY", "revenue": 900900000, "costOfRevenue": 585900000, "grossProfit": 315000000, "grossProfitRatio": 0.3496503497, "researchAndDevelopmentExpenses": 3400000, "generalAndAdministrativeExpenses": 69100000, "sellingAndMarketingExpenses": 0, "sellingGeneralAndAdministrativeExpenses": 69100000, "otherExpenses": 79700000, "operatingExpenses": 152200000, "costAndExpenses": 738100000, "interestIncome": 0, "interestExpense": 0, "depreciationAndAmortization": 79700000, "ebitda": 237200000, "ebitdaratio": 0.2632922633, "operatingIncome": 162800000, "operatingIncomeRatio": 0.1807081807, "totalOtherIncomeExpensesNet": 5300000, "incomeBeforeTax": 151200000, "incomeBeforeTaxRatio": 0.1678321678, "incomeTaxExpense": 52700000, "netIncome": 98500000, "netIncomeRatio": 0.1093351093, "eps": 2.14, "epsdiluted": 2.13, "weightedAverageShsOut": 46028037, "weightedAverageShsOutDil": 46244131, "link": "https://www.sec.gov/Archives/edgar/data/916076/000095014498003632/0000950144-98-003632-index.html", "finalLink": "https://www.sec.gov/Archives/edgar/data/916076/", "calculatedOtherExpenses": 79700000, "calculatedOperatingExpenses": 152200000, "calculatedNetInterest": 0, "calculatedOtherIncome": -11600000, "calculatedIncomeNonControlling": 0, "calculatedEbitda": 242500000}, {"date": "1996-12-31", "symbol": "MLM", "reportedCurrency": "USD", "cik": "0000916076", "fillingDate": "1997-03-25", "acceptedDate": "1997-03-25 00:00:00", "calendarYear": "1996", "period": "FY", "revenue": 721900000, "costOfRevenue": 478200000, "grossProfit": 243700000, "grossProfitRatio": 0.3375813825, "researchAndDevelopmentExpenses": 1900000, "generalAndAdministrativeExpenses": 59900000, "sellingAndMarketingExpenses": 0, "sellingGeneralAndAdministrativeExpenses": 59900000, "otherExpenses": 61200000, "operatingExpenses": 123000000, "costAndExpenses": 601200000, "interestIncome": 0, "interestExpense": 0, "depreciationAndAmortization": 61200000, "ebitda": 173500000, "ebitdaratio": 0.240337997, "operatingIncome": 120700000, "operatingIncomeRatio": 0.1671976728, "totalOtherIncomeExpensesNet": 8400000, "incomeBeforeTax": 118900000, "incomeBeforeTaxRatio": 0.1647042527, "incomeTaxExpense": 40300000, "netIncome": 78600000, "netIncomeRatio": 0.1088793462, "eps": 1.71, "epsdiluted": 1.71, "weightedAverageShsOut": 45964912, "weightedAverageShsOutDil": 45964912, "link": "https://www.sec.gov/Archives/edgar/data/916076/000095014497002806/0000950144-97-002806-index.html", "finalLink": "https://www.sec.gov/Archives/edgar/data/916076/", "calculatedOtherExpenses": 61200000, "calculatedOperatingExpenses": 123000000, "calculatedNetInterest": 0, "calculatedOtherIncome": -1800000, "calculatedIncomeNonControlling": 0, "calculatedEbitda": 181900000}, {"date": "1995-12-31", "symbol": "MLM", "reportedCurrency": "USD", "cik": "0000916076", "fillingDate": "1995-12-31", "acceptedDate": "1995-12-30 19:00:00", "calendarYear": "1995", "period": "FY", "revenue": 664400000, "costOfRevenue": 441500000, "grossProfit": 222900000, "grossProfitRatio": 0.3354906683, "researchAndDevelopmentExpenses": 1900000, "generalAndAdministrativeExpenses": 0, "sellingAndMarketingExpenses": 0, "sellingGeneralAndAdministrativeExpenses": 57700000, "otherExpenses": 113400000, "operatingExpenses": 115300000, "costAndExpenses": 556800000, "interestIncome": 0, "interestExpense": 0, "depreciationAndAmortization": 55700000, "ebitda": 157300000, "ebitdaratio": 0.2367549669, "operatingIncome": 107600000, "operatingIncomeRatio": 0.1619506321, "totalOtherIncomeExpensesNet": 6000000, "incomeBeforeTax": 103800000, "incomeBeforeTaxRatio": 0.156231186, "incomeTaxExpense": 36200000, "netIncome": 67600000, "netIncomeRatio": 0.1017459362, "eps": 1.47, "epsdiluted": 1.47, "weightedAverageShsOut": 45986395, "weightedAverageShsOutDil": 45986395, "link": "", "finalLink": "", "calculatedOtherExpenses": 55700000, "calculatedOperatingExpenses": 115300000, "calculatedNetInterest": 0, "calculatedOtherIncome": -3800000, "calculatedIncomeNonControlling": 0, "calculatedEbitda": 163300000}, {"date": "1994-12-31", "symbol": "MLM", "reportedCurrency": "USD", "cik": "0000916076", "fillingDate": "1994-12-31", "acceptedDate": "1994-12-30 19:00:00", "calendarYear": "1994", "period": "FY", "revenue": 501700000, "costOfRevenue": 319700000, "grossProfit": 182000000, "grossProfitRatio": 0.3627665936, "researchAndDevelopmentExpenses": 0, "generalAndAdministrativeExpenses": 0, "sellingAndMarketingExpenses": 0, "sellingGeneralAndAdministrativeExpenses": 47300000, "otherExpenses": 90100000, "operatingExpenses": 90100000, "costAndExpenses": 409800000, "interestIncome": 0, "interestExpense": 0, "depreciationAndAmortization": 42800000, "ebitda": 129300000, "ebitdaratio": 0.2577237393, "operatingIncome": 91900000, "operatingIncomeRatio": 0.1831771975, "totalOtherIncomeExpensesNet": 5400000, "incomeBeforeTax": 90400000, "incomeBeforeTaxRatio": 0.180187363, "incomeTaxExpense": 32100000, "netIncome": 53700000, "netIncomeRatio": 0.1070360773, "eps": 1.19, "epsdiluted": 1.19, "weightedAverageShsOut": 45126050, "weightedAverageShsOutDil": 45126050, "link": "", "finalLink": "", "calculatedOtherExpenses": 42800000, "calculatedOperatingExpenses": 90100000, "calculatedNetInterest": 0, "calculatedOtherIncome": -1500000, "calculatedIncomeNonControlling": 4600000, "calculatedEbitda": 134700000}]}