{"originalCurrency": "USD", "convertedCurrency": "USD", "report": [{"date": "2023-12-31", "symbol": "MMM", "reportedCurrency": "USD", "cik": "0000066740", "fillingDate": "2024-02-07", "acceptedDate": "2024-02-07 09:25:16", "calendarYear": "2023", "period": "FY", "revenue": 32681000000, "costOfRevenue": 18477000000, "grossProfit": 14204000000, "grossProfitRatio": 0.4346256235, "researchAndDevelopmentExpenses": 1842000000, "generalAndAdministrativeExpenses": 21397000000, "sellingAndMarketingExpenses": 0, "sellingGeneralAndAdministrativeExpenses": 21397000000, "otherExpenses": 0, "operatingExpenses": 23239000000, "costAndExpenses": 41716000000, "interestIncome": 253000000, "interestExpense": 942000000, "depreciationAndAmortization": 1987000000, "ebitda": -6795000000, "ebitdaratio": -0.2079189743, "operatingIncome": -9128000000, "operatingIncomeRatio": -0.2793060188, "totalOtherIncomeExpensesNet": 36000000, "incomeBeforeTax": -9688000000, "incomeBeforeTaxRatio": -0.2964413574, "incomeTaxExpense": -2691000000, "netIncome": -6995000000, "netIncomeRatio": -0.2140387381, "eps": -12.63, "epsdiluted": -12.63, "weightedAverageShsOut": 553900000, "weightedAverageShsOutDil": 553900000, "link": "https://www.sec.gov/Archives/edgar/data/66740/000006674024000016/0000066740-24-000016-index.htm", "finalLink": "https://www.sec.gov/Archives/edgar/data/66740/000006674024000016/mmm-20231231.htm", "calculatedOtherExpenses": 93000000, "calculatedOperatingExpenses": 23332000000, "calculatedNetInterest": -689000000, "calculatedOtherIncome": 129000000, "calculatedIncomeNonControlling": -2000000, "calculatedEbitda": -7141000000}, {"date": "2022-12-31", "symbol": "MMM", "reportedCurrency": "USD", "cik": "0000066740", "fillingDate": "2023-02-08", "acceptedDate": "2023-02-08 12:59:49", "calendarYear": "2022", "period": "FY", "revenue": 34229000000, "costOfRevenue": 19232000000, "grossProfit": 14997000000, "grossProfitRatio": 0.438137252, "researchAndDevelopmentExpenses": 1862000000, "generalAndAdministrativeExpenses": 8801000000, "sellingAndMarketingExpenses": 248000000, "sellingGeneralAndAdministrativeExpenses": 9049000000, "otherExpenses": -147000000, "operatingExpenses": 10911000000, "costAndExpenses": 30143000000, "interestIncome": 67000000, "interestExpense": 462000000, "depreciationAndAmortization": 1831000000, "ebitda": 8370000000, "ebitdaratio": 0.2445294925, "operatingIncome": 6539000000, "operatingIncomeRatio": 0.1910368401, "totalOtherIncomeExpensesNet": -147000000, "incomeBeforeTax": 6392000000, "incomeBeforeTaxRatio": 0.1867422361, "incomeTaxExpense": 612000000, "netIncome": 5777000000, "netIncomeRatio": 0.1687750153, "eps": 10.21, "epsdiluted": 10.18, "weightedAverageShsOut": 566000000, "weightedAverageShsOutDil": 567600000, "link": "https://www.sec.gov/Archives/edgar/data/66740/000006674023000014/0000066740-23-000014-index.htm", "finalLink": "https://www.sec.gov/Archives/edgar/data/66740/000006674023000014/mmm-20221231.htm", "calculatedOtherExpenses": -2453000000, "calculatedOperatingExpenses": 8458000000, "calculatedNetInterest": -395000000, "calculatedOtherIncome": 248000000, "calculatedIncomeNonControlling": 3000000, "calculatedEbitda": 8370000000}, {"date": "2021-12-31", "symbol": "MMM", "reportedCurrency": "USD", "cik": "0000066740", "fillingDate": "2022-02-09", "acceptedDate": "2022-02-09 15:13:29", "calendarYear": "2021", "period": "FY", "revenue": 35355000000, "costOfRevenue": 18795000000, "grossProfit": 16560000000, "grossProfitRatio": 0.4683920238, "researchAndDevelopmentExpenses": 1994000000, "generalAndAdministrativeExpenses": 7197000000, "sellingAndMarketingExpenses": 0, "sellingGeneralAndAdministrativeExpenses": 7197000000, "otherExpenses": -165000000, "operatingExpenses": 9191000000, "costAndExpenses": 27986000000, "interestIncome": 26000000, "interestExpense": 488000000, "depreciationAndAmortization": 1915000000, "ebitda": 7369000000, "ebitdaratio": 0.2084287937, "operatingIncome": 5454000000, "operatingIncomeRatio": 0.1542638948, "totalOtherIncomeExpensesNet": 1750000000, "incomeBeforeTax": 7204000000, "incomeBeforeTaxRatio": 0.2037618442, "incomeTaxExpense": 1285000000, "netIncome": 5921000000, "netIncomeRatio": 0.1674727761, "eps": 10.23, "epsdiluted": 10.12, "weightedAverageShsOut": 579000000, "weightedAverageShsOutDil": 585300000, "link": "https://www.sec.gov/Archives/edgar/data/66740/000006674022000010/0000066740-22-000010-index.htm", "finalLink": "https://www.sec.gov/Archives/edgar/data/66740/000006674022000010/mmm-20211231.htm", "calculatedOtherExpenses": 1915000000, "calculatedOperatingExpenses": 11106000000, "calculatedNetInterest": -462000000, "calculatedOtherIncome": 2212000000, "calculatedIncomeNonControlling": -2000000, "calculatedEbitda": 7369000000}, {"date": "2020-12-31", "symbol": "MMM", "reportedCurrency": "USD", "cik": "0000066740", "fillingDate": "2021-02-04", "acceptedDate": "2021-02-04 13:53:11", "calendarYear": "2020", "period": "FY", "revenue": 32184000000, "costOfRevenue": 16605000000, "grossProfit": 15579000000, "grossProfitRatio": 0.4840604027, "researchAndDevelopmentExpenses": 1878000000, "generalAndAdministrativeExpenses": 6929000000, "sellingAndMarketingExpenses": 0, "sellingGeneralAndAdministrativeExpenses": 6929000000, "otherExpenses": -450000000, "operatingExpenses": 8807000000, "costAndExpenses": 25412000000, "interestIncome": 29000000, "interestExpense": 529000000, "depreciationAndAmortization": 1911000000, "ebitda": 6383000000, "ebitdaratio": 0.1983283619, "operatingIncome": 4472000000, "operatingIncomeRatio": 0.1389510316, "totalOtherIncomeExpensesNet": 2239000000, "incomeBeforeTax": 6711000000, "incomeBeforeTaxRatio": 0.2085197614, "incomeTaxExpense": 1318000000, "netIncome": 5449000000, "netIncomeRatio": 0.1693077305, "eps": 9.43, "epsdiluted": 9.36, "weightedAverageShsOut": 577600000, "weightedAverageShsOutDil": 582200000, "link": "https://www.sec.gov/Archives/edgar/data/66740/000155837021000737/0001558370-21-000737-index.htm", "finalLink": "https://www.sec.gov/Archives/edgar/data/66740/000155837021000737/mmm-20201231x10k.htm", "calculatedOtherExpenses": 2300000000, "calculatedOperatingExpenses": 11107000000, "calculatedNetInterest": -500000000, "calculatedOtherIncome": 2739000000, "calculatedIncomeNonControlling": -56000000, "calculatedEbitda": 6383000000}, {"date": "2019-12-31", "symbol": "MMM", "reportedCurrency": "USD", "cik": "0000066740", "fillingDate": "2020-02-06", "acceptedDate": "2020-02-06 16:16:31", "calendarYear": "2019", "period": "FY", "revenue": 32136000000, "costOfRevenue": 17136000000, "grossProfit": 15000000000, "grossProfitRatio": 0.4667662435, "researchAndDevelopmentExpenses": 1911000000, "generalAndAdministrativeExpenses": 7029000000, "sellingAndMarketingExpenses": 0, "sellingGeneralAndAdministrativeExpenses": 7029000000, "otherExpenses": -462000000, "operatingExpenses": 8940000000, "costAndExpenses": 26076000000, "interestIncome": 80000000, "interestExpense": 448000000, "depreciationAndAmortization": 1593000000, "ebitda": 5946000000, "ebitdaratio": 0.1850261389, "operatingIncome": 4353000000, "operatingIncomeRatio": 0.1354555639, "totalOtherIncomeExpensesNet": 1359000000, "incomeBeforeTax": 5712000000, "incomeBeforeTaxRatio": 0.1777445855, "incomeTaxExpense": 1130000000, "netIncome": 4570000000, "netIncomeRatio": 0.1422081155, "eps": 7.92, "epsdiluted": 7.81, "weightedAverageShsOut": 577000000, "weightedAverageShsOutDil": 585100000, "link": "https://www.sec.gov/Archives/edgar/data/66740/000155837020000581/0001558370-20-000581-index.htm", "finalLink": "https://www.sec.gov/Archives/edgar/data/66740/000155837020000581/mmm-20191231x10k62bf35.htm", "calculatedOtherExpenses": 1707000000, "calculatedOperatingExpenses": 10647000000, "calculatedNetInterest": -368000000, "calculatedOtherIncome": 1727000000, "calculatedIncomeNonControlling": 12000000, "calculatedEbitda": 5946000000}, {"date": "2018-12-31", "symbol": "MMM", "reportedCurrency": "USD", "cik": "0000066740", "fillingDate": "2019-02-07", "acceptedDate": "2019-02-07 17:15:37", "calendarYear": "2018", "period": "FY", "revenue": 32765000000, "costOfRevenue": 16682000000, "grossProfit": 16083000000, "grossProfitRatio": 0.4908591485, "researchAndDevelopmentExpenses": 1821000000, "generalAndAdministrativeExpenses": 7602000000, "sellingAndMarketingExpenses": 0, "sellingGeneralAndAdministrativeExpenses": 7602000000, "otherExpenses": -207000000, "operatingExpenses": 9423000000, "costAndExpenses": 26105000000, "interestIncome": 70000000, "interestExpense": 350000000, "depreciationAndAmortization": 1488000000, "ebitda": 8695000000, "ebitdaratio": 0.2653746376, "operatingIncome": 7207000000, "operatingIncomeRatio": 0.2199603235, "totalOtherIncomeExpensesNet": -207000000, "incomeBeforeTax": 7000000000, "incomeBeforeTaxRatio": 0.2136426064, "incomeTaxExpense": 1637000000, "netIncome": 5349000000, "netIncomeRatio": 0.1632534717, "eps": 9.09, "epsdiluted": 8.89, "weightedAverageShsOut": 588500000, "weightedAverageShsOutDil": 602000000, "link": "https://www.sec.gov/Archives/edgar/data/66740/000155837019000470/0001558370-19-000470-index.htm", "finalLink": "https://www.sec.gov/Archives/edgar/data/66740/000155837019000470/mmm-20181231x10k.htm", "calculatedOtherExpenses": -547000000, "calculatedOperatingExpenses": 8876000000, "calculatedNetInterest": -280000000, "calculatedOtherIncome": 73000000, "calculatedIncomeNonControlling": 14000000, "calculatedEbitda": 8695000000}, {"date": "2017-12-31", "symbol": "MMM", "reportedCurrency": "USD", "cik": "0000066740", "fillingDate": "2018-02-08", "acceptedDate": "2018-02-08 17:14:52", "calendarYear": "2017", "period": "FY", "revenue": 31657000000, "costOfRevenue": 16001000000, "grossProfit": 15656000000, "grossProfitRatio": 0.4945509682, "researchAndDevelopmentExpenses": 1850000000, "generalAndAdministrativeExpenses": 6572000000, "sellingAndMarketingExpenses": 0, "sellingGeneralAndAdministrativeExpenses": 6572000000, "otherExpenses": -272000000, "operatingExpenses": 8422000000, "costAndExpenses": 24423000000, "interestIncome": 50000000, "interestExpense": 322000000, "depreciationAndAmortization": 1544000000, "ebitda": 9364000000, "ebitdaratio": 0.2957955586, "operatingIncome": 7820000000, "operatingIncomeRatio": 0.2470227754, "totalOtherIncomeExpensesNet": -272000000, "incomeBeforeTax": 7548000000, "incomeBeforeTaxRatio": 0.2384306788, "incomeTaxExpense": 2679000000, "netIncome": 4858000000, "netIncomeRatio": 0.1534573712, "eps": 8.13, "epsdiluted": 7.93, "weightedAverageShsOut": 597500000, "weightedAverageShsOutDil": 612700000, "link": "https://www.sec.gov/Archives/edgar/data/66740/000155837018000535/0001558370-18-000535-index.htm", "finalLink": "https://www.sec.gov/Archives/edgar/data/66740/000155837018000535/mmm-20171231x10k.htm", "calculatedOtherExpenses": -586000000, "calculatedOperatingExpenses": 7836000000, "calculatedNetInterest": -272000000, "calculatedOtherIncome": 0, "calculatedIncomeNonControlling": 11000000, "calculatedEbitda": 9364000000}, {"date": "2016-12-31", "symbol": "MMM", "reportedCurrency": "USD", "cik": "0000066740", "fillingDate": "2017-02-09", "acceptedDate": "2017-02-09 16:56:52", "calendarYear": "2016", "period": "FY", "revenue": 30109000000, "costOfRevenue": 15040000000, "grossProfit": 15069000000, "grossProfitRatio": 0.5004815836, "researchAndDevelopmentExpenses": 1735000000, "generalAndAdministrativeExpenses": 6111000000, "sellingAndMarketingExpenses": 0, "sellingGeneralAndAdministrativeExpenses": 6111000000, "otherExpenses": 0, "operatingExpenses": 7846000000, "costAndExpenses": 22886000000, "interestIncome": 29000000, "interestExpense": 199000000, "depreciationAndAmortization": 1474000000, "ebitda": 8697000000, "ebitdaratio": 0.2888505098, "operatingIncome": 7223000000, "operatingIncomeRatio": 0.239895048, "totalOtherIncomeExpensesNet": -170000000, "incomeBeforeTax": 7053000000, "incomeBeforeTaxRatio": 0.2342488957, "incomeTaxExpense": 1995000000, "netIncome": 5050000000, "netIncomeRatio": 0.1677239364, "eps": 8.35, "epsdiluted": 8.16, "weightedAverageShsOut": 604700000, "weightedAverageShsOutDil": 618700000, "link": "https://www.sec.gov/Archives/edgar/data/66740/000155837017000479/0001558370-17-000479-index.htm", "finalLink": "https://www.sec.gov/Archives/edgar/data/66740/000155837017000479/mmm-20161231x10k.htm", "calculatedOtherExpenses": 0, "calculatedOperatingExpenses": 7846000000, "calculatedNetInterest": -170000000, "calculatedOtherIncome": 0, "calculatedIncomeNonControlling": 8000000, "calculatedEbitda": 8697000000}, {"date": "2015-12-31", "symbol": "MMM", "reportedCurrency": "USD", "cik": "0000066740", "fillingDate": "2016-02-11", "acceptedDate": "2016-02-11 17:16:40", "calendarYear": "2015", "period": "FY", "revenue": 30274000000, "costOfRevenue": 15383000000, "grossProfit": 14891000000, "grossProfitRatio": 0.4918742155, "researchAndDevelopmentExpenses": 1763000000, "generalAndAdministrativeExpenses": 6182000000, "sellingAndMarketingExpenses": 0, "sellingGeneralAndAdministrativeExpenses": 6182000000, "otherExpenses": 0, "operatingExpenses": 7945000000, "costAndExpenses": 23328000000, "interestIncome": 26000000, "interestExpense": 149000000, "depreciationAndAmortization": 1435000000, "ebitda": 8381000000, "ebitdaratio": 0.276838211, "operatingIncome": 6946000000, "operatingIncomeRatio": 0.2294378014, "totalOtherIncomeExpensesNet": -123000000, "incomeBeforeTax": 6823000000, "incomeBeforeTaxRatio": 0.2253749092, "incomeTaxExpense": 1982000000, "netIncome": 4833000000, "netIncomeRatio": 0.159641937, "eps": 7.73, "epsdiluted": 7.58, "weightedAverageShsOut": 625600000, "weightedAverageShsOutDil": 637200000, "link": "https://www.sec.gov/Archives/edgar/data/66740/000155837016003162/0001558370-16-003162-index.htm", "finalLink": "https://www.sec.gov/Archives/edgar/data/66740/000155837016003162/mmm-20151231x10k.htm", "calculatedOtherExpenses": 0, "calculatedOperatingExpenses": 7945000000, "calculatedNetInterest": -123000000, "calculatedOtherIncome": 0, "calculatedIncomeNonControlling": 8000000, "calculatedEbitda": 8381000000}, {"date": "2014-12-31", "symbol": "MMM", "reportedCurrency": "USD", "cik": "0000066740", "fillingDate": "2015-02-12", "acceptedDate": "2015-02-12 17:09:33", "calendarYear": "2014", "period": "FY", "revenue": 31821000000, "costOfRevenue": 16447000000, "grossProfit": 15374000000, "grossProfitRatio": 0.4831400647, "researchAndDevelopmentExpenses": 1770000000, "generalAndAdministrativeExpenses": 6469000000, "sellingAndMarketingExpenses": 0, "sellingGeneralAndAdministrativeExpenses": 6469000000, "otherExpenses": 0, "operatingExpenses": 8239000000, "costAndExpenses": 24686000000, "interestIncome": 33000000, "interestExpense": 142000000, "depreciationAndAmortization": 1408000000, "ebitda": 8543000000, "ebitdaratio": 0.2684705069, "operatingIncome": 7135000000, "operatingIncomeRatio": 0.2242229974, "totalOtherIncomeExpensesNet": -109000000, "incomeBeforeTax": 7026000000, "incomeBeforeTaxRatio": 0.2207975865, "incomeTaxExpense": 2028000000, "netIncome": 4956000000, "netIncomeRatio": 0.1557462053, "eps": 7.63, "epsdiluted": 7.49, "weightedAverageShsOut": 649200000, "weightedAverageShsOutDil": 662000000, "link": "https://www.sec.gov/Archives/edgar/data/66740/000110465915009560/0001104659-15-009560-index.htm", "finalLink": "https://www.sec.gov/Archives/edgar/data/66740/000110465915009560/a15-1770_110k.htm", "calculatedOtherExpenses": 0, "calculatedOperatingExpenses": 8239000000, "calculatedNetInterest": -109000000, "calculatedOtherIncome": 0, "calculatedIncomeNonControlling": 42000000, "calculatedEbitda": 8543000000}, {"date": "2013-12-31", "symbol": "MMM", "reportedCurrency": "USD", "cik": "0000066740", "fillingDate": "2014-02-13", "acceptedDate": "2014-02-13 16:16:20", "calendarYear": "2013", "period": "FY", "revenue": 30871000000, "costOfRevenue": 16106000000, "grossProfit": 14765000000, "grossProfitRatio": 0.478280587, "researchAndDevelopmentExpenses": 1715000000, "generalAndAdministrativeExpenses": 6384000000, "sellingAndMarketingExpenses": 0, "sellingGeneralAndAdministrativeExpenses": 6384000000, "otherExpenses": 0, "operatingExpenses": 8099000000, "costAndExpenses": 24205000000, "interestIncome": 41000000, "interestExpense": 145000000, "depreciationAndAmortization": 1371000000, "ebitda": 8037000000, "ebitdaratio": 0.2603414208, "operatingIncome": 6666000000, "operatingIncomeRatio": 0.2159308088, "totalOtherIncomeExpensesNet": -104000000, "incomeBeforeTax": 6562000000, "incomeBeforeTaxRatio": 0.2125619513, "incomeTaxExpense": 1841000000, "netIncome": 4659000000, "netIncomeRatio": 0.1509183376, "eps": 6.83, "epsdiluted": 6.72, "weightedAverageShsOut": 681900000, "weightedAverageShsOutDil": 693600000, "link": "https://www.sec.gov/Archives/edgar/data/66740/000110465914009773/0001104659-14-009773-index.htm", "finalLink": "https://www.sec.gov/Archives/edgar/data/66740/000110465914009773/a14-5644_110k.htm", "calculatedOtherExpenses": 0, "calculatedOperatingExpenses": 8099000000, "calculatedNetInterest": -104000000, "calculatedOtherIncome": 0, "calculatedIncomeNonControlling": 62000000, "calculatedEbitda": 8037000000}, {"date": "2012-12-31", "symbol": "MMM", "reportedCurrency": "USD", "cik": "0000066740", "fillingDate": "2013-02-14", "acceptedDate": "2013-02-14 16:28:05", "calendarYear": "2012", "period": "FY", "revenue": 29904000000, "costOfRevenue": 15685000000, "grossProfit": 14219000000, "grossProfitRatio": 0.475488229, "researchAndDevelopmentExpenses": 1634000000, "generalAndAdministrativeExpenses": 6102000000, "sellingAndMarketingExpenses": 0, "sellingGeneralAndAdministrativeExpenses": 6102000000, "otherExpenses": 0, "operatingExpenses": 7736000000, "costAndExpenses": 23421000000, "interestIncome": 39000000, "interestExpense": 171000000, "depreciationAndAmortization": 1288000000, "ebitda": 7771000000, "ebitdaratio": 0.259864901, "operatingIncome": 6483000000, "operatingIncomeRatio": 0.21679374, "totalOtherIncomeExpensesNet": -132000000, "incomeBeforeTax": 6351000000, "incomeBeforeTaxRatio": 0.2123796148, "incomeTaxExpense": 1840000000, "netIncome": 4444000000, "netIncomeRatio": 0.1486088818, "eps": 6.4, "epsdiluted": 6.32, "weightedAverageShsOut": 693900000, "weightedAverageShsOutDil": 703300000, "link": "https://www.sec.gov/Archives/edgar/data/66740/000110465913010881/0001104659-13-010881-index.htm", "finalLink": "https://www.sec.gov/Archives/edgar/data/66740/000110465913010881/a13-1203_110k.htm", "calculatedOtherExpenses": 0, "calculatedOperatingExpenses": 7736000000, "calculatedNetInterest": -132000000, "calculatedOtherIncome": 0, "calculatedIncomeNonControlling": 67000000, "calculatedEbitda": 7771000000}, {"date": "2011-12-31", "symbol": "MMM", "reportedCurrency": "USD", "cik": "0000066740", "fillingDate": "2012-02-16", "acceptedDate": "2012-02-16 15:42:31", "calendarYear": "2011", "period": "FY", "revenue": 29611000000, "costOfRevenue": 15693000000, "grossProfit": 13918000000, "grossProfitRatio": 0.4700280301, "researchAndDevelopmentExpenses": 1570000000, "generalAndAdministrativeExpenses": 0, "sellingAndMarketingExpenses": 0, "sellingGeneralAndAdministrativeExpenses": 6170000000, "otherExpenses": 0, "operatingExpenses": 7740000000, "costAndExpenses": 23433000000, "interestIncome": 39000000, "interestExpense": 186000000, "depreciationAndAmortization": 1236000000, "ebitda": 7414000000, "ebitdaratio": 0.2503799264, "operatingIncome": 6178000000, "operatingIncomeRatio": 0.2086386816, "totalOtherIncomeExpensesNet": -147000000, "incomeBeforeTax": 6031000000, "incomeBeforeTaxRatio": 0.2036743102, "incomeTaxExpense": 1674000000, "netIncome": 4283000000, "netIncomeRatio": 0.1446421938, "eps": 6.05, "epsdiluted": 5.96, "weightedAverageShsOut": 708500000, "weightedAverageShsOutDil": 719000000, "link": "https://www.sec.gov/Archives/edgar/data/66740/000110465912010566/0001104659-12-010566-index.htm", "finalLink": "https://www.sec.gov/Archives/edgar/data/66740/000110465912010566/a11-31280_110k.htm", "calculatedOtherExpenses": 0, "calculatedOperatingExpenses": 7740000000, "calculatedNetInterest": -147000000, "calculatedOtherIncome": 0, "calculatedIncomeNonControlling": 74000000, "calculatedEbitda": 7414000000}, {"date": "2010-12-31", "symbol": "MMM", "reportedCurrency": "USD", "cik": "0000066740", "fillingDate": "2011-02-16", "acceptedDate": "2011-02-16 17:18:34", "calendarYear": "2010", "period": "FY", "revenue": 26662000000, "costOfRevenue": 13831000000, "grossProfit": 12831000000, "grossProfitRatio": 0.4812467182, "researchAndDevelopmentExpenses": 1434000000, "generalAndAdministrativeExpenses": 0, "sellingAndMarketingExpenses": 0, "sellingGeneralAndAdministrativeExpenses": 5479000000, "otherExpenses": 0, "operatingExpenses": 6913000000, "costAndExpenses": 20744000000, "interestIncome": 38000000, "interestExpense": 201000000, "depreciationAndAmortization": 1120000000, "ebitda": 7038000000, "ebitdaratio": 0.263971195, "operatingIncome": 5918000000, "operatingIncomeRatio": 0.2219638437, "totalOtherIncomeExpensesNet": -163000000, "incomeBeforeTax": 5755000000, "incomeBeforeTaxRatio": 0.2158502738, "incomeTaxExpense": 1592000000, "netIncome": 4085000000, "netIncomeRatio": 0.1532143125, "eps": 5.72, "epsdiluted": 5.63, "weightedAverageShsOut": 713700000, "weightedAverageShsOutDil": 725500000, "link": "https://www.sec.gov/Archives/edgar/data/66740/000110465911007845/0001104659-11-007845-index.htm", "finalLink": "https://www.sec.gov/Archives/edgar/data/66740/000110465911007845/a11-2060_110k.htm", "calculatedOtherExpenses": 0, "calculatedOperatingExpenses": 6913000000, "calculatedNetInterest": -163000000, "calculatedOtherIncome": 0, "calculatedIncomeNonControlling": 78000000, "calculatedEbitda": 7038000000}, {"date": "2009-12-31", "symbol": "MMM", "reportedCurrency": "USD", "cik": "0000066740", "fillingDate": "2010-02-16", "acceptedDate": "2010-02-16 15:07:30", "calendarYear": "2009", "period": "FY", "revenue": 23123000000, "costOfRevenue": 12109000000, "grossProfit": 11014000000, "grossProfitRatio": 0.4763222765, "researchAndDevelopmentExpenses": 1293000000, "generalAndAdministrativeExpenses": 0, "sellingAndMarketingExpenses": 0, "sellingGeneralAndAdministrativeExpenses": 4907000000, "otherExpenses": 0, "operatingExpenses": 6200000000, "costAndExpenses": 18309000000, "interestIncome": 37000000, "interestExpense": 219000000, "depreciationAndAmortization": 1157000000, "ebitda": 5971000000, "ebitdaratio": 0.2582277386, "operatingIncome": 4814000000, "operatingIncomeRatio": 0.2081909787, "totalOtherIncomeExpensesNet": -182000000, "incomeBeforeTax": 4632000000, "incomeBeforeTaxRatio": 0.2003200277, "incomeTaxExpense": 1388000000, "netIncome": 3193000000, "netIncomeRatio": 0.1380876184, "eps": 4.56, "epsdiluted": 4.52, "weightedAverageShsOut": 700500000, "weightedAverageShsOutDil": 706700000, "link": "https://www.sec.gov/Archives/edgar/data/66740/000110465910007295/0001104659-10-007295-index.htm", "finalLink": "https://www.sec.gov/Archives/edgar/data/66740/000110465910007295/a09-35783_110k.htm", "calculatedOtherExpenses": 0, "calculatedOperatingExpenses": 6200000000, "calculatedNetInterest": -182000000, "calculatedOtherIncome": 0, "calculatedIncomeNonControlling": 51000000, "calculatedEbitda": 5971000000}, {"date": "2008-12-31", "symbol": "MMM", "reportedCurrency": "USD", "cik": "0000066740", "fillingDate": "2009-02-17", "acceptedDate": "2009-02-13 20:17:40", "calendarYear": "2008", "period": "FY", "revenue": 25269000000, "costOfRevenue": 13379000000, "grossProfit": 11890000000, "grossProfitRatio": 0.4705370216, "researchAndDevelopmentExpenses": 1404000000, "generalAndAdministrativeExpenses": 0, "sellingAndMarketingExpenses": 0, "sellingGeneralAndAdministrativeExpenses": 5245000000, "otherExpenses": 0, "operatingExpenses": 6649000000, "costAndExpenses": 20028000000, "interestIncome": 105000000, "interestExpense": 215000000, "depreciationAndAmortization": 1153000000, "ebitda": 6371000000, "ebitdaratio": 0.2521271123, "operatingIncome": 5218000000, "operatingIncomeRatio": 0.2064980807, "totalOtherIncomeExpensesNet": -110000000, "incomeBeforeTax": 5108000000, "incomeBeforeTaxRatio": 0.2021449207, "incomeTaxExpense": 1588000000, "netIncome": 3460000000, "netIncomeRatio": 0.136926669, "eps": 4.95, "epsdiluted": 4.89, "weightedAverageShsOut": 699200000, "weightedAverageShsOutDil": 707200000, "link": "https://www.sec.gov/Archives/edgar/data/66740/000110465909009669/0001104659-09-009669-index.htm", "finalLink": "https://www.sec.gov/Archives/edgar/data/66740/000110465909009669/a09-1282_110k.htm", "calculatedOtherExpenses": 23000000, "calculatedOperatingExpenses": 6672000000, "calculatedNetInterest": -110000000, "calculatedOtherIncome": 0, "calculatedIncomeNonControlling": 60000000, "calculatedEbitda": 6371000000}, {"date": "2007-12-31", "symbol": "MMM", "reportedCurrency": "USD", "cik": "0000066740", "fillingDate": "2008-02-15", "acceptedDate": "2008-02-15 17:23:33", "calendarYear": "2007", "period": "FY", "revenue": 24462000000, "costOfRevenue": 12735000000, "grossProfit": 11727000000, "grossProfitRatio": 0.4793966152, "researchAndDevelopmentExpenses": 1368000000, "generalAndAdministrativeExpenses": 0, "sellingAndMarketingExpenses": 0, "sellingGeneralAndAdministrativeExpenses": 5015000000, "otherExpenses": 0, "operatingExpenses": 6383000000, "costAndExpenses": 19118000000, "interestIncome": 132000000, "interestExpense": 210000000, "depreciationAndAmortization": 1072000000, "ebitda": 7265000000, "ebitdaratio": 0.2969912517, "operatingIncome": 6193000000, "operatingIncomeRatio": 0.2531681792, "totalOtherIncomeExpensesNet": -78000000, "incomeBeforeTax": 6115000000, "incomeBeforeTaxRatio": 0.2499795601, "incomeTaxExpense": 1964000000, "netIncome": 4096000000, "netIncomeRatio": 0.1674433816, "eps": 5.7, "epsdiluted": 5.6, "weightedAverageShsOut": 718300000, "weightedAverageShsOutDil": 732000000, "link": "https://www.sec.gov/Archives/edgar/data/66740/000110465908011226/0001104659-08-011226-index.htm", "finalLink": "https://www.sec.gov/Archives/edgar/data/66740/000110465908011226/a08-2453_110k.htm", "calculatedOtherExpenses": -849000000, "calculatedOperatingExpenses": 5534000000, "calculatedNetInterest": -78000000, "calculatedOtherIncome": 0, "calculatedIncomeNonControlling": 55000000, "calculatedEbitda": 7265000000}, {"date": "2006-12-31", "symbol": "MMM", "reportedCurrency": "USD", "cik": "0000066740", "fillingDate": "2007-02-26", "acceptedDate": "2007-02-23 21:35:27", "calendarYear": "2006", "period": "FY", "revenue": 22923000000, "costOfRevenue": 11713000000, "grossProfit": 11210000000, "grossProfitRatio": 0.4890284867, "researchAndDevelopmentExpenses": 1522000000, "generalAndAdministrativeExpenses": 0, "sellingAndMarketingExpenses": 0, "sellingGeneralAndAdministrativeExpenses": 5066000000, "otherExpenses": 0, "operatingExpenses": 6588000000, "costAndExpenses": 18301000000, "interestIncome": 51000000, "interestExpense": 122000000, "depreciationAndAmortization": 1079000000, "ebitda": 6775000000, "ebitdaratio": 0.2955546831, "operatingIncome": 5696000000, "operatingIncomeRatio": 0.2484840553, "totalOtherIncomeExpensesNet": -71000000, "incomeBeforeTax": 5625000000, "incomeBeforeTaxRatio": 0.2453867295, "incomeTaxExpense": 1723000000, "netIncome": 3851000000, "netIncomeRatio": 0.167997208, "eps": 5.15, "epsdiluted": 5.06, "weightedAverageShsOut": 747500000, "weightedAverageShsOutDil": 761000000, "link": "https://www.sec.gov/Archives/edgar/data/66740/000110465907013613/0001104659-07-013613-index.htm", "finalLink": "https://www.sec.gov/Archives/edgar/data/66740/000110465907013613/a07-5153_110k.htm", "calculatedOtherExpenses": -1074000000, "calculatedOperatingExpenses": 5514000000, "calculatedNetInterest": -71000000, "calculatedOtherIncome": 0, "calculatedIncomeNonControlling": 51000000, "calculatedEbitda": 6775000000}, {"date": "2005-12-31", "symbol": "MMM", "reportedCurrency": "USD", "cik": "0000066740", "fillingDate": "2006-02-21", "acceptedDate": "2006-02-21 17:18:47", "calendarYear": "2005", "period": "FY", "revenue": 21167000000, "costOfRevenue": 10381000000, "grossProfit": 10786000000, "grossProfitRatio": 0.5095667785, "researchAndDevelopmentExpenses": 1242000000, "generalAndAdministrativeExpenses": 0, "sellingAndMarketingExpenses": 0, "sellingGeneralAndAdministrativeExpenses": 4535000000, "otherExpenses": 0, "operatingExpenses": 5777000000, "costAndExpenses": 16158000000, "interestIncome": 56000000, "interestExpense": 82000000, "depreciationAndAmortization": 986000000, "ebitda": 5995000000, "ebitdaratio": 0.2832238862, "operatingIncome": 5009000000, "operatingIncomeRatio": 0.2366419426, "totalOtherIncomeExpensesNet": -26000000, "incomeBeforeTax": 4983000000, "incomeBeforeTaxRatio": 0.2354136155, "incomeTaxExpense": 1694000000, "netIncome": 3199000000, "netIncomeRatio": 0.1511314782, "eps": 4.18, "epsdiluted": 4.12, "weightedAverageShsOut": 764900000, "weightedAverageShsOutDil": 776900000, "link": "https://www.sec.gov/Archives/edgar/data/66740/000110465906010894/0001104659-06-010894-index.htm", "finalLink": "https://www.sec.gov/Archives/edgar/data/66740/000110465906010894/a06-1861_110k.htm", "calculatedOtherExpenses": 0, "calculatedOperatingExpenses": 5777000000, "calculatedNetInterest": -26000000, "calculatedOtherIncome": 0, "calculatedIncomeNonControlling": 90000000, "calculatedEbitda": 5995000000}, {"date": "2004-12-31", "symbol": "MMM", "reportedCurrency": "USD", "cik": "0000066740", "fillingDate": "2005-02-24", "acceptedDate": "2005-02-24 09:00:19", "calendarYear": "2004", "period": "FY", "revenue": 20011000000, "costOfRevenue": 9958000000, "grossProfit": 10053000000, "grossProfitRatio": 0.5023736945, "researchAndDevelopmentExpenses": 1143000000, "generalAndAdministrativeExpenses": 0, "sellingAndMarketingExpenses": 0, "sellingGeneralAndAdministrativeExpenses": 4332000000, "otherExpenses": 0, "operatingExpenses": 5475000000, "costAndExpenses": 15433000000, "interestIncome": 46000000, "interestExpense": 69000000, "depreciationAndAmortization": 999000000, "ebitda": 5577000000, "ebitdaratio": 0.2786967168, "operatingIncome": 4578000000, "operatingIncomeRatio": 0.2287741742, "totalOtherIncomeExpensesNet": -23000000, "incomeBeforeTax": 4555000000, "incomeBeforeTaxRatio": 0.2276248064, "incomeTaxExpense": 1503000000, "netIncome": 2990000000, "netIncomeRatio": 0.1494178202, "eps": 3.83, "epsdiluted": 3.75, "weightedAverageShsOut": 780500000, "weightedAverageShsOutDil": 796500000, "link": "https://www.sec.gov/Archives/edgar/data/66740/000110465905008057/0001104659-05-008057-index.htm", "finalLink": "https://www.sec.gov/Archives/edgar/data/66740/000110465905008057/a05-3853_110k.htm", "calculatedOtherExpenses": 0, "calculatedOperatingExpenses": 5475000000, "calculatedNetInterest": -23000000, "calculatedOtherIncome": 0, "calculatedIncomeNonControlling": 62000000, "calculatedEbitda": 5577000000}, {"date": "2003-12-31", "symbol": "MMM", "reportedCurrency": "USD", "cik": "0000066740", "fillingDate": "2004-03-02", "acceptedDate": "2004-03-02 17:25:12", "calendarYear": "2003", "period": "FY", "revenue": 18232000000, "costOfRevenue": 9285000000, "grossProfit": 8947000000, "grossProfitRatio": 0.4907305836, "researchAndDevelopmentExpenses": 1102000000, "generalAndAdministrativeExpenses": 0, "sellingAndMarketingExpenses": 0, "sellingGeneralAndAdministrativeExpenses": 4039000000, "otherExpenses": 0, "operatingExpenses": 5141000000, "costAndExpenses": 14426000000, "interestIncome": 28000000, "interestExpense": 84000000, "depreciationAndAmortization": 964000000, "ebitda": 4677000000, "ebitdaratio": 0.2565269855, "operatingIncome": 3713000000, "operatingIncomeRatio": 0.2036529179, "totalOtherIncomeExpensesNet": -56000000, "incomeBeforeTax": 3657000000, "incomeBeforeTaxRatio": 0.2005813953, "incomeTaxExpense": 1202000000, "netIncome": 2403000000, "netIncomeRatio": 0.1318012286, "eps": 3.07, "epsdiluted": 3.02, "weightedAverageShsOut": 782800000, "weightedAverageShsOutDil": 795300000, "link": "https://www.sec.gov/Archives/edgar/data/66740/000089710104000425/0000897101-04-000425-index.htm", "finalLink": "https://www.sec.gov/Archives/edgar/data/66740/000089710104000425/mmm041053s1_10k.htm", "calculatedOtherExpenses": 93000000, "calculatedOperatingExpenses": 5234000000, "calculatedNetInterest": -56000000, "calculatedOtherIncome": 0, "calculatedIncomeNonControlling": 52000000, "calculatedEbitda": 4677000000}, {"date": "2002-12-31", "symbol": "MMM", "reportedCurrency": "USD", "cik": "0000066740", "fillingDate": "2003-03-10", "acceptedDate": "2003-03-10 17:21:08", "calendarYear": "2002", "period": "FY", "revenue": 16332000000, "costOfRevenue": 8496000000, "grossProfit": 7836000000, "grossProfitRatio": 0.4797942689, "researchAndDevelopmentExpenses": 1070000000, "generalAndAdministrativeExpenses": 0, "sellingAndMarketingExpenses": 0, "sellingGeneralAndAdministrativeExpenses": 3720000000, "otherExpenses": 0, "operatingExpenses": 4790000000, "costAndExpenses": 13286000000, "interestIncome": 0, "interestExpense": 0, "depreciationAndAmortization": 954000000, "ebitda": 4000000000, "ebitdaratio": 0.2449179525, "operatingIncome": 3046000000, "operatingIncomeRatio": 0.1865050208, "totalOtherIncomeExpensesNet": -41000000, "incomeBeforeTax": 3005000000, "incomeBeforeTaxRatio": 0.1839946118, "incomeTaxExpense": 966000000, "netIncome": 1974000000, "netIncomeRatio": 0.1208670096, "eps": 2.53, "epsdiluted": 2.5, "weightedAverageShsOut": 780000000, "weightedAverageShsOutDil": 791000000, "link": "https://www.sec.gov/Archives/edgar/data/66740/000006674003000005/0000066740-03-000005-index.htm", "finalLink": "https://www.sec.gov/Archives/edgar/data/66740/000006674003000005/q410kbodyv1.txt", "calculatedOtherExpenses": 0, "calculatedOperatingExpenses": 4790000000, "calculatedNetInterest": 0, "calculatedOtherIncome": -41000000, "calculatedIncomeNonControlling": 65000000, "calculatedEbitda": 4000000000}, {"date": "2001-12-31", "symbol": "MMM", "reportedCurrency": "USD", "cik": "0000066740", "fillingDate": "2002-03-11", "acceptedDate": "2002-03-11 00:00:00", "calendarYear": "2001", "period": "FY", "revenue": 16079000000, "costOfRevenue": 8749000000, "grossProfit": 7330000000, "grossProfitRatio": 0.4558741215, "researchAndDevelopmentExpenses": 1084000000, "generalAndAdministrativeExpenses": 0, "sellingAndMarketingExpenses": 0, "sellingGeneralAndAdministrativeExpenses": 4061000000, "otherExpenses": 0, "operatingExpenses": 5057000000, "costAndExpenses": 13806000000, "interestIncome": 0, "interestExpense": 0, "depreciationAndAmortization": 1089000000, "ebitda": 3362000000, "ebitdaratio": 0.2090926053, "operatingIncome": 2273000000, "operatingIncomeRatio": 0.1413645127, "totalOtherIncomeExpensesNet": -87000000, "incomeBeforeTax": 2186000000, "incomeBeforeTaxRatio": 0.1359537285, "incomeTaxExpense": 702000000, "netIncome": 1430000000, "netIncomeRatio": 0.0889358791, "eps": 1.81, "epsdiluted": 1.79, "weightedAverageShsOut": 788600000, "weightedAverageShsOutDil": 799900000, "link": "https://www.sec.gov/Archives/edgar/data/66740/000006674002000006/0000066740-02-000006-index.htm", "finalLink": "https://www.sec.gov/Archives/edgar/data/66740/000006674002000006/q40110kprimary6.txt", "calculatedOtherExpenses": -88000000, "calculatedOperatingExpenses": 5057000000, "calculatedNetInterest": 0, "calculatedOtherIncome": -87000000, "calculatedIncomeNonControlling": 54000000, "calculatedEbitda": 3362000000}, {"date": "2000-12-31", "symbol": "MMM", "reportedCurrency": "USD", "cik": "0000066740", "fillingDate": "2001-02-20", "acceptedDate": "2001-02-20 00:00:00", "calendarYear": "2000", "period": "FY", "revenue": 16724000000, "costOfRevenue": 8787000000, "grossProfit": 7937000000, "grossProfitRatio": 0.4745874193, "researchAndDevelopmentExpenses": 1101000000, "generalAndAdministrativeExpenses": 0, "sellingAndMarketingExpenses": 0, "sellingGeneralAndAdministrativeExpenses": 3963000000, "otherExpenses": 0, "operatingExpenses": 4879000000, "costAndExpenses": 13666000000, "interestIncome": 0, "interestExpense": 0, "depreciationAndAmortization": 1025000000, "ebitda": 4083000000, "ebitdaratio": 0.2441401579, "operatingIncome": 3058000000, "operatingIncomeRatio": 0.1828509926, "totalOtherIncomeExpensesNet": -84000000, "incomeBeforeTax": 2974000000, "incomeBeforeTaxRatio": 0.1778282707, "incomeTaxExpense": 1025000000, "netIncome": 1782000000, "netIncomeRatio": 0.1065534561, "eps": 2.25, "epsdiluted": 2.23, "weightedAverageShsOut": 791400000, "weightedAverageShsOutDil": 799800000, "link": "https://www.sec.gov/Archives/edgar/data/66740/000006674001000003/0000066740-01-000003-index.htm", "finalLink": "https://www.sec.gov/Archives/edgar/data/66740/000006674001000003/0000066740-01-000003-0001.txt", "calculatedOtherExpenses": -185000000, "calculatedOperatingExpenses": 4879000000, "calculatedNetInterest": 0, "calculatedOtherIncome": -84000000, "calculatedIncomeNonControlling": 167000000, "calculatedEbitda": 4083000000}, {"date": "1999-12-31", "symbol": "MMM", "reportedCurrency": "USD", "cik": "0000066740", "fillingDate": "2000-02-18", "acceptedDate": "2000-02-18 00:00:00", "calendarYear": "1999", "period": "FY", "revenue": 15659000000, "costOfRevenue": 8852000000, "grossProfit": 6807000000, "grossProfitRatio": 0.4347020883, "researchAndDevelopmentExpenses": 0, "generalAndAdministrativeExpenses": 0, "sellingAndMarketingExpenses": 0, "sellingGeneralAndAdministrativeExpenses": 3879000000, "otherExpenses": 0, "operatingExpenses": 3879000000, "costAndExpenses": 12731000000, "interestIncome": 0, "interestExpense": 0, "depreciationAndAmortization": 900000000, "ebitda": 3856000000, "ebitdaratio": 0.246248164, "operatingIncome": 2956000000, "operatingIncomeRatio": 0.1887732295, "totalOtherIncomeExpensesNet": -76000000, "incomeBeforeTax": 2880000000, "incomeBeforeTaxRatio": 0.1839197905, "incomeTaxExpense": 1032000000, "netIncome": 1763000000, "netIncomeRatio": 0.1125870107, "eps": 2.19, "epsdiluted": 2.17, "weightedAverageShsOut": 805022831, "weightedAverageShsOutDil": 813000000, "link": "https://www.sec.gov/Archives/edgar/data/66740/000006674000000005/0000066740-00-000005-index.html", "finalLink": "https://www.sec.gov/Archives/edgar/data/66740/000006674000000005/", "calculatedOtherExpenses": -28000000, "calculatedOperatingExpenses": 3851000000, "calculatedNetInterest": 0, "calculatedOtherIncome": -76000000, "calculatedIncomeNonControlling": 85000000, "calculatedEbitda": 3856000000}, {"date": "1998-12-31", "symbol": "MMM", "reportedCurrency": "USD", "cik": "0000066740", "fillingDate": "1999-02-12", "acceptedDate": "1999-02-12 00:00:00", "calendarYear": "1998", "period": "FY", "revenue": 15021000000, "costOfRevenue": 8705000000, "grossProfit": 6316000000, "grossProfitRatio": 0.4204779975, "researchAndDevelopmentExpenses": 0, "generalAndAdministrativeExpenses": 0, "sellingAndMarketingExpenses": 0, "sellingGeneralAndAdministrativeExpenses": 3784000000, "otherExpenses": 0, "operatingExpenses": 3784000000, "costAndExpenses": 12489000000, "interestIncome": 0, "interestExpense": 0, "depreciationAndAmortization": 866000000, "ebitda": 2905000000, "ebitdaratio": 0.1933959124, "operatingIncome": 2039000000, "operatingIncomeRatio": 0.1357432927, "totalOtherIncomeExpensesNet": -87000000, "incomeBeforeTax": 1952000000, "incomeBeforeTaxRatio": 0.1299514014, "incomeTaxExpense": 685000000, "netIncome": 1175000000, "netIncomeRatio": 0.07822382, "eps": 1.46, "epsdiluted": 1.44, "weightedAverageShsOut": 806600000, "weightedAverageShsOutDil": 816000000, "link": "https://www.sec.gov/Archives/edgar/data/66740/000006674099000002/0000066740-99-000002-index.html", "finalLink": "https://www.sec.gov/Archives/edgar/data/66740/", "calculatedOtherExpenses": 493000000, "calculatedOperatingExpenses": 4277000000, "calculatedNetInterest": 0, "calculatedOtherIncome": -87000000, "calculatedIncomeNonControlling": 92000000, "calculatedEbitda": 2905000000}, {"date": "1997-12-31", "symbol": "MMM", "reportedCurrency": "USD", "cik": "0000066740", "fillingDate": "1998-03-10", "acceptedDate": "1998-03-10 00:00:00", "calendarYear": "1997", "period": "FY", "revenue": 15070000000, "costOfRevenue": 8580000000, "grossProfit": 6490000000, "grossProfitRatio": 0.4306569343, "researchAndDevelopmentExpenses": 0, "generalAndAdministrativeExpenses": 0, "sellingAndMarketingExpenses": 0, "sellingGeneralAndAdministrativeExpenses": 3815000000, "otherExpenses": 0, "operatingExpenses": 3815000000, "costAndExpenses": 12395000000, "interestIncome": 0, "interestExpense": 0, "depreciationAndAmortization": 870000000, "ebitda": 3545000000, "ebitdaratio": 0.2352355674, "operatingIncome": 2675000000, "operatingIncomeRatio": 0.1775049768, "totalOtherIncomeExpensesNet": 765000000, "incomeBeforeTax": 3440000000, "incomeBeforeTaxRatio": 0.2282680823, "incomeTaxExpense": 1241000000, "netIncome": 2121000000, "netIncomeRatio": 0.1407431984, "eps": 2.57, "epsdiluted": 2.53, "weightedAverageShsOut": 825400000, "weightedAverageShsOutDil": 838339921, "link": "https://www.sec.gov/Archives/edgar/data/66740/000006674098000002/0000066740-98-000002-index.html", "finalLink": "https://www.sec.gov/Archives/edgar/data/66740/", "calculatedOtherExpenses": 0, "calculatedOperatingExpenses": 3815000000, "calculatedNetInterest": 0, "calculatedOtherIncome": 765000000, "calculatedIncomeNonControlling": 78000000, "calculatedEbitda": 3545000000}, {"date": "1996-12-31", "symbol": "MMM", "reportedCurrency": "USD", "cik": "0000066740", "fillingDate": "1997-03-11", "acceptedDate": "1997-03-11 00:00:00", "calendarYear": "1996", "period": "FY", "revenue": 14236000000, "costOfRevenue": 8099000000, "grossProfit": 6137000000, "grossProfitRatio": 0.4310901939, "researchAndDevelopmentExpenses": 0, "generalAndAdministrativeExpenses": 0, "sellingAndMarketingExpenses": 0, "sellingGeneralAndAdministrativeExpenses": 3646000000, "otherExpenses": 0, "operatingExpenses": 3646000000, "costAndExpenses": 11745000000, "interestIncome": 0, "interestExpense": 0, "depreciationAndAmortization": 883000000, "ebitda": 3374000000, "ebitdaratio": 0.2370047766, "operatingIncome": 2491000000, "operatingIncomeRatio": 0.1749789267, "totalOtherIncomeExpensesNet": -89000000, "incomeBeforeTax": 2402000000, "incomeBeforeTaxRatio": 0.1687271706, "incomeTaxExpense": 886000000, "netIncome": 1526000000, "netIncomeRatio": 0.1071930318, "eps": 1.82, "epsdiluted": 1.79, "weightedAverageShsOut": 836400000, "weightedAverageShsOutDil": 852456000, "link": "https://www.sec.gov/Archives/edgar/data/66740/000006674097000003/0000066740-97-000003-index.html", "finalLink": "https://www.sec.gov/Archives/edgar/data/66740/", "calculatedOtherExpenses": 0, "calculatedOperatingExpenses": 3646000000, "calculatedNetInterest": 0, "calculatedOtherIncome": -89000000, "calculatedIncomeNonControlling": -10000000, "calculatedEbitda": 3374000000}, {"date": "1995-12-31", "symbol": "MMM", "reportedCurrency": "USD", "cik": "0000066740", "fillingDate": "1996-03-11", "acceptedDate": "1996-03-11 00:00:00", "calendarYear": "1995", "period": "FY", "revenue": 13460000000, "costOfRevenue": 7720000000, "grossProfit": 5740000000, "grossProfitRatio": 0.426448737, "researchAndDevelopmentExpenses": 0, "generalAndAdministrativeExpenses": 0, "sellingAndMarketingExpenses": 0, "sellingGeneralAndAdministrativeExpenses": 3440000000, "otherExpenses": 0, "operatingExpenses": 3440000000, "costAndExpenses": 11160000000, "interestIncome": 0, "interestExpense": 0, "depreciationAndAmortization": 859000000, "ebitda": 3080000000, "ebitdaratio": 0.2288261516, "operatingIncome": 2221000000, "operatingIncomeRatio": 0.1650074294, "totalOtherIncomeExpensesNet": -130000000, "incomeBeforeTax": 2091000000, "incomeBeforeTaxRatio": 0.1553491828, "incomeTaxExpense": 785000000, "netIncome": 976000000, "netIncomeRatio": 0.0725111441, "eps": 1.16, "epsdiluted": 1.15, "weightedAverageShsOut": 839600000, "weightedAverageShsOutDil": 847818000, "link": "https://www.sec.gov/Archives/edgar/data/66740/000006674096000005/0000066740-96-000005-index.html", "finalLink": "https://www.sec.gov/Archives/edgar/data/66740/", "calculatedOtherExpenses": 79000000, "calculatedOperatingExpenses": 3519000000, "calculatedNetInterest": 0, "calculatedOtherIncome": -130000000, "calculatedIncomeNonControlling": 330000000, "calculatedEbitda": 3080000000}, {"date": "1994-12-31", "symbol": "MMM", "reportedCurrency": "USD", "cik": "0000066740", "fillingDate": "1995-03-06", "acceptedDate": "1995-03-06 00:00:00", "calendarYear": "1994", "period": "FY", "revenue": 15079000000, "costOfRevenue": 8995000000, "grossProfit": 6084000000, "grossProfitRatio": 0.4034750315, "researchAndDevelopmentExpenses": 0, "generalAndAdministrativeExpenses": 0, "sellingAndMarketingExpenses": 0, "sellingGeneralAndAdministrativeExpenses": 3833000000, "otherExpenses": 0, "operatingExpenses": 3833000000, "costAndExpenses": 12828000000, "interestIncome": 0, "interestExpense": 0, "depreciationAndAmortization": 1101000000, "ebitda": 3352000000, "ebitdaratio": 0.2222959082, "operatingIncome": 2251000000, "operatingIncomeRatio": 0.1492804563, "totalOtherIncomeExpensesNet": -158000000, "incomeBeforeTax": 2093000000, "incomeBeforeTaxRatio": 0.1388023078, "incomeTaxExpense": 771000000, "netIncome": 1322000000, "netIncomeRatio": 0.0876715963, "eps": 1.56, "epsdiluted": 1.54, "weightedAverageShsOut": 846000000, "weightedAverageShsOutDil": 856494000, "link": "https://www.sec.gov/Archives/edgar/data/66740/000006674095000003/0000066740-95-000003-index.html", "finalLink": "https://www.sec.gov/Archives/edgar/data/66740/", "calculatedOtherExpenses": 0, "calculatedOperatingExpenses": 3833000000, "calculatedNetInterest": 0, "calculatedOtherIncome": -158000000, "calculatedIncomeNonControlling": 0, "calculatedEbitda": 3352000000}, {"date": "1993-12-31", "symbol": "MMM", "reportedCurrency": "USD", "cik": "0000066740", "fillingDate": "1994-03-07", "acceptedDate": "1994-03-07 00:00:00", "calendarYear": "1993", "period": "FY", "revenue": 14020000000, "costOfRevenue": 7453000000, "grossProfit": 6567000000, "grossProfitRatio": 0.4684022825, "researchAndDevelopmentExpenses": 0, "generalAndAdministrativeExpenses": 0, "sellingAndMarketingExpenses": 0, "sellingGeneralAndAdministrativeExpenses": 3535000000, "otherExpenses": 0, "operatingExpenses": 4611000000, "costAndExpenses": 12064000000, "interestIncome": 0, "interestExpense": 0, "depreciationAndAmortization": 1076000000, "ebitda": 3032000000, "ebitdaratio": 0.2162624822, "operatingIncome": 1956000000, "operatingIncomeRatio": 0.1395149786, "totalOtherIncomeExpensesNet": 14000000, "incomeBeforeTax": 1970000000, "incomeBeforeTaxRatio": 0.1405135521, "incomeTaxExpense": 707000000, "netIncome": 1263000000, "netIncomeRatio": 0.090085592, "eps": 1.45, "epsdiluted": 1.45, "weightedAverageShsOut": 868600000, "weightedAverageShsOutDil": 868600000, "link": "https://www.sec.gov/Archives/edgar/data/66740/000006674094000013/0000066740-94-000013-index.html", "finalLink": "https://www.sec.gov/Archives/edgar/data/66740/", "calculatedOtherExpenses": 1076000000, "calculatedOperatingExpenses": 4611000000, "calculatedNetInterest": 0, "calculatedOtherIncome": 14000000, "calculatedIncomeNonControlling": 0, "calculatedEbitda": 3032000000}, {"date": "1992-12-31", "symbol": "MMM", "reportedCurrency": "USD", "cik": "0000066740", "fillingDate": "1992-12-31", "acceptedDate": "1992-12-30 19:00:00", "calendarYear": "1992", "period": "FY", "revenue": 13883000000, "costOfRevenue": 7259000000, "grossProfit": 6624000000, "grossProfitRatio": 0.4771303032, "researchAndDevelopmentExpenses": 0, "generalAndAdministrativeExpenses": 0, "sellingAndMarketingExpenses": 0, "sellingGeneralAndAdministrativeExpenses": 3543000000, "otherExpenses": 0, "operatingExpenses": 4630000000, "costAndExpenses": 11889000000, "interestIncome": 0, "interestExpense": 0, "depreciationAndAmortization": 1087000000, "ebitda": 3081000000, "ebitdaratio": 0.2219260967, "operatingIncome": 1994000000, "operatingIncomeRatio": 0.1436288987, "totalOtherIncomeExpensesNet": -71000000, "incomeBeforeTax": 1923000000, "incomeBeforeTaxRatio": 0.1385147302, "incomeTaxExpense": 687000000, "netIncome": 1235700000, "netIncomeRatio": 0.0890081395, "eps": 1.41, "epsdiluted": 1.41, "weightedAverageShsOut": 876382979, "weightedAverageShsOutDil": 876382979, "link": "", "finalLink": "", "calculatedOtherExpenses": 1087000000, "calculatedOperatingExpenses": 4630000000, "calculatedNetInterest": 0, "calculatedOtherIncome": -71000000, "calculatedIncomeNonControlling": 300000, "calculatedEbitda": 3081000000}, {"date": "1991-12-31", "symbol": "MMM", "reportedCurrency": "USD", "cik": "0000066740", "fillingDate": "1991-12-31", "acceptedDate": "1991-12-30 19:00:00", "calendarYear": "1991", "period": "FY", "revenue": 13340000000, "costOfRevenue": 7089000000, "grossProfit": 6251000000, "grossProfitRatio": 0.4685907046, "researchAndDevelopmentExpenses": 0, "generalAndAdministrativeExpenses": 0, "sellingAndMarketingExpenses": 0, "sellingGeneralAndAdministrativeExpenses": 3323000000, "otherExpenses": 0, "operatingExpenses": 4292000000, "costAndExpenses": 11381000000, "interestIncome": 0, "interestExpense": 0, "depreciationAndAmortization": 969000000, "ebitda": 2928000000, "ebitdaratio": 0.2194902549, "operatingIncome": 1959000000, "operatingIncomeRatio": 0.1468515742, "totalOtherIncomeExpensesNet": -114000000, "incomeBeforeTax": 1845000000, "incomeBeforeTaxRatio": 0.1383058471, "incomeTaxExpense": 691000000, "netIncome": 1154000000, "netIncomeRatio": 0.0865067466, "eps": 1.31, "epsdiluted": 1.31, "weightedAverageShsOut": 877566540, "weightedAverageShsOutDil": 877566540, "link": "", "finalLink": "", "calculatedOtherExpenses": 969000000, "calculatedOperatingExpenses": 4292000000, "calculatedNetInterest": 0, "calculatedOtherIncome": -114000000, "calculatedIncomeNonControlling": 0, "calculatedEbitda": 2928000000}, {"date": "1990-12-31", "symbol": "MMM", "reportedCurrency": "USD", "cik": "0000066740", "fillingDate": "1990-12-31", "acceptedDate": "1990-12-30 19:00:00", "calendarYear": "1990", "period": "FY", "revenue": 13021000000, "costOfRevenue": 6875000000, "grossProfit": 6146000000, "grossProfitRatio": 0.4720067583, "researchAndDevelopmentExpenses": 0, "generalAndAdministrativeExpenses": 0, "sellingAndMarketingExpenses": 0, "sellingGeneralAndAdministrativeExpenses": 3174000000, "otherExpenses": 0, "operatingExpenses": 3955000000, "costAndExpenses": 10830000000, "interestIncome": 0, "interestExpense": 0, "depreciationAndAmortization": 781000000, "ebitda": 2972000000, "ebitdaratio": 0.2282466784, "operatingIncome": 2191000000, "operatingIncomeRatio": 0.1682666462, "totalOtherIncomeExpensesNet": -85000000, "incomeBeforeTax": 2106000000, "incomeBeforeTaxRatio": 0.1617387297, "incomeTaxExpense": 798000000, "netIncome": 1308000000, "netIncomeRatio": 0.1004531142, "eps": 1.48, "epsdiluted": 1.48, "weightedAverageShsOut": 883783784, "weightedAverageShsOutDil": 883783784, "link": "", "finalLink": "", "calculatedOtherExpenses": 781000000, "calculatedOperatingExpenses": 3955000000, "calculatedNetInterest": 0, "calculatedOtherIncome": -85000000, "calculatedIncomeNonControlling": 0, "calculatedEbitda": 2972000000}, {"date": "1989-12-31", "symbol": "MMM", "reportedCurrency": "USD", "cik": "0000066740", "fillingDate": "1989-12-31", "acceptedDate": "1989-12-30 19:00:00", "calendarYear": "1989", "period": "FY", "revenue": 11990000000, "costOfRevenue": 6246000000, "grossProfit": 5744000000, "grossProfitRatio": 0.4790658882, "researchAndDevelopmentExpenses": 0, "generalAndAdministrativeExpenses": 0, "sellingAndMarketingExpenses": 0, "sellingGeneralAndAdministrativeExpenses": 2894000000, "otherExpenses": 0, "operatingExpenses": 3594000000, "costAndExpenses": 9840000000, "interestIncome": 0, "interestExpense": 0, "depreciationAndAmortization": 700000000, "ebitda": 2850000000, "ebitdaratio": 0.2376980817, "operatingIncome": 2150000000, "operatingIncomeRatio": 0.1793160967, "totalOtherIncomeExpensesNet": -81000000, "incomeBeforeTax": 2069000000, "incomeBeforeTaxRatio": 0.1725604671, "incomeTaxExpense": 825000000, "netIncome": 1244000000, "netIncomeRatio": 0.1037531276, "eps": 1.4, "epsdiluted": 1.4, "weightedAverageShsOut": 888571429, "weightedAverageShsOutDil": 888571429, "link": "", "finalLink": "", "calculatedOtherExpenses": 700000000, "calculatedOperatingExpenses": 3594000000, "calculatedNetInterest": 0, "calculatedOtherIncome": -81000000, "calculatedIncomeNonControlling": 0, "calculatedEbitda": 2850000000}, {"date": "1988-12-31", "symbol": "MMM", "reportedCurrency": "USD", "cik": "0000066740", "fillingDate": "1988-12-31", "acceptedDate": "1988-12-30 19:00:00", "calendarYear": "1988", "period": "FY", "revenue": 10581000000, "costOfRevenue": 8066000000, "grossProfit": 2515000000, "grossProfitRatio": 0.2376901994, "researchAndDevelopmentExpenses": 0, "generalAndAdministrativeExpenses": 0, "sellingAndMarketingExpenses": 0, "sellingGeneralAndAdministrativeExpenses": 0, "otherExpenses": 0, "operatingExpenses": 632000000, "costAndExpenses": 8698000000, "interestIncome": 0, "interestExpense": 0, "depreciationAndAmortization": 632000000, "ebitda": 1883000000, "ebitdaratio": 0.1779604952, "operatingIncome": 1883000000, "operatingIncomeRatio": 0.1779604952, "totalOtherIncomeExpensesNet": -1000000, "incomeBeforeTax": 1882000000, "incomeBeforeTaxRatio": 0.1778659862, "incomeTaxExpense": 728000000, "netIncome": 1154000000, "netIncomeRatio": 0.1090634156, "eps": 1.28, "epsdiluted": 1.28, "weightedAverageShsOut": 905098039, "weightedAverageShsOutDil": 905098039, "link": "", "finalLink": "", "calculatedOtherExpenses": 632000000, "calculatedOperatingExpenses": 632000000, "calculatedNetInterest": 0, "calculatedOtherIncome": -1000000, "calculatedIncomeNonControlling": 0, "calculatedEbitda": 2515000000}, {"date": "1987-12-31", "symbol": "MMM", "reportedCurrency": "USD", "cik": "0000066740", "fillingDate": "1987-12-31", "acceptedDate": "1987-12-30 19:00:00", "calendarYear": "1987", "period": "FY", "revenue": 9429000000, "costOfRevenue": 4949000000, "grossProfit": 4480000000, "grossProfitRatio": 0.4751299183, "researchAndDevelopmentExpenses": 0, "generalAndAdministrativeExpenses": 0, "sellingAndMarketingExpenses": 0, "sellingGeneralAndAdministrativeExpenses": 2338000000, "otherExpenses": 0, "operatingExpenses": 2902000000, "costAndExpenses": 7851000000, "interestIncome": 0, "interestExpense": 0, "depreciationAndAmortization": 564000000, "ebitda": 1578000000, "ebitdaratio": 0.1673560293, "operatingIncome": 1578000000, "operatingIncomeRatio": 0.1673560293, "totalOtherIncomeExpensesNet": -13000000, "incomeBeforeTax": 1565000000, "incomeBeforeTaxRatio": 0.1659773041, "incomeTaxExpense": 647000000, "netIncome": 918000000, "netIncomeRatio": 0.0973592109, "eps": 1, "epsdiluted": 1, "weightedAverageShsOut": 913432836, "weightedAverageShsOutDil": 913432836, "link": "", "finalLink": "", "calculatedOtherExpenses": 564000000, "calculatedOperatingExpenses": 2902000000, "calculatedNetInterest": 0, "calculatedOtherIncome": -13000000, "calculatedIncomeNonControlling": 0, "calculatedEbitda": 2142000000}, {"date": "1986-12-31", "symbol": "MMM", "reportedCurrency": "USD", "cik": "0000066740", "fillingDate": "1986-12-31", "acceptedDate": "1986-12-30 19:00:00", "calendarYear": "1986", "period": "FY", "revenue": 8602000000, "costOfRevenue": 4567000000, "grossProfit": 4035000000, "grossProfitRatio": 0.4690769588, "researchAndDevelopmentExpenses": 0, "generalAndAdministrativeExpenses": 0, "sellingAndMarketingExpenses": 0, "sellingGeneralAndAdministrativeExpenses": 2118000000, "otherExpenses": 0, "operatingExpenses": 2625000000, "costAndExpenses": 7192000000, "interestIncome": 0, "interestExpense": 0, "depreciationAndAmortization": 507000000, "ebitda": 1410000000, "ebitdaratio": 0.1639153685, "operatingIncome": 1410000000, "operatingIncomeRatio": 0.1639153685, "totalOtherIncomeExpensesNet": -62000000, "incomeBeforeTax": 1348000000, "incomeBeforeTaxRatio": 0.1567077424, "incomeTaxExpense": 569000000, "netIncome": 779000000, "netIncomeRatio": 0.0905603348, "eps": 0.85, "epsdiluted": 0.85, "weightedAverageShsOut": 916470588, "weightedAverageShsOutDil": 916470588, "link": "", "finalLink": "", "calculatedOtherExpenses": 507000000, "calculatedOperatingExpenses": 2625000000, "calculatedNetInterest": 0, "calculatedOtherIncome": -62000000, "calculatedIncomeNonControlling": 0, "calculatedEbitda": 1917000000}, {"date": "1985-12-31", "symbol": "MMM", "reportedCurrency": "USD", "cik": "0000066740", "fillingDate": "1985-12-31", "acceptedDate": "1985-12-30 19:00:00", "calendarYear": "1985", "period": "FY", "revenue": 7846000000, "costOfRevenue": 4302000000, "grossProfit": 3544000000, "grossProfitRatio": 0.4516951313, "researchAndDevelopmentExpenses": 0, "generalAndAdministrativeExpenses": 0, "sellingAndMarketingExpenses": 0, "sellingGeneralAndAdministrativeExpenses": 1950000000, "otherExpenses": 0, "operatingExpenses": 2394000000, "costAndExpenses": 6696000000, "interestIncome": 0, "interestExpense": 0, "depreciationAndAmortization": 444000000, "ebitda": 1150000000, "ebitdaratio": 0.1465715014, "operatingIncome": 1150000000, "operatingIncomeRatio": 0.1465715014, "totalOtherIncomeExpensesNet": -53000000, "incomeBeforeTax": 1097000000, "incomeBeforeTaxRatio": 0.139816467, "incomeTaxExpense": 433000000, "netIncome": 664000000, "netIncomeRatio": 0.0846291104, "eps": 0.72, "epsdiluted": 0.72, "weightedAverageShsOut": 915862069, "weightedAverageShsOutDil": 915862069, "link": "", "finalLink": "", "calculatedOtherExpenses": 444000000, "calculatedOperatingExpenses": 2394000000, "calculatedNetInterest": 0, "calculatedOtherIncome": -53000000, "calculatedIncomeNonControlling": 0, "calculatedEbitda": 1594000000}]}