{"originalCurrency": "USD", "convertedCurrency": "USD", "report": [{"date": "2023-12-31", "symbol": "MMSI", "reportedCurrency": "USD", "cik": "0000856982", "fillingDate": "2024-02-28", "acceptedDate": "2024-02-28 16:16:26", "calendarYear": "2023", "period": "FY", "revenue": 1253285000, "costOfRevenue": 731051000, "grossProfit": 522234000, "grossProfitRatio": 0.4166921331, "researchAndDevelopmentExpenses": 82728000, "generalAndAdministrativeExpenses": 0, "sellingAndMarketingExpenses": 0, "sellingGeneralAndAdministrativeExpenses": 317576000, "otherExpenses": 1200000, "operatingExpenses": 400304000, "costAndExpenses": 1131355000, "interestIncome": 2456000, "interestExpense": 18061000, "depreciationAndAmortization": 101292000, "ebitda": 223222000, "ebitdaratio": 0.1781095282, "operatingIncome": 121930000, "operatingIncomeRatio": 0.0972883263, "totalOtherIncomeExpensesNet": -9841000, "incomeBeforeTax": 112089000, "incomeBeforeTaxRatio": 0.0894361618, "incomeTaxExpense": 17678000, "netIncome": 94411000, "netIncomeRatio": 0.0753308306, "eps": 1.64, "epsdiluted": 1.62, "weightedAverageShsOut": 57593000, "weightedAverageShsOutDil": 58356000, "link": "https://www.sec.gov/Archives/edgar/data/856982/000085698224000012/0000856982-24-000012-index.htm", "finalLink": "https://www.sec.gov/Archives/edgar/data/856982/000085698224000012/mmsi-20240228xex99d1.htm", "calculatedOtherExpenses": 0, "calculatedOperatingExpenses": 400304000, "calculatedNetInterest": -15605000, "calculatedOtherIncome": 5764000, "calculatedIncomeNonControlling": 0, "calculatedEbitda": 223222000}, {"date": "2022-12-31", "symbol": "MMSI", "reportedCurrency": "USD", "cik": "0000856982", "fillingDate": "2023-02-24", "acceptedDate": "2023-02-24 16:45:31", "calendarYear": "2022", "period": "FY", "revenue": 1150981000, "costOfRevenue": 631882000, "grossProfit": 519099000, "grossProfitRatio": 0.4510057073, "researchAndDevelopmentExpenses": 75510000, "generalAndAdministrativeExpenses": 0, "sellingAndMarketingExpenses": 0, "sellingGeneralAndAdministrativeExpenses": 342525000, "otherExpenses": 966000, "operatingExpenses": 418035000, "costAndExpenses": 1049917000, "interestIncome": 439000, "interestExpense": 6339000, "depreciationAndAmortization": 107104000, "ebitda": 194667000, "ebitdaratio": 0.1691313758, "operatingIncome": 87563000, "operatingIncomeRatio": 0.0760768423, "totalOtherIncomeExpensesNet": -4934000, "incomeBeforeTax": 82629000, "incomeBeforeTaxRatio": 0.0717900643, "incomeTaxExpense": 8113000, "netIncome": 74516000, "netIncomeRatio": 0.0647412946, "eps": 1.31, "epsdiluted": 1.29, "weightedAverageShsOut": 56806000, "weightedAverageShsOutDil": 57671000, "link": "https://www.sec.gov/Archives/edgar/data/856982/000085698223000011/0000856982-23-000011-index.htm", "finalLink": "https://www.sec.gov/Archives/edgar/data/856982/000085698223000011/mmsi-20221231x10k.htm", "calculatedOtherExpenses": 13501000, "calculatedOperatingExpenses": 431536000, "calculatedNetInterest": -5900000, "calculatedOtherIncome": 966000, "calculatedIncomeNonControlling": 0, "calculatedEbitda": 194667000}, {"date": "2021-12-31", "symbol": "MMSI", "reportedCurrency": "USD", "cik": "0000856982", "fillingDate": "2022-03-01", "acceptedDate": "2022-03-01 12:56:03", "calendarYear": "2021", "period": "FY", "revenue": 1074751000, "costOfRevenue": 589418000, "grossProfit": 485333000, "grossProfitRatio": 0.451577156, "researchAndDevelopmentExpenses": 71247000, "generalAndAdministrativeExpenses": 0, "sellingAndMarketingExpenses": 0, "sellingGeneralAndAdministrativeExpenses": 335690000, "otherExpenses": -2507000, "operatingExpenses": 406937000, "costAndExpenses": 996355000, "interestIncome": 769000, "interestExpense": 5261000, "depreciationAndAmortization": 111526000, "ebitda": 172442000, "ebitdaratio": 0.1604483271, "operatingIncome": 60916000, "operatingIncomeRatio": 0.056679175, "totalOtherIncomeExpensesNet": -6999000, "incomeBeforeTax": 53917000, "incomeBeforeTaxRatio": 0.0501669689, "incomeTaxExpense": 5463000, "netIncome": 48454000, "netIncomeRatio": 0.0450839311, "eps": 0.86, "epsdiluted": 0.84, "weightedAverageShsOut": 56145000, "weightedAverageShsOutDil": 57359000, "link": "https://www.sec.gov/Archives/edgar/data/856982/000085698222000013/0000856982-22-000013-index.htm", "finalLink": "https://www.sec.gov/Archives/edgar/data/856982/000085698222000013/mmsi-20211231x10k.htm", "calculatedOtherExpenses": 17480000, "calculatedOperatingExpenses": 424417000, "calculatedNetInterest": -4492000, "calculatedOtherIncome": -2507000, "calculatedIncomeNonControlling": 0, "calculatedEbitda": 172442000}, {"date": "2020-12-31", "symbol": "MMSI", "reportedCurrency": "USD", "cik": "0000856982", "fillingDate": "2021-03-01", "acceptedDate": "2021-03-01 12:51:36", "calendarYear": "2020", "period": "FY", "revenue": 963875000, "costOfRevenue": 562698000, "grossProfit": 401177000, "grossProfitRatio": 0.4162126832, "researchAndDevelopmentExpenses": 57537000, "generalAndAdministrativeExpenses": 0, "sellingAndMarketingExpenses": 0, "sellingGeneralAndAdministrativeExpenses": 297724000, "otherExpenses": -2279000, "operatingExpenses": 355261000, "costAndExpenses": 917959000, "interestIncome": 604000, "interestExpense": 9994000, "depreciationAndAmortization": 106816000, "ebitda": 44241000, "ebitdaratio": 0.0458991052, "operatingIncome": -62575000, "operatingIncomeRatio": -0.0649202438, "totalOtherIncomeExpensesNet": 49344000, "incomeBeforeTax": -13231000, "incomeBeforeTaxRatio": -0.0137268837, "incomeTaxExpense": -3388000, "netIncome": -9843000, "netIncomeRatio": -0.0102119051, "eps": -0.18, "epsdiluted": -0.18, "weightedAverageShsOut": 55434000, "weightedAverageShsOutDil": 55434000, "link": "https://www.sec.gov/Archives/edgar/data/856982/000085698221000003/0000856982-21-000003-index.htm", "finalLink": "https://www.sec.gov/Archives/edgar/data/856982/000085698221000003/mmsi-20201231x10k.htm", "calculatedOtherExpenses": 108491000, "calculatedOperatingExpenses": 463752000, "calculatedNetInterest": -9390000, "calculatedOtherIncome": 58734000, "calculatedIncomeNonControlling": 0, "calculatedEbitda": 44241000}, {"date": "2019-12-31", "symbol": "MMSI", "reportedCurrency": "USD", "cik": "0000856982", "fillingDate": "2020-03-02", "acceptedDate": "2020-03-02 16:40:34", "calendarYear": "2019", "period": "FY", "revenue": 994852000, "costOfRevenue": 562486000, "grossProfit": 432366000, "grossProfitRatio": 0.434603338, "researchAndDevelopmentExpenses": 65615000, "generalAndAdministrativeExpenses": 0, "sellingAndMarketingExpenses": 0, "sellingGeneralAndAdministrativeExpenses": 327274000, "otherExpenses": -537000, "operatingExpenses": 392889000, "costAndExpenses": 955375000, "interestIncome": -291000, "interestExpense": 12413000, "depreciationAndAmortization": 104356000, "ebitda": 38649000, "ebitdaratio": 0.0388489946, "operatingIncome": -65707000, "operatingIncomeRatio": -0.06604701, "totalOtherIncomeExpensesNet": 67900000, "incomeBeforeTax": 2193000, "incomeBeforeTaxRatio": 0.002204348, "incomeTaxExpense": -3258000, "netIncome": 5451000, "netIncomeRatio": 0.005479207, "eps": 0.099, "epsdiluted": 0.0969, "weightedAverageShsOut": 55075000, "weightedAverageShsOutDil": 56235000, "link": "https://www.sec.gov/Archives/edgar/data/856982/000085698220000011/0000856982-20-000011-index.htm", "finalLink": "https://www.sec.gov/Archives/edgar/data/856982/000085698220000011/mmsi-20191231x10k.htm", "calculatedOtherExpenses": 105184000, "calculatedOperatingExpenses": 498073000, "calculatedNetInterest": -12704000, "calculatedOtherIncome": 80604000, "calculatedIncomeNonControlling": 0, "calculatedEbitda": 38649000}, {"date": "2018-12-31", "symbol": "MMSI", "reportedCurrency": "USD", "cik": "0000856982", "fillingDate": "2019-03-01", "acceptedDate": "2019-03-01 15:13:23", "calendarYear": "2018", "period": "FY", "revenue": 882753000, "costOfRevenue": 487983000, "grossProfit": 394770000, "grossProfitRatio": 0.4472032381, "researchAndDevelopmentExpenses": 59532000, "generalAndAdministrativeExpenses": 0, "sellingAndMarketingExpenses": 0, "sellingGeneralAndAdministrativeExpenses": 276018000, "otherExpenses": 63000, "operatingExpenses": 335550000, "costAndExpenses": 823533000, "interestIncome": 1199000, "interestExpense": 10360000, "depreciationAndAmortization": 69546000, "ebitda": 60482000, "ebitdaratio": 0.0685152019, "operatingIncome": 58617000, "operatingIncomeRatio": 0.0664024931, "totalOtherIncomeExpensesNet": -540000, "incomeBeforeTax": 49519000, "incomeBeforeTaxRatio": 0.0560960994, "incomeTaxExpense": 7502000, "netIncome": 42017000, "netIncomeRatio": 0.0475976859, "eps": 0.8, "epsdiluted": 0.78, "weightedAverageShsOut": 52268000, "weightedAverageShsOutDil": 53931000, "link": "https://www.sec.gov/Archives/edgar/data/856982/000085698219000016/0000856982-19-000016-index.htm", "finalLink": "https://www.sec.gov/Archives/edgar/data/856982/000085698219000016/mmsi-12312018x10k.htm", "calculatedOtherExpenses": 603000, "calculatedOperatingExpenses": 336153000, "calculatedNetInterest": -9161000, "calculatedOtherIncome": 63000, "calculatedIncomeNonControlling": 0, "calculatedEbitda": 128163000}, {"date": "2017-12-31", "symbol": "MMSI", "reportedCurrency": "USD", "cik": "0000856982", "fillingDate": "2018-03-01", "acceptedDate": "2018-03-01 16:52:32", "calendarYear": "2017", "period": "FY", "revenue": 727852000, "costOfRevenue": 401599000, "grossProfit": 326253000, "grossProfitRatio": 0.4482408512, "researchAndDevelopmentExpenses": 51403000, "generalAndAdministrativeExpenses": 0, "sellingAndMarketingExpenses": 0, "sellingGeneralAndAdministrativeExpenses": 229134000, "otherExpenses": -872000, "operatingExpenses": 280537000, "costAndExpenses": 682136000, "interestIncome": 381000, "interestExpense": 7736000, "depreciationAndAmortization": 53582000, "ebitda": 45225000, "ebitdaratio": 0.0621348846, "operatingIncome": 33069000, "operatingIncomeRatio": 0.0454336871, "totalOtherIncomeExpensesNet": -2480000, "incomeBeforeTax": 35881000, "incomeBeforeTaxRatio": 0.0492971099, "incomeTaxExpense": 8358000, "netIncome": 27523000, "netIncomeRatio": 0.0378140061, "eps": 0.56, "epsdiluted": 0.55, "weightedAverageShsOut": 48805000, "weightedAverageShsOutDil": 50101000, "link": "https://www.sec.gov/Archives/edgar/data/856982/000085698218000007/0000856982-18-000007-index.htm", "finalLink": "https://www.sec.gov/Archives/edgar/data/856982/000085698218000007/mmsi-12312017x10k.htm", "calculatedOtherExpenses": 12647000, "calculatedOperatingExpenses": 293184000, "calculatedNetInterest": -7355000, "calculatedOtherIncome": 10167000, "calculatedIncomeNonControlling": 0, "calculatedEbitda": 86651000}, {"date": "2016-12-31", "symbol": "MMSI", "reportedCurrency": "USD", "cik": "0000856982", "fillingDate": "2017-03-01", "acceptedDate": "2017-03-01 16:35:05", "calendarYear": "2016", "period": "FY", "revenue": 603838000, "costOfRevenue": 338813000, "grossProfit": 265025000, "grossProfitRatio": 0.438900831, "researchAndDevelopmentExpenses": 45229000, "generalAndAdministrativeExpenses": 0, "sellingAndMarketingExpenses": 0, "sellingGeneralAndAdministrativeExpenses": 184398000, "otherExpenses": -773000, "operatingExpenses": 229627000, "costAndExpenses": 568440000, "interestIncome": 81000, "interestExpense": 8798000, "depreciationAndAmortization": 43755000, "ebitda": 34706000, "ebitdaratio": 0.0574756806, "operatingIncome": 34876000, "operatingIncomeRatio": 0.057757213, "totalOtherIncomeExpensesNet": -1295000, "incomeBeforeTax": 25386000, "incomeBeforeTaxRatio": 0.0420410772, "incomeTaxExpense": 5265000, "netIncome": 20121000, "netIncomeRatio": 0.0333218512, "eps": 0.45, "epsdiluted": 0.45, "weightedAverageShsOut": 44408000, "weightedAverageShsOutDil": 44862000, "link": "https://www.sec.gov/Archives/edgar/data/856982/000085698217000011/0000856982-17-000011-index.htm", "finalLink": "https://www.sec.gov/Archives/edgar/data/856982/000085698217000011/mmsi-12312016x10k.htm", "calculatedOtherExpenses": 522000, "calculatedOperatingExpenses": 230149000, "calculatedNetInterest": -8717000, "calculatedOtherIncome": -773000, "calculatedIncomeNonControlling": 0, "calculatedEbitda": 78631000}, {"date": "2015-12-31", "symbol": "MMSI", "reportedCurrency": "USD", "cik": "0000856982", "fillingDate": "2016-02-29", "acceptedDate": "2016-02-29 13:50:39", "calendarYear": "2015", "period": "FY", "revenue": 542149000, "costOfRevenue": 306368000, "grossProfit": 235781000, "grossProfitRatio": 0.4349007376, "researchAndDevelopmentExpenses": 40810000, "generalAndAdministrativeExpenses": 0, "sellingAndMarketingExpenses": 0, "sellingGeneralAndAdministrativeExpenses": 156348000, "otherExpenses": -386000, "operatingExpenses": 197158000, "costAndExpenses": 503526000, "interestIncome": 272000, "interestExpense": 6229000, "depreciationAndAmortization": 37425000, "ebitda": 38509000, "ebitdaratio": 0.0710302887, "operatingIncome": 37543000, "operatingIncomeRatio": 0.0692484907, "totalOtherIncomeExpensesNet": -1466000, "incomeBeforeTax": 31200000, "incomeBeforeTaxRatio": 0.057548755, "incomeTaxExpense": 7398000, "netIncome": 23802000, "netIncomeRatio": 0.0439030599, "eps": 0.54, "epsdiluted": 0.53, "weightedAverageShsOut": 44036000, "weightedAverageShsOutDil": 44511000, "link": "https://www.sec.gov/Archives/edgar/data/856982/000085698216000076/0000856982-16-000076-index.htm", "finalLink": "https://www.sec.gov/Archives/edgar/data/856982/000085698216000076/mmsi-12312015x10k.htm", "calculatedOtherExpenses": 1080000, "calculatedOperatingExpenses": 198238000, "calculatedNetInterest": -5957000, "calculatedOtherIncome": -386000, "calculatedIncomeNonControlling": 0, "calculatedEbitda": 74968000}, {"date": "2014-12-31", "symbol": "MMSI", "reportedCurrency": "USD", "cik": "0000856982", "fillingDate": "2015-03-05", "acceptedDate": "2015-03-04 18:26:53", "calendarYear": "2014", "period": "FY", "revenue": 509689000, "costOfRevenue": 284467000, "grossProfit": 225222000, "grossProfitRatio": 0.4418812256, "researchAndDevelopmentExpenses": 36632000, "generalAndAdministrativeExpenses": 0, "sellingAndMarketingExpenses": 0, "sellingGeneralAndAdministrativeExpenses": 147894000, "otherExpenses": 18000, "operatingExpenses": 184526000, "costAndExpenses": 468993000, "interestIncome": 217000, "interestExpense": 8829000, "depreciationAndAmortization": 35929000, "ebitda": 40931000, "ebitdaratio": 0.0803058336, "operatingIncome": 40166000, "operatingIncomeRatio": 0.0788049183, "totalOtherIncomeExpensesNet": -512000, "incomeBeforeTax": 31572000, "incomeBeforeTaxRatio": 0.0619436558, "incomeTaxExpense": 8598000, "netIncome": 22974000, "netIncomeRatio": 0.0450745455, "eps": 0.53, "epsdiluted": 0.53, "weightedAverageShsOut": 43143000, "weightedAverageShsOutDil": 43409000, "link": "https://www.sec.gov/Archives/edgar/data/856982/000085698215000005/0000856982-15-000005-index.htm", "finalLink": "https://www.sec.gov/Archives/edgar/data/856982/000085698215000005/mmsi-12312014x10k.htm", "calculatedOtherExpenses": 530000, "calculatedOperatingExpenses": 185056000, "calculatedNetInterest": -8612000, "calculatedOtherIncome": 18000, "calculatedIncomeNonControlling": 0, "calculatedEbitda": 76095000}, {"date": "2013-12-31", "symbol": "MMSI", "reportedCurrency": "USD", "cik": "0000856982", "fillingDate": "2014-03-12", "acceptedDate": "2014-03-12 15:52:37", "calendarYear": "2013", "period": "FY", "revenue": 449049000, "costOfRevenue": 254682000, "grossProfit": 194367000, "grossProfitRatio": 0.4328414048, "researchAndDevelopmentExpenses": 33886000, "generalAndAdministrativeExpenses": 0, "sellingAndMarketingExpenses": 0, "sellingGeneralAndAdministrativeExpenses": 128642000, "otherExpenses": -216000, "operatingExpenses": 162528000, "costAndExpenses": 417210000, "interestIncome": 255000, "interestExpense": 8044000, "depreciationAndAmortization": 32542000, "ebitda": 31878000, "ebitdaratio": 0.0709900256, "operatingIncome": 27844000, "operatingIncomeRatio": 0.0620065962, "totalOtherIncomeExpensesNet": -4211000, "incomeBeforeTax": 19839000, "incomeBeforeTaxRatio": 0.0441800338, "incomeTaxExpense": 3269000, "netIncome": 16570000, "netIncomeRatio": 0.0369002047, "eps": 0.39, "epsdiluted": 0.39, "weightedAverageShsOut": 42607000, "weightedAverageShsOutDil": 42884000, "link": "https://www.sec.gov/Archives/edgar/data/856982/000085698214000011/0000856982-14-000011-index.htm", "finalLink": "https://www.sec.gov/Archives/edgar/data/856982/000085698214000011/mmsi-12312013x10k.htm", "calculatedOtherExpenses": 3995000, "calculatedOperatingExpenses": 166523000, "calculatedNetInterest": -7789000, "calculatedOtherIncome": -216000, "calculatedIncomeNonControlling": 0, "calculatedEbitda": 60386000}, {"date": "2012-12-31", "symbol": "MMSI", "reportedCurrency": "USD", "cik": "0000856982", "fillingDate": "2013-03-01", "acceptedDate": "2013-03-01 13:20:45", "calendarYear": "2012", "period": "FY", "revenue": 394288000, "costOfRevenue": 212296000, "grossProfit": 181992000, "grossProfitRatio": 0.4615712373, "researchAndDevelopmentExpenses": 27795000, "generalAndAdministrativeExpenses": 0, "sellingAndMarketingExpenses": 0, "sellingGeneralAndAdministrativeExpenses": 122106000, "otherExpenses": -1645000, "operatingExpenses": 149901000, "costAndExpenses": 362197000, "interestIncome": 226000, "interestExpense": 604000, "depreciationAndAmortization": 22534000, "ebitda": 30672000, "ebitdaratio": 0.0777908534, "operatingIncome": 29641000, "operatingIncomeRatio": 0.0751760135, "totalOtherIncomeExpensesNet": -4095000, "incomeBeforeTax": 27618000, "incomeBeforeTaxRatio": 0.0700452461, "incomeTaxExpense": 7908000, "netIncome": 19710000, "netIncomeRatio": 0.0499888406, "eps": 0.47, "epsdiluted": 0.46, "weightedAverageShsOut": 42176000, "weightedAverageShsOutDil": 42610000, "link": "https://www.sec.gov/Archives/edgar/data/856982/000085698213000009/0000856982-13-000009-index.htm", "finalLink": "https://www.sec.gov/Archives/edgar/data/856982/000085698213000009/mmsi-12312012x10k.htm", "calculatedOtherExpenses": 2450000, "calculatedOperatingExpenses": 152351000, "calculatedNetInterest": -378000, "calculatedOtherIncome": -1645000, "calculatedIncomeNonControlling": 0, "calculatedEbitda": 52175000}, {"date": "2011-12-31", "symbol": "MMSI", "reportedCurrency": "USD", "cik": "0000856982", "fillingDate": "2012-02-29", "acceptedDate": "2012-02-29 13:03:59", "calendarYear": "2011", "period": "FY", "revenue": 359449000, "costOfRevenue": 193981000, "grossProfit": 165468000, "grossProfitRatio": 0.4603379061, "researchAndDevelopmentExpenses": 21938000, "generalAndAdministrativeExpenses": 0, "sellingAndMarketingExpenses": 0, "sellingGeneralAndAdministrativeExpenses": 104502000, "otherExpenses": 5838000, "operatingExpenses": 126440000, "costAndExpenses": 320421000, "interestIncome": 129000, "interestExpense": 789000, "depreciationAndAmortization": 19194000, "ebitda": 39157000, "ebitdaratio": 0.1089361773, "operatingIncome": 33190000, "operatingIncomeRatio": 0.0923357695, "totalOtherIncomeExpensesNet": -5493000, "incomeBeforeTax": 32875000, "incomeBeforeTaxRatio": 0.0914594282, "incomeTaxExpense": 9831000, "netIncome": 23044000, "netIncomeRatio": 0.0641092339, "eps": 0.59, "epsdiluted": 0.58, "weightedAverageShsOut": 39086000, "weightedAverageShsOutDil": 39733000, "link": "https://www.sec.gov/Archives/edgar/data/856982/000085698212000012/0000856982-12-000012-index.htm", "finalLink": "https://www.sec.gov/Archives/edgar/data/856982/000085698212000012/mmsi-12312011x10k.htm", "calculatedOtherExpenses": 5838000, "calculatedOperatingExpenses": 132278000, "calculatedNetInterest": -660000, "calculatedOtherIncome": 345000, "calculatedIncomeNonControlling": 0, "calculatedEbitda": 52384000}, {"date": "2010-12-31", "symbol": "MMSI", "reportedCurrency": "USD", "cik": "0000856982", "fillingDate": "2011-03-15", "acceptedDate": "2011-03-15 15:44:53", "calendarYear": "2010", "period": "FY", "revenue": 296755000, "costOfRevenue": 168257000, "grossProfit": 128498000, "grossProfitRatio": 0.4330103958, "researchAndDevelopmentExpenses": 15335000, "generalAndAdministrativeExpenses": 0, "sellingAndMarketingExpenses": 0, "sellingGeneralAndAdministrativeExpenses": 87615000, "otherExpenses": 8344000, "operatingExpenses": 102950000, "costAndExpenses": 271207000, "interestIncome": 34000, "interestExpense": 596000, "depreciationAndAmortization": 14856000, "ebitda": 25582000, "ebitdaratio": 0.0862057927, "operatingIncome": 17204000, "operatingIncomeRatio": 0.0579737494, "totalOtherIncomeExpensesNet": -8198000, "incomeBeforeTax": 16788000, "incomeBeforeTaxRatio": 0.0565719196, "incomeTaxExpense": 4328000, "netIncome": 12460000, "netIncomeRatio": 0.0419874981, "eps": 0.35, "epsdiluted": 0.34, "weightedAverageShsOut": 35290000, "weightedAverageShsOutDil": 35976250, "link": "https://www.sec.gov/Archives/edgar/data/856982/000110465911014389/0001104659-11-014389-index.htm", "finalLink": "https://www.sec.gov/Archives/edgar/data/856982/000110465911014389/a11-2104_110k.htm", "calculatedOtherExpenses": 8344000, "calculatedOperatingExpenses": 111294000, "calculatedNetInterest": -562000, "calculatedOtherIncome": 146000, "calculatedIncomeNonControlling": 0, "calculatedEbitda": 32060000}, {"date": "2009-12-31", "symbol": "MMSI", "reportedCurrency": "USD", "cik": "0000856982", "fillingDate": "2010-03-10", "acceptedDate": "2010-03-10 16:26:55", "calendarYear": "2009", "period": "FY", "revenue": 257462000, "costOfRevenue": 148660000, "grossProfit": 108802000, "grossProfitRatio": 0.4225944023, "researchAndDevelopmentExpenses": 11168000, "generalAndAdministrativeExpenses": 0, "sellingAndMarketingExpenses": 0, "sellingGeneralAndAdministrativeExpenses": 64787000, "otherExpenses": 0, "operatingExpenses": 75955000, "costAndExpenses": 224615000, "interestIncome": 178000, "interestExpense": 28000, "depreciationAndAmortization": 12271000, "ebitda": 33025000, "ebitdaratio": 0.1282713565, "operatingIncome": 32847000, "operatingIncomeRatio": 0.1275799924, "totalOtherIncomeExpensesNet": 69000, "incomeBeforeTax": 33094000, "incomeBeforeTaxRatio": 0.1285393573, "incomeTaxExpense": 10564000, "netIncome": 22530000, "netIncomeRatio": 0.0875080594, "eps": 0.64, "epsdiluted": 0.63, "weightedAverageShsOut": 35013750, "weightedAverageShsOutDil": 35757500, "link": "https://www.sec.gov/Archives/edgar/data/856982/000110465910013524/0001104659-10-013524-index.htm", "finalLink": "https://www.sec.gov/Archives/edgar/data/856982/000110465910013524/a09-35848_110k.htm", "calculatedOtherExpenses": 0, "calculatedOperatingExpenses": 75955000, "calculatedNetInterest": 150000, "calculatedOtherIncome": 97000, "calculatedIncomeNonControlling": 0, "calculatedEbitda": 45118000}, {"date": "2008-12-31", "symbol": "MMSI", "reportedCurrency": "USD", "cik": "0000856982", "fillingDate": "2009-03-04", "acceptedDate": "2009-03-04 15:44:41", "calendarYear": "2008", "period": "FY", "revenue": 227143000, "costOfRevenue": 133872000, "grossProfit": 93271000, "grossProfitRatio": 0.4106267858, "researchAndDevelopmentExpenses": 9160000, "generalAndAdministrativeExpenses": 0, "sellingAndMarketingExpenses": 0, "sellingGeneralAndAdministrativeExpenses": 53127000, "otherExpenses": 0, "operatingExpenses": 62287000, "costAndExpenses": 196159000, "interestIncome": 0, "interestExpense": -17000, "depreciationAndAmortization": 10240000, "ebitda": 41127000, "ebitdaratio": 0.1810621503, "operatingIncome": 30984000, "operatingIncomeRatio": 0.1364074614, "totalOtherIncomeExpensesNet": 97000, "incomeBeforeTax": 31845000, "incomeBeforeTaxRatio": 0.140198025, "incomeTaxExpense": 11118000, "netIncome": 20727000, "netIncomeRatio": 0.091250886, "eps": 0.6, "epsdiluted": 0.58, "weightedAverageShsOut": 34711250, "weightedAverageShsOutDil": 35687500, "link": "https://www.sec.gov/Archives/edgar/data/856982/000110465909014223/0001104659-09-014223-index.htm", "finalLink": "https://www.sec.gov/Archives/edgar/data/856982/000110465909014223/a09-1365_110k.htm", "calculatedOtherExpenses": 0, "calculatedOperatingExpenses": 62287000, "calculatedNetInterest": 17000, "calculatedOtherIncome": 844000, "calculatedIncomeNonControlling": 0, "calculatedEbitda": 41224000}, {"date": "2007-12-31", "symbol": "MMSI", "reportedCurrency": "USD", "cik": "0000856982", "fillingDate": "2008-03-12", "acceptedDate": "2008-03-12 16:09:52", "calendarYear": "2007", "period": "FY", "revenue": 207768000, "costOfRevenue": 127977000, "grossProfit": 79791000, "grossProfitRatio": 0.384038928, "researchAndDevelopmentExpenses": 8688000, "generalAndAdministrativeExpenses": 0, "sellingAndMarketingExpenses": 0, "sellingGeneralAndAdministrativeExpenses": 48133000, "otherExpenses": 0, "operatingExpenses": 56821000, "costAndExpenses": 184798000, "interestIncome": 0, "interestExpense": -10000, "depreciationAndAmortization": 9309000, "ebitda": 32240000, "ebitdaratio": 0.1551730777, "operatingIncome": 22970000, "operatingIncomeRatio": 0.1105560048, "totalOtherIncomeExpensesNet": 39000, "incomeBeforeTax": 23399000, "incomeBeforeTaxRatio": 0.1126208078, "incomeTaxExpense": 7811000, "netIncome": 15588000, "netIncomeRatio": 0.0750259905, "eps": 0.46, "epsdiluted": 0.44, "weightedAverageShsOut": 34281250, "weightedAverageShsOutDil": 35255000, "link": "https://www.sec.gov/Archives/edgar/data/856982/000110465908017106/0001104659-08-017106-index.htm", "finalLink": "https://www.sec.gov/Archives/edgar/data/856982/000110465908017106/a08-2575_110k.htm", "calculatedOtherExpenses": 0, "calculatedOperatingExpenses": 56821000, "calculatedNetInterest": 10000, "calculatedOtherIncome": 419000, "calculatedIncomeNonControlling": 0, "calculatedEbitda": 32279000}, {"date": "2006-12-31", "symbol": "MMSI", "reportedCurrency": "USD", "cik": "0000856982", "fillingDate": "2007-03-15", "acceptedDate": "2007-03-15 17:08:03", "calendarYear": "2006", "period": "FY", "revenue": 190674000, "costOfRevenue": 117596000, "grossProfit": 73078000, "grossProfitRatio": 0.3832614829, "researchAndDevelopmentExpenses": 8582000, "generalAndAdministrativeExpenses": 0, "sellingAndMarketingExpenses": 0, "sellingGeneralAndAdministrativeExpenses": 45486000, "otherExpenses": 0, "operatingExpenses": 54068000, "costAndExpenses": 171664000, "interestIncome": 0, "interestExpense": -10000, "depreciationAndAmortization": 8100000, "ebitda": 27174000, "ebitdaratio": 0.1425154977, "operatingIncome": 19010000, "operatingIncomeRatio": 0.0996989626, "totalOtherIncomeExpensesNet": -64000, "incomeBeforeTax": 19184000, "incomeBeforeTaxRatio": 0.1006115149, "incomeTaxExpense": 6883000, "netIncome": 12301000, "netIncomeRatio": 0.064513253, "eps": 0.36, "epsdiluted": 0.35, "weightedAverageShsOut": 34166432, "weightedAverageShsOutDil": 35306185, "link": "https://www.sec.gov/Archives/edgar/data/856982/000110465907019611/0001104659-07-019611-index.htm", "finalLink": "https://www.sec.gov/Archives/edgar/data/856982/000110465907019611/a07-5555_110k.htm", "calculatedOtherExpenses": 0, "calculatedOperatingExpenses": 54068000, "calculatedNetInterest": 10000, "calculatedOtherIncome": 164000, "calculatedIncomeNonControlling": 0, "calculatedEbitda": 27110000}, {"date": "2005-12-31", "symbol": "MMSI", "reportedCurrency": "USD", "cik": "0000856982", "fillingDate": "2006-03-14", "acceptedDate": "2006-03-14 16:30:56", "calendarYear": "2005", "period": "FY", "revenue": 166585000, "costOfRevenue": 97493000, "grossProfit": 69092000, "grossProfitRatio": 0.4147552301, "researchAndDevelopmentExpenses": 6992000, "generalAndAdministrativeExpenses": 0, "sellingAndMarketingExpenses": 0, "sellingGeneralAndAdministrativeExpenses": 38579000, "otherExpenses": 0, "operatingExpenses": 45571000, "costAndExpenses": 143064000, "interestIncome": 0, "interestExpense": -10000, "depreciationAndAmortization": 5642000, "ebitda": 29257000, "ebitdaratio": 0.1756280577, "operatingIncome": 23521000, "operatingIncomeRatio": 0.1411951856, "totalOtherIncomeExpensesNet": -94000, "incomeBeforeTax": 23900000, "incomeBeforeTaxRatio": 0.1434703004, "incomeTaxExpense": 8122000, "netIncome": 15778000, "netIncomeRatio": 0.0947144101, "eps": 0.47, "epsdiluted": 0.46, "weightedAverageShsOut": 33560558, "weightedAverageShsOutDil": 34808902, "link": "https://www.sec.gov/Archives/edgar/data/856982/000110465906016506/0001104659-06-016506-index.htm", "finalLink": "https://www.sec.gov/Archives/edgar/data/856982/000110465906016506/a06-2011_110k.htm", "calculatedOtherExpenses": 0, "calculatedOperatingExpenses": 45571000, "calculatedNetInterest": 10000, "calculatedOtherIncome": 369000, "calculatedIncomeNonControlling": 0, "calculatedEbitda": 29163000}, {"date": "2004-12-31", "symbol": "MMSI", "reportedCurrency": "USD", "cik": "0000856982", "fillingDate": "2005-03-15", "acceptedDate": "2005-03-15 17:25:03", "calendarYear": "2004", "period": "FY", "revenue": 151398000, "costOfRevenue": 83908000, "grossProfit": 67490000, "grossProfitRatio": 0.4457786761, "researchAndDevelopmentExpenses": 5079000, "generalAndAdministrativeExpenses": 0, "sellingAndMarketingExpenses": 0, "sellingGeneralAndAdministrativeExpenses": 35071000, "otherExpenses": 0, "operatingExpenses": 40150000, "costAndExpenses": 124058000, "interestIncome": 0, "interestExpense": -10000, "depreciationAndAmortization": 4492000, "ebitda": 31716000, "ebitdaratio": 0.2094875758, "operatingIncome": 27340000, "operatingIncomeRatio": 0.1805836273, "totalOtherIncomeExpensesNet": 116000, "incomeBeforeTax": 28006000, "incomeBeforeTaxRatio": 0.1849826286, "incomeTaxExpense": 10074000, "netIncome": 17932000, "netIncomeRatio": 0.11844278, "eps": 0.54, "epsdiluted": 0.52, "weightedAverageShsOut": 32875966, "weightedAverageShsOutDil": 34613335, "link": "https://www.sec.gov/Archives/edgar/data/856982/000110465905011178/0001104659-05-011178-index.htm", "finalLink": "https://www.sec.gov/Archives/edgar/data/856982/000110465905011178/a05-3416_110k.htm", "calculatedOtherExpenses": 0, "calculatedOperatingExpenses": 40150000, "calculatedNetInterest": 10000, "calculatedOtherIncome": 656000, "calculatedIncomeNonControlling": 0, "calculatedEbitda": 31832000}, {"date": "2003-12-31", "symbol": "MMSI", "reportedCurrency": "USD", "cik": "0000856982", "fillingDate": "2004-03-15", "acceptedDate": "2004-03-15 14:46:29", "calendarYear": "2003", "period": "FY", "revenue": 135953508, "costOfRevenue": 75229716, "grossProfit": 60723792, "grossProfitRatio": 0.4466511596, "researchAndDevelopmentExpenses": 4626459, "generalAndAdministrativeExpenses": 0, "sellingAndMarketingExpenses": 0, "sellingGeneralAndAdministrativeExpenses": 30467921, "otherExpenses": 0, "operatingExpenses": 35094380, "costAndExpenses": 110324096, "interestIncome": 0, "interestExpense": 0, "depreciationAndAmortization": 4228178, "ebitda": 28839256, "ebitdaratio": 0.2121258688, "operatingIncome": 25629412, "operatingIncomeRatio": 0.1885160036, "totalOtherIncomeExpensesNet": 1018334, "incomeBeforeTax": 27023381, "incomeBeforeTaxRatio": 0.1987692807, "incomeTaxExpense": 9727983, "netIncome": 17295398, "netIncomeRatio": 0.1272155331, "eps": 0.53, "epsdiluted": 0.51, "weightedAverageShsOut": 31564615, "weightedAverageShsOutDil": 33792500, "link": "https://www.sec.gov/Archives/edgar/data/856982/000093173104000064/0000931731-04-000064-index.htm", "finalLink": "https://www.sec.gov/Archives/edgar/data/856982/000093173104000064/mmsi-10k2003.txt", "calculatedOtherExpenses": 0, "calculatedOperatingExpenses": 35094380, "calculatedNetInterest": 0, "calculatedOtherIncome": 1393969, "calculatedIncomeNonControlling": 0, "calculatedEbitda": 29857590}, {"date": "2002-12-31", "symbol": "MMSI", "reportedCurrency": "USD", "cik": "0000856982", "fillingDate": "2003-03-31", "acceptedDate": "2003-03-31 12:30:56", "calendarYear": "2002", "period": "FY", "revenue": 116227201, "costOfRevenue": 67711728, "grossProfit": 48515473, "grossProfitRatio": 0.4174192666, "researchAndDevelopmentExpenses": 4007622, "generalAndAdministrativeExpenses": 0, "sellingAndMarketingExpenses": 0, "sellingGeneralAndAdministrativeExpenses": 27732363, "otherExpenses": 0, "operatingExpenses": 31739985, "costAndExpenses": 99451713, "interestIncome": 0, "interestExpense": 0, "depreciationAndAmortization": 4381137, "ebitda": 21172670, "ebitdaratio": 0.1821662211, "operatingIncome": 16775488, "operatingIncomeRatio": 0.1443335799, "totalOtherIncomeExpensesNet": -16045, "incomeBeforeTax": 16762279, "incomeBeforeTaxRatio": 0.1442199318, "incomeTaxExpense": 5452249, "netIncome": 11310030, "netIncomeRatio": 0.0973096651, "eps": 0.37, "epsdiluted": 0.34, "weightedAverageShsOut": 30114167, "weightedAverageShsOutDil": 32797500, "link": "https://www.sec.gov/Archives/edgar/data/856982/000093173103000094/0000931731-03-000094-index.htm", "finalLink": "https://www.sec.gov/Archives/edgar/data/856982/000093173103000094/merit10k.txt", "calculatedOtherExpenses": 0, "calculatedOperatingExpenses": 31739985, "calculatedNetInterest": 0, "calculatedOtherIncome": -13209, "calculatedIncomeNonControlling": 0, "calculatedEbitda": 21156625}, {"date": "2001-12-31", "symbol": "MMSI", "reportedCurrency": "USD", "cik": "0000856982", "fillingDate": "2002-04-01", "acceptedDate": "2002-04-01 00:00:00", "calendarYear": "2001", "period": "FY", "revenue": 104035806, "costOfRevenue": 65938044, "grossProfit": 38097762, "grossProfitRatio": 0.3661985567, "researchAndDevelopmentExpenses": 4117839, "generalAndAdministrativeExpenses": 0, "sellingAndMarketingExpenses": 0, "sellingGeneralAndAdministrativeExpenses": 24040297, "otherExpenses": 0, "operatingExpenses": 28158136, "costAndExpenses": 94096180, "interestIncome": 0, "interestExpense": 0, "depreciationAndAmortization": 4564457, "ebitda": 13717835, "ebitdaratio": 0.1318568628, "operatingIncome": 9939626, "operatingIncomeRatio": 0.0955404335, "totalOtherIncomeExpensesNet": 786248, "incomeBeforeTax": 9788395, "incomeBeforeTaxRatio": 0.0940867897, "incomeTaxExpense": 3052417, "netIncome": 6735978, "netIncomeRatio": 0.0647467277, "eps": 0.24, "epsdiluted": 0.23, "weightedAverageShsOut": 28171060, "weightedAverageShsOutDil": 29842030, "link": "https://www.sec.gov/Archives/edgar/data/856982/000093173102000127/0000931731-02-000127-index.htm", "finalLink": "https://www.sec.gov/Archives/edgar/data/856982/000093173102000127/merit10k.txt", "calculatedOtherExpenses": 0, "calculatedOperatingExpenses": 28158136, "calculatedNetInterest": 0, "calculatedOtherIncome": -151231, "calculatedIncomeNonControlling": 0, "calculatedEbitda": 14504083}, {"date": "2000-12-31", "symbol": "MMSI", "reportedCurrency": "USD", "cik": "0000856982", "fillingDate": "2001-04-02", "acceptedDate": "2001-04-02 00:00:00", "calendarYear": "2000", "period": "FY", "revenue": 91447512, "costOfRevenue": 56503777, "grossProfit": 34943735, "grossProfitRatio": 0.3821179411, "researchAndDevelopmentExpenses": 3864171, "generalAndAdministrativeExpenses": 0, "sellingAndMarketingExpenses": 0, "sellingGeneralAndAdministrativeExpenses": 23300352, "otherExpenses": 4319682, "operatingExpenses": 31484205, "costAndExpenses": 87987982, "interestIncome": 0, "interestExpense": 0, "depreciationAndAmortization": 4319682, "ebitda": 8184488, "ebitdaratio": 0.0894992966, "operatingIncome": 3459530, "operatingIncomeRatio": 0.0378307723, "totalOtherIncomeExpensesNet": -405276, "incomeBeforeTax": 773845, "incomeBeforeTaxRatio": 0.0084621766, "incomeTaxExpense": -52712, "netIncome": 826557, "netIncomeRatio": 0.0090385947, "eps": 0.0324, "epsdiluted": 0.0288, "weightedAverageShsOut": 26836485, "weightedAverageShsOutDil": 27293443, "link": "https://www.sec.gov/Archives/edgar/data/856982/000093173101500036/0000931731-01-500036-index.htm", "finalLink": "https://www.sec.gov/Archives/edgar/data/856982/000093173101500036/meritmedical10k.txt", "calculatedOtherExpenses": 4319682, "calculatedOperatingExpenses": 31484205, "calculatedNetInterest": 0, "calculatedOtherIncome": -2685685, "calculatedIncomeNonControlling": 0, "calculatedEbitda": 7779212}, {"date": "1999-12-31", "symbol": "MMSI", "reportedCurrency": "USD", "cik": "0000856982", "fillingDate": "2000-03-30", "acceptedDate": "2000-03-30 00:00:00", "calendarYear": "1999", "period": "FY", "revenue": 78000000, "costOfRevenue": 44300000, "grossProfit": 33700000, "grossProfitRatio": 0.4320512821, "researchAndDevelopmentExpenses": 3600000, "generalAndAdministrativeExpenses": 0, "sellingAndMarketingExpenses": 0, "sellingGeneralAndAdministrativeExpenses": 20400000, "otherExpenses": 3600000, "operatingExpenses": 27600000, "costAndExpenses": 71900000, "interestIncome": 0, "interestExpense": 0, "depreciationAndAmortization": 3600000, "ebitda": 9700000, "ebitdaratio": 0.1243589744, "operatingIncome": 6100000, "operatingIncomeRatio": 0.0782051282, "totalOtherIncomeExpensesNet": -1400000, "incomeBeforeTax": 4700000, "incomeBeforeTaxRatio": 0.0602564103, "incomeTaxExpense": 1500000, "netIncome": 3200000, "netIncomeRatio": 0.041025641, "eps": 0.12, "epsdiluted": 0.12, "weightedAverageShsOut": 26184669, "weightedAverageShsOutDil": 26268384, "link": "https://www.sec.gov/Archives/edgar/data/856982/000091205700014993/0000912057-00-014993-index.html", "finalLink": "https://www.sec.gov/Archives/edgar/data/856982/000091205700014993/", "calculatedOtherExpenses": 3600000, "calculatedOperatingExpenses": 27600000, "calculatedNetInterest": 0, "calculatedOtherIncome": -1400000, "calculatedIncomeNonControlling": 0, "calculatedEbitda": 9700000}, {"date": "1998-12-31", "symbol": "MMSI", "reportedCurrency": "USD", "cik": "0000856982", "fillingDate": "1999-03-31", "acceptedDate": "1999-03-31 00:00:00", "calendarYear": "1998", "period": "FY", "revenue": 68400000, "costOfRevenue": 39600000, "grossProfit": 28800000, "grossProfitRatio": 0.4210526316, "researchAndDevelopmentExpenses": 3200000, "generalAndAdministrativeExpenses": 0, "sellingAndMarketingExpenses": 0, "sellingGeneralAndAdministrativeExpenses": 17500000, "otherExpenses": 2800000, "operatingExpenses": 23500000, "costAndExpenses": 63100000, "interestIncome": 0, "interestExpense": 0, "depreciationAndAmortization": 2800000, "ebitda": 8200000, "ebitdaratio": 0.1198830409, "operatingIncome": 5300000, "operatingIncomeRatio": 0.0774853801, "totalOtherIncomeExpensesNet": -100000, "incomeBeforeTax": 4200000, "incomeBeforeTaxRatio": 0.0614035088, "incomeTaxExpense": 1700000, "netIncome": 2500000, "netIncomeRatio": 0.0365497076, "eps": 0.095, "epsdiluted": 0.095, "weightedAverageShsOut": 25763378, "weightedAverageShsOutDil": 25999481, "link": "https://www.sec.gov/Archives/edgar/data/856982/000093173199000137/0000931731-99-000137-index.html", "finalLink": "https://www.sec.gov/Archives/edgar/data/856982/", "calculatedOtherExpenses": 2800000, "calculatedOperatingExpenses": 23500000, "calculatedNetInterest": 0, "calculatedOtherIncome": -1100000, "calculatedIncomeNonControlling": 0, "calculatedEbitda": 8100000}, {"date": "1997-12-31", "symbol": "MMSI", "reportedCurrency": "USD", "cik": "0000856982", "fillingDate": "1998-03-31", "acceptedDate": "1998-03-31 00:00:00", "calendarYear": "1997", "period": "FY", "revenue": 60600000, "costOfRevenue": 35100000, "grossProfit": 25500000, "grossProfitRatio": 0.4207920792, "researchAndDevelopmentExpenses": 4400000, "generalAndAdministrativeExpenses": 0, "sellingAndMarketingExpenses": 0, "sellingGeneralAndAdministrativeExpenses": 15700000, "otherExpenses": 2700000, "operatingExpenses": 22800000, "costAndExpenses": 57900000, "interestIncome": 0, "interestExpense": 0, "depreciationAndAmortization": 2700000, "ebitda": 5400000, "ebitdaratio": 0.0891089109, "operatingIncome": 2700000, "operatingIncomeRatio": 0.0445544554, "totalOtherIncomeExpensesNet": -1000000, "incomeBeforeTax": 1700000, "incomeBeforeTaxRatio": 0.0280528053, "incomeTaxExpense": 900000, "netIncome": 800000, "netIncomeRatio": 0.0132013201, "eps": 0.0317, "epsdiluted": 0.0317, "weightedAverageShsOut": 25252525, "weightedAverageShsOutDil": 25252525, "link": "https://www.sec.gov/Archives/edgar/data/856982/000093173198000087/0000931731-98-000087-index.html", "finalLink": "https://www.sec.gov/Archives/edgar/data/856982/", "calculatedOtherExpenses": 2700000, "calculatedOperatingExpenses": 22800000, "calculatedNetInterest": 0, "calculatedOtherIncome": -1000000, "calculatedIncomeNonControlling": 0, "calculatedEbitda": 5400000}, {"date": "1996-12-31", "symbol": "MMSI", "reportedCurrency": "USD", "cik": "0000856982", "fillingDate": "1997-03-31", "acceptedDate": "1997-03-31 00:00:00", "calendarYear": "1996", "period": "FY", "revenue": 50500000, "costOfRevenue": 26900000, "grossProfit": 23600000, "grossProfitRatio": 0.4673267327, "researchAndDevelopmentExpenses": 2500000, "generalAndAdministrativeExpenses": 0, "sellingAndMarketingExpenses": 0, "sellingGeneralAndAdministrativeExpenses": 14300000, "otherExpenses": 2400000, "operatingExpenses": 19200000, "costAndExpenses": 46100000, "interestIncome": 0, "interestExpense": 0, "depreciationAndAmortization": 2400000, "ebitda": 6800000, "ebitdaratio": 0.1346534653, "operatingIncome": 4400000, "operatingIncomeRatio": 0.0871287129, "totalOtherIncomeExpensesNet": -900000, "incomeBeforeTax": 3500000, "incomeBeforeTaxRatio": 0.0693069307, "incomeTaxExpense": 1300000, "netIncome": 2200000, "netIncomeRatio": 0.0435643564, "eps": 0.0893, "epsdiluted": 0.0893, "weightedAverageShsOut": 24484577, "weightedAverageShsOutDil": 24594907, "link": "https://www.sec.gov/Archives/edgar/data/856982/000093173197000079/0000931731-97-000079-index.html", "finalLink": "https://www.sec.gov/Archives/edgar/data/856982/", "calculatedOtherExpenses": 2400000, "calculatedOperatingExpenses": 19200000, "calculatedNetInterest": 0, "calculatedOtherIncome": -900000, "calculatedIncomeNonControlling": 0, "calculatedEbitda": 6800000}, {"date": "1995-12-31", "symbol": "MMSI", "reportedCurrency": "USD", "cik": "0000856982", "fillingDate": "1995-12-31", "acceptedDate": "1995-12-31 00:00:00", "calendarYear": "1995", "period": "FY", "revenue": 42600000, "costOfRevenue": 23300000, "grossProfit": 19300000, "grossProfitRatio": 0.4530516432, "researchAndDevelopmentExpenses": 2300000, "generalAndAdministrativeExpenses": 0, "sellingAndMarketingExpenses": 0, "sellingGeneralAndAdministrativeExpenses": 12800000, "otherExpenses": 1700000, "operatingExpenses": 16800000, "costAndExpenses": 40100000, "interestIncome": 0, "interestExpense": 0, "depreciationAndAmortization": 1700000, "ebitda": 4200000, "ebitdaratio": 0.0985915493, "operatingIncome": 2500000, "operatingIncomeRatio": 0.058685446, "totalOtherIncomeExpensesNet": -600000, "incomeBeforeTax": 1900000, "incomeBeforeTaxRatio": 0.044600939, "incomeTaxExpense": 700000, "netIncome": 1200000, "netIncomeRatio": 0.0281690141, "eps": 0.0518, "epsdiluted": 0.0518, "weightedAverageShsOut": 23148148, "weightedAverageShsOutDil": 23148148, "link": null, "finalLink": null, "calculatedOtherExpenses": 1700000, "calculatedOperatingExpenses": 16800000, "calculatedNetInterest": 0, "calculatedOtherIncome": -600000, "calculatedIncomeNonControlling": 0, "calculatedEbitda": 4200000}, {"date": "1994-12-31", "symbol": "MMSI", "reportedCurrency": "USD", "cik": "0000856982", "fillingDate": "1994-12-31", "acceptedDate": "1994-12-31 00:00:00", "calendarYear": "1994", "period": "FY", "revenue": 33300000, "costOfRevenue": 17400000, "grossProfit": 15900000, "grossProfitRatio": 0.4774774775, "researchAndDevelopmentExpenses": 2100000, "generalAndAdministrativeExpenses": 0, "sellingAndMarketingExpenses": 0, "sellingGeneralAndAdministrativeExpenses": 10200000, "otherExpenses": 1600000, "operatingExpenses": 13900000, "costAndExpenses": 31300000, "interestIncome": 0, "interestExpense": 0, "depreciationAndAmortization": 1600000, "ebitda": 3500000, "ebitdaratio": 0.1051051051, "operatingIncome": 2000000, "operatingIncomeRatio": 0.0600600601, "totalOtherIncomeExpensesNet": 100000, "incomeBeforeTax": 2100000, "incomeBeforeTaxRatio": 0.0630630631, "incomeTaxExpense": 800000, "netIncome": 1300000, "netIncomeRatio": 0.039039039, "eps": 0.0547, "epsdiluted": 0.0547, "weightedAverageShsOut": 23757310, "weightedAverageShsOutDil": 23757310, "link": null, "finalLink": null, "calculatedOtherExpenses": 1600000, "calculatedOperatingExpenses": 13900000, "calculatedNetInterest": 0, "calculatedOtherIncome": 100000, "calculatedIncomeNonControlling": 0, "calculatedEbitda": 3600000}, {"date": "1993-12-31", "symbol": "MMSI", "reportedCurrency": "USD", "cik": "0000856982", "fillingDate": "1993-12-31", "acceptedDate": "1993-12-31 00:00:00", "calendarYear": "1993", "period": "FY", "revenue": 25400000, "costOfRevenue": 12300000, "grossProfit": 13100000, "grossProfitRatio": 0.5157480315, "researchAndDevelopmentExpenses": 0, "generalAndAdministrativeExpenses": 0, "sellingAndMarketingExpenses": 0, "sellingGeneralAndAdministrativeExpenses": 9100000, "otherExpenses": 1400000, "operatingExpenses": 10500000, "costAndExpenses": 22800000, "interestIncome": 0, "interestExpense": 0, "depreciationAndAmortization": 1400000, "ebitda": 3900000, "ebitdaratio": 0.1535433071, "operatingIncome": 2600000, "operatingIncomeRatio": 0.1023622047, "totalOtherIncomeExpensesNet": 100000, "incomeBeforeTax": 2600000, "incomeBeforeTaxRatio": 0.1023622047, "incomeTaxExpense": 800000, "netIncome": 1800000, "netIncomeRatio": 0.0708661417, "eps": 0.0806, "epsdiluted": 0.0806, "weightedAverageShsOut": 22321429, "weightedAverageShsOutDil": 22321429, "link": null, "finalLink": null, "calculatedOtherExpenses": 1400000, "calculatedOperatingExpenses": 10500000, "calculatedNetInterest": 0, "calculatedOtherIncome": 0, "calculatedIncomeNonControlling": 0, "calculatedEbitda": 4000000}, {"date": "1992-12-31", "symbol": "MMSI", "reportedCurrency": "USD", "cik": "0000856982", "fillingDate": "1992-12-31", "acceptedDate": "1992-12-31 00:00:00", "calendarYear": "1992", "period": "FY", "revenue": 18400000, "costOfRevenue": 7600000, "grossProfit": 10800000, "grossProfitRatio": 0.5869565217, "researchAndDevelopmentExpenses": 0, "generalAndAdministrativeExpenses": 0, "sellingAndMarketingExpenses": 0, "sellingGeneralAndAdministrativeExpenses": 8000000, "otherExpenses": 1100000, "operatingExpenses": 9100000, "costAndExpenses": 16700000, "interestIncome": 0, "interestExpense": 0, "depreciationAndAmortization": 1100000, "ebitda": 2800000, "ebitdaratio": 0.152173913, "operatingIncome": 1700000, "operatingIncomeRatio": 0.0923913043, "totalOtherIncomeExpensesNet": 0, "incomeBeforeTax": 1700000, "incomeBeforeTaxRatio": 0.0923913043, "incomeTaxExpense": 500000, "netIncome": 1200000, "netIncomeRatio": 0.0652173913, "eps": 0.0547, "epsdiluted": 0.0547, "weightedAverageShsOut": 21929825, "weightedAverageShsOutDil": 21929825, "link": null, "finalLink": null, "calculatedOtherExpenses": 1100000, "calculatedOperatingExpenses": 9100000, "calculatedNetInterest": 0, "calculatedOtherIncome": 0, "calculatedIncomeNonControlling": 0, "calculatedEbitda": 2800000}, {"date": "1991-12-31", "symbol": "MMSI", "reportedCurrency": "USD", "cik": "0000856982", "fillingDate": "1991-12-31", "acceptedDate": "1991-12-31 00:00:00", "calendarYear": "1991", "period": "FY", "revenue": 10500000, "costOfRevenue": 3800000, "grossProfit": 6700000, "grossProfitRatio": 0.6380952381, "researchAndDevelopmentExpenses": 0, "generalAndAdministrativeExpenses": 0, "sellingAndMarketingExpenses": 0, "sellingGeneralAndAdministrativeExpenses": 4700000, "otherExpenses": 500000, "operatingExpenses": 5200000, "costAndExpenses": 9000000, "interestIncome": 0, "interestExpense": 0, "depreciationAndAmortization": 500000, "ebitda": 1900000, "ebitdaratio": 0.180952381, "operatingIncome": 1500000, "operatingIncomeRatio": 0.1428571429, "totalOtherIncomeExpensesNet": 100000, "incomeBeforeTax": 1700000, "incomeBeforeTaxRatio": 0.1619047619, "incomeTaxExpense": 400000, "netIncome": 1300000, "netIncomeRatio": 0.1238095238, "eps": 0.0634, "epsdiluted": 0.0634, "weightedAverageShsOut": 20517677, "weightedAverageShsOutDil": 20517677, "link": null, "finalLink": null, "calculatedOtherExpenses": 500000, "calculatedOperatingExpenses": 5200000, "calculatedNetInterest": 0, "calculatedOtherIncome": 200000, "calculatedIncomeNonControlling": 0, "calculatedEbitda": 2000000}, {"date": "1990-12-31", "symbol": "MMSI", "reportedCurrency": "USD", "cik": "0000856982", "fillingDate": "1990-12-31", "acceptedDate": "1990-12-31 00:00:00", "calendarYear": "1990", "period": "FY", "revenue": 4400000, "costOfRevenue": 2000000, "grossProfit": 2400000, "grossProfitRatio": 0.5454545455, "researchAndDevelopmentExpenses": 0, "generalAndAdministrativeExpenses": 0, "sellingAndMarketingExpenses": 0, "sellingGeneralAndAdministrativeExpenses": 2100000, "otherExpenses": 200000, "operatingExpenses": 2300000, "costAndExpenses": 4300000, "interestIncome": 0, "interestExpense": 0, "depreciationAndAmortization": 200000, "ebitda": 200000, "ebitdaratio": 0.0454545455, "operatingIncome": 100000, "operatingIncomeRatio": 0.0227272727, "totalOtherIncomeExpensesNet": 100000, "incomeBeforeTax": 100000, "incomeBeforeTaxRatio": 0.0227272727, "incomeTaxExpense": -100000, "netIncome": 100000, "netIncomeRatio": 0.0227272727, "eps": 0.0086, "epsdiluted": 0.0086, "weightedAverageShsOut": 11574074, "weightedAverageShsOutDil": 11574074, "link": null, "finalLink": null, "calculatedOtherExpenses": 200000, "calculatedOperatingExpenses": 2300000, "calculatedNetInterest": 0, "calculatedOtherIncome": 0, "calculatedIncomeNonControlling": 100000, "calculatedEbitda": 300000}, {"date": "1989-12-31", "symbol": "MMSI", "reportedCurrency": "USD", "cik": "0000856982", "fillingDate": "1989-12-31", "acceptedDate": "1989-12-31 00:00:00", "calendarYear": "1989", "period": "FY", "revenue": 1400000, "costOfRevenue": 1700000, "grossProfit": -300000, "grossProfitRatio": -0.2142857143, "researchAndDevelopmentExpenses": 0, "generalAndAdministrativeExpenses": 0, "sellingAndMarketingExpenses": 0, "sellingGeneralAndAdministrativeExpenses": 0, "otherExpenses": 100000, "operatingExpenses": 100000, "costAndExpenses": 1800000, "interestIncome": 0, "interestExpense": 0, "depreciationAndAmortization": 100000, "ebitda": -300000, "ebitdaratio": -0.2142857143, "operatingIncome": -400000, "operatingIncomeRatio": -0.2857142857, "totalOtherIncomeExpensesNet": 400000, "incomeBeforeTax": -400000, "incomeBeforeTaxRatio": -0.2857142857, "incomeTaxExpense": 400000, "netIncome": -400000, "netIncomeRatio": -0.2857142857, "eps": -0.0288, "epsdiluted": -0.0288, "weightedAverageShsOut": 13888889, "weightedAverageShsOutDil": 13888889, "link": null, "finalLink": null, "calculatedOtherExpenses": 100000, "calculatedOperatingExpenses": 100000, "calculatedNetInterest": 0, "calculatedOtherIncome": 0, "calculatedIncomeNonControlling": -400000, "calculatedEbitda": -300000}]}