{"originalCurrency": "USD", "convertedCurrency": "USD", "report": [{"date": "2023-12-31", "symbol": "MO", "reportedCurrency": "USD", "cik": "0000764180", "fillingDate": "2024-02-27", "acceptedDate": "2024-02-27 14:18:36", "calendarYear": "2023", "period": "FY", "revenue": 20502000000, "costOfRevenue": 6218000000, "grossProfit": 14284000000, "grossProfitRatio": 0.6967125159, "researchAndDevelopmentExpenses": 220000000, "generalAndAdministrativeExpenses": 0, "sellingAndMarketingExpenses": 0, "sellingGeneralAndAdministrativeExpenses": 2087000000, "otherExpenses": 127000000, "operatingExpenses": 2307000000, "costAndExpenses": 8525000000, "interestIncome": 160000000, "interestExpense": 1149000000, "depreciationAndAmortization": 272000000, "ebitda": 12249000000, "ebitdaratio": 0.5974539069, "operatingIncome": 11977000000, "operatingIncomeRatio": 0.5841869086, "totalOtherIncomeExpensesNet": -1049000000, "incomeBeforeTax": 10928000000, "incomeBeforeTaxRatio": 0.5330211687, "incomeTaxExpense": 2798000000, "netIncome": 8130000000, "netIncomeRatio": 0.3965466784, "eps": 4.57, "epsdiluted": 4.57, "weightedAverageShsOut": 1777000000, "weightedAverageShsOutDil": 1777000000, "link": "https://www.sec.gov/Archives/edgar/data/764180/000076418024000018/0000764180-24-000018-index.htm", "finalLink": "https://www.sec.gov/Archives/edgar/data/764180/000076418024000018/mo-20231231.htm", "calculatedOtherExpenses": 0, "calculatedOperatingExpenses": 2307000000, "calculatedNetInterest": -989000000, "calculatedOtherIncome": -60000000, "calculatedIncomeNonControlling": 0, "calculatedEbitda": 12249000000}, {"date": "2022-12-31", "symbol": "MO", "reportedCurrency": "USD", "cik": "0000764180", "fillingDate": "2023-02-27", "acceptedDate": "2023-02-27 14:16:53", "calendarYear": "2022", "period": "FY", "revenue": 20688000000, "costOfRevenue": 6442000000, "grossProfit": 14246000000, "grossProfitRatio": 0.6886117556, "researchAndDevelopmentExpenses": 162000000, "generalAndAdministrativeExpenses": -184000000, "sellingAndMarketingExpenses": 2327000000, "sellingGeneralAndAdministrativeExpenses": 2143000000, "otherExpenses": 184000000, "operatingExpenses": 2327000000, "costAndExpenses": 8585000000, "interestIncome": 70000000, "interestExpense": 1128000000, "depreciationAndAmortization": 226000000, "ebitda": 8758000000, "ebitdaratio": 0.4233372003, "operatingIncome": 8532000000, "operatingIncomeRatio": 0.412412993, "totalOtherIncomeExpensesNet": -1143000000, "incomeBeforeTax": 7389000000, "incomeBeforeTaxRatio": 0.3571635731, "incomeTaxExpense": 1625000000, "netIncome": 5764000000, "netIncomeRatio": 0.2786156226, "eps": 3.19, "epsdiluted": 3.19, "weightedAverageShsOut": 1804000000, "weightedAverageShsOutDil": 1804000000, "link": "https://www.sec.gov/Archives/edgar/data/764180/000076418023000020/0000764180-23-000020-index.htm", "finalLink": "https://www.sec.gov/Archives/edgar/data/764180/000076418023000020/mo-20221231.htm", "calculatedOtherExpenses": 3409000000, "calculatedOperatingExpenses": 5714000000, "calculatedNetInterest": -1058000000, "calculatedOtherIncome": -85000000, "calculatedIncomeNonControlling": 0, "calculatedEbitda": 8758000000}, {"date": "2021-12-31", "symbol": "MO", "reportedCurrency": "USD", "cik": "0000764180", "fillingDate": "2022-02-25", "acceptedDate": "2022-02-25 12:52:58", "calendarYear": "2021", "period": "FY", "revenue": 21111000000, "costOfRevenue": 7119000000, "grossProfit": 13992000000, "grossProfitRatio": 0.6627824357, "researchAndDevelopmentExpenses": 145000000, "generalAndAdministrativeExpenses": 345000000, "sellingAndMarketingExpenses": 2015000000, "sellingGeneralAndAdministrativeExpenses": 2360000000, "otherExpenses": 72000000, "operatingExpenses": 2432000000, "costAndExpenses": 9551000000, "interestIncome": 26000000, "interestExpense": 1188000000, "depreciationAndAmortization": 869000000, "ebitda": 12429000000, "ebitdaratio": 0.5887452039, "operatingIncome": 11560000000, "operatingIncomeRatio": 0.5475818294, "totalOtherIncomeExpensesNet": -7736000000, "incomeBeforeTax": 3824000000, "incomeBeforeTaxRatio": 0.1811377955, "incomeTaxExpense": 1349000000, "netIncome": 2475000000, "netIncomeRatio": 0.1172374591, "eps": 1.34, "epsdiluted": 1.34, "weightedAverageShsOut": 1845000000, "weightedAverageShsOutDil": 1845000000, "link": "https://www.sec.gov/Archives/edgar/data/764180/000076418022000019/0000764180-22-000019-index.htm", "finalLink": "https://www.sec.gov/Archives/edgar/data/764180/000076418022000019/mo-20211231.htm", "calculatedOtherExpenses": -73000000, "calculatedOperatingExpenses": 2432000000, "calculatedNetInterest": -1162000000, "calculatedOtherIncome": -6574000000, "calculatedIncomeNonControlling": 0, "calculatedEbitda": 12429000000}, {"date": "2020-12-31", "symbol": "MO", "reportedCurrency": "USD", "cik": "0000764180", "fillingDate": "2021-02-26", "acceptedDate": "2021-02-26 14:45:40", "calendarYear": "2020", "period": "FY", "revenue": 20841000000, "costOfRevenue": 7818000000, "grossProfit": 13023000000, "grossProfitRatio": 0.6248740464, "researchAndDevelopmentExpenses": 131000000, "generalAndAdministrativeExpenses": 227000000, "sellingAndMarketingExpenses": 1855000000, "sellingGeneralAndAdministrativeExpenses": 2082000000, "otherExpenses": 72000000, "operatingExpenses": 2154000000, "costAndExpenses": 9972000000, "interestIncome": 14000000, "interestExpense": 1223000000, "depreciationAndAmortization": 2804000000, "ebitda": 13677000000, "ebitdaratio": 0.6562544983, "operatingIncome": 10873000000, "operatingIncomeRatio": 0.52171201, "totalOtherIncomeExpensesNet": -3983000000, "incomeBeforeTax": 6890000000, "incomeBeforeTaxRatio": 0.3305983398, "incomeTaxExpense": 2436000000, "netIncome": 4467000000, "netIncomeRatio": 0.2143371239, "eps": 2.4, "epsdiluted": 2.4, "weightedAverageShsOut": 1858000000, "weightedAverageShsOutDil": 1859000000, "link": "https://www.sec.gov/Archives/edgar/data/764180/000076418021000037/0000764180-21-000037-index.htm", "finalLink": "https://www.sec.gov/Archives/edgar/data/764180/000076418021000037/mo-20201231.htm", "calculatedOtherExpenses": -63000000, "calculatedOperatingExpenses": 2150000000, "calculatedNetInterest": -1209000000, "calculatedOtherIncome": -2774000000, "calculatedIncomeNonControlling": -13000000, "calculatedEbitda": 13677000000}, {"date": "2019-12-31", "symbol": "MO", "reportedCurrency": "USD", "cik": "0000764180", "fillingDate": "2020-02-25", "acceptedDate": "2020-02-25 16:31:52", "calendarYear": "2019", "period": "FY", "revenue": 19796000000, "costOfRevenue": 7085000000, "grossProfit": 12711000000, "grossProfitRatio": 0.642099414, "researchAndDevelopmentExpenses": 168000000, "generalAndAdministrativeExpenses": 199000000, "sellingAndMarketingExpenses": 1983000000, "sellingGeneralAndAdministrativeExpenses": 2182000000, "otherExpenses": 44000000, "operatingExpenses": 2226000000, "costAndExpenses": 9311000000, "interestIncome": 42000000, "interestExpense": 1280000000, "depreciationAndAmortization": 226000000, "ebitda": 20730000000, "ebitdaratio": 1.0471812487, "operatingIncome": 20504000000, "operatingIncomeRatio": 1.035764801, "totalOtherIncomeExpensesNet": -19738000000, "incomeBeforeTax": 766000000, "incomeBeforeTaxRatio": 0.0386946858, "incomeTaxExpense": 2064000000, "netIncome": -1298000000, "netIncomeRatio": -0.0655688018, "eps": -0.69, "epsdiluted": -0.69, "weightedAverageShsOut": 1869000000, "weightedAverageShsOutDil": 1869000000, "link": "https://www.sec.gov/Archives/edgar/data/764180/000076418020000018/0000764180-20-000018-index.htm", "finalLink": "https://www.sec.gov/Archives/edgar/data/764180/000076418020000018/a2019form10-kq4.htm", "calculatedOtherExpenses": -10143000000, "calculatedOperatingExpenses": -7793000000, "calculatedNetInterest": -1238000000, "calculatedOtherIncome": -18500000000, "calculatedIncomeNonControlling": 0, "calculatedEbitda": 20730000000}, {"date": "2018-12-31", "symbol": "MO", "reportedCurrency": "USD", "cik": "0000764180", "fillingDate": "2019-02-26", "acceptedDate": "2019-02-26 13:49:51", "calendarYear": "2018", "period": "FY", "revenue": 19627000000, "costOfRevenue": 7373000000, "grossProfit": 12254000000, "grossProfitRatio": 0.6243440159, "researchAndDevelopmentExpenses": 252000000, "generalAndAdministrativeExpenses": 2718000000, "sellingAndMarketingExpenses": 2756000000, "sellingGeneralAndAdministrativeExpenses": 2718000000, "otherExpenses": 34000000, "operatingExpenses": 2756000000, "costAndExpenses": 10129000000, "interestIncome": 32000000, "interestExpense": 665000000, "depreciationAndAmortization": 38000000, "ebitda": 10460000000, "ebitdaratio": 0.5329393183, "operatingIncome": 9115000000, "operatingIncomeRatio": 0.4644112702, "totalOtherIncomeExpensesNet": 508000000, "incomeBeforeTax": 9341000000, "incomeBeforeTaxRatio": 0.4759260203, "incomeTaxExpense": 2374000000, "netIncome": 6963000000, "netIncomeRatio": 0.3547663932, "eps": 3.69, "epsdiluted": 3.69, "weightedAverageShsOut": 1887000000, "weightedAverageShsOutDil": 1888000000, "link": "https://www.sec.gov/Archives/edgar/data/764180/000076418019000023/0000764180-19-000023-index.htm", "finalLink": "https://www.sec.gov/Archives/edgar/data/764180/000076418019000023/a2018form10-kq4.htm", "calculatedOtherExpenses": 169000000, "calculatedOperatingExpenses": 3139000000, "calculatedNetInterest": -633000000, "calculatedOtherIncome": 859000000, "calculatedIncomeNonControlling": 4000000, "calculatedEbitda": 9153000000}, {"date": "2017-12-31", "symbol": "MO", "reportedCurrency": "USD", "cik": "0000764180", "fillingDate": "2018-02-27", "acceptedDate": "2018-02-27 17:31:37", "calendarYear": "2017", "period": "FY", "revenue": 19494000000, "costOfRevenue": 7543000000, "grossProfit": 11951000000, "grossProfitRatio": 0.6130604288, "researchAndDevelopmentExpenses": 241000000, "generalAndAdministrativeExpenses": 0, "sellingAndMarketingExpenses": 2362000000, "sellingGeneralAndAdministrativeExpenses": 2362000000, "otherExpenses": 0, "operatingExpenses": 2362000000, "costAndExpenses": 9905000000, "interestIncome": 31000000, "interestExpense": 736000000, "depreciationAndAmortization": 209000000, "ebitda": 10361000000, "ebitdaratio": 0.5314968708, "operatingIncome": 9556000000, "operatingIncomeRatio": 0.4902021135, "totalOtherIncomeExpensesNet": 944000000, "incomeBeforeTax": 9828000000, "incomeBeforeTaxRatio": 0.5041551247, "incomeTaxExpense": -399000000, "netIncome": 10222000000, "netIncomeRatio": 0.5243664717, "eps": 5.31, "epsdiluted": 5.31, "weightedAverageShsOut": 1921000000, "weightedAverageShsOutDil": 1921000000, "link": "https://www.sec.gov/Archives/edgar/data/764180/000076418018000028/0000764180-18-000028-index.htm", "finalLink": "https://www.sec.gov/Archives/edgar/data/764180/000076418018000028/a2017form10-kq4.htm", "calculatedOtherExpenses": -208000000, "calculatedOperatingExpenses": 2395000000, "calculatedNetInterest": -705000000, "calculatedOtherIncome": 977000000, "calculatedIncomeNonControlling": 5000000, "calculatedEbitda": 9765000000}, {"date": "2016-12-31", "symbol": "MO", "reportedCurrency": "USD", "cik": "0000764180", "fillingDate": "2017-02-27", "acceptedDate": "2017-02-27 13:56:20", "calendarYear": "2016", "period": "FY", "revenue": 19337000000, "costOfRevenue": 7746000000, "grossProfit": 11591000000, "grossProfitRatio": 0.5994207995, "researchAndDevelopmentExpenses": 203000000, "generalAndAdministrativeExpenses": 0, "sellingAndMarketingExpenses": 2650000000, "sellingGeneralAndAdministrativeExpenses": 2650000000, "otherExpenses": 0, "operatingExpenses": 2650000000, "costAndExpenses": 10396000000, "interestIncome": 13000000, "interestExpense": 760000000, "depreciationAndAmortization": 204000000, "ebitda": 9953000000, "ebitdaratio": 0.5147127269, "operatingIncome": 8762000000, "operatingIncomeRatio": 0.4531209598, "totalOtherIncomeExpensesNet": 13658000000, "incomeBeforeTax": 21852000000, "incomeBeforeTaxRatio": 1.1300615401, "incomeTaxExpense": 7608000000, "netIncome": 14239000000, "netIncomeRatio": 0.7363603455, "eps": 7.28, "epsdiluted": 7.28, "weightedAverageShsOut": 1952000000, "weightedAverageShsOutDil": 1952000000, "link": "https://www.sec.gov/Archives/edgar/data/764180/000076418017000028/0000764180-17-000028-index.htm", "finalLink": "https://www.sec.gov/Archives/edgar/data/764180/000076418017000028/a2016form10-k.htm", "calculatedOtherExpenses": -24000000, "calculatedOperatingExpenses": 2829000000, "calculatedNetInterest": -747000000, "calculatedOtherIncome": 13837000000, "calculatedIncomeNonControlling": 5000000, "calculatedEbitda": 8966000000}, {"date": "2015-12-31", "symbol": "MO", "reportedCurrency": "USD", "cik": "0000764180", "fillingDate": "2016-02-25", "acceptedDate": "2016-02-25 09:47:25", "calendarYear": "2015", "period": "FY", "revenue": 18854000000, "costOfRevenue": 7740000000, "grossProfit": 11114000000, "grossProfitRatio": 0.5894770341, "researchAndDevelopmentExpenses": 186000000, "generalAndAdministrativeExpenses": 2687000000, "sellingAndMarketingExpenses": 2708000000, "sellingGeneralAndAdministrativeExpenses": 2687000000, "otherExpenses": 5000000, "operatingExpenses": 2749000000, "costAndExpenses": 10489000000, "interestIncome": 4000000, "interestExpense": 817000000, "depreciationAndAmortization": 21000000, "ebitda": 9148000000, "ebitdaratio": 0.4852020791, "operatingIncome": 8361000000, "operatingIncomeRatio": 0.4434602737, "totalOtherIncomeExpensesNet": 530000000, "incomeBeforeTax": 8078000000, "incomeBeforeTaxRatio": 0.4284501962, "incomeTaxExpense": 2835000000, "netIncome": 5241000000, "netIncomeRatio": 0.2779781479, "eps": 2.67, "epsdiluted": 2.67, "weightedAverageShsOut": 1961000421, "weightedAverageShsOutDil": 1962921348, "link": "https://www.sec.gov/Archives/edgar/data/764180/000076418016000128/0000764180-16-000128-index.htm", "finalLink": "https://www.sec.gov/Archives/edgar/data/764180/000076418016000128/a2015form10-k.htm", "calculatedOtherExpenses": -120000000, "calculatedOperatingExpenses": 2753000000, "calculatedNetInterest": -813000000, "calculatedOtherIncome": 530000000, "calculatedIncomeNonControlling": 2000000, "calculatedEbitda": 8382000000}, {"date": "2014-12-31", "symbol": "MO", "reportedCurrency": "USD", "cik": "0000764180", "fillingDate": "2015-02-25", "acceptedDate": "2015-02-25 14:10:07", "calendarYear": "2014", "period": "FY", "revenue": 17945000000, "costOfRevenue": 7785000000, "grossProfit": 10160000000, "grossProfitRatio": 0.5661744218, "researchAndDevelopmentExpenses": 167000000, "generalAndAdministrativeExpenses": 2519000000, "sellingAndMarketingExpenses": 2539000000, "sellingGeneralAndAdministrativeExpenses": 2519000000, "otherExpenses": 2000000, "operatingExpenses": 2541000000, "costAndExpenses": 10326000000, "interestIncome": 49000000, "interestExpense": 808000000, "depreciationAndAmortization": 20000000, "ebitda": 8645000000, "ebitdaratio": 0.481749791, "operatingIncome": 7620000000, "operatingIncomeRatio": 0.4246308164, "totalOtherIncomeExpensesNet": 963000000, "incomeBeforeTax": 7774000000, "incomeBeforeTaxRatio": 0.433212594, "incomeTaxExpense": 2704000000, "netIncome": 5070000000, "netIncomeRatio": 0.2825299526, "eps": 2.56, "epsdiluted": 2.56, "weightedAverageShsOut": 1978000319, "weightedAverageShsOutDil": 1980468750, "link": "https://www.sec.gov/Archives/edgar/data/764180/000076418015000022/0000764180-15-000022-index.htm", "finalLink": "https://www.sec.gov/Archives/edgar/data/764180/000076418015000022/a2014form10-kq42014.htm", "calculatedOtherExpenses": -146000000, "calculatedOperatingExpenses": 2540000000, "calculatedNetInterest": -759000000, "calculatedOtherIncome": 913000000, "calculatedIncomeNonControlling": 0, "calculatedEbitda": 7640000000}, {"date": "2013-12-31", "symbol": "MO", "reportedCurrency": "USD", "cik": "0000764180", "fillingDate": "2014-02-26", "acceptedDate": "2014-02-26 11:58:36", "calendarYear": "2013", "period": "FY", "revenue": 17663000000, "costOfRevenue": 7206000000, "grossProfit": 10457000000, "grossProfitRatio": 0.5920285342, "researchAndDevelopmentExpenses": 153000000, "generalAndAdministrativeExpenses": 2320000000, "sellingAndMarketingExpenses": 2320000000, "sellingGeneralAndAdministrativeExpenses": 2320000000, "otherExpenses": 42000000, "operatingExpenses": 2362000000, "costAndExpenses": 9568000000, "interestIncome": 4000000, "interestExpense": 1049000000, "depreciationAndAmortization": 20000000, "ebitda": 9106000000, "ebitdaratio": 0.5155409613, "operatingIncome": 8084000000, "operatingIncomeRatio": 0.4576798958, "totalOtherIncomeExpensesNet": -104000000, "incomeBeforeTax": 6942000000, "incomeBeforeTaxRatio": 0.3930249674, "incomeTaxExpense": 2407000000, "netIncome": 4535000000, "netIncomeRatio": 0.2567514012, "eps": 2.26, "epsdiluted": 2.26, "weightedAverageShsOut": 1999000278, "weightedAverageShsOutDil": 2006637168, "link": "https://www.sec.gov/Archives/edgar/data/764180/000076418014000025/0000764180-14-000025-index.htm", "finalLink": "https://www.sec.gov/Archives/edgar/data/764180/000076418014000025/a2013form10-kq42013.htm", "calculatedOtherExpenses": -100000000, "calculatedOperatingExpenses": 2373000000, "calculatedNetInterest": -1045000000, "calculatedOtherIncome": -97000000, "calculatedIncomeNonControlling": 0, "calculatedEbitda": 8104000000}, {"date": "2012-12-31", "symbol": "MO", "reportedCurrency": "USD", "cik": "0000764180", "fillingDate": "2013-02-27", "acceptedDate": "2013-02-27 15:37:34", "calendarYear": "2012", "period": "FY", "revenue": 17500000000, "costOfRevenue": 7937000000, "grossProfit": 9563000000, "grossProfitRatio": 0.5464571429, "researchAndDevelopmentExpenses": 136000000, "generalAndAdministrativeExpenses": 2281000000, "sellingAndMarketingExpenses": 2281000000, "sellingGeneralAndAdministrativeExpenses": 2281000000, "otherExpenses": -32000000, "operatingExpenses": 2249000000, "costAndExpenses": 10186000000, "interestIncome": 2000000, "interestExpense": 1126000000, "depreciationAndAmortization": 20000000, "ebitda": 8558000000, "ebitdaratio": 0.4890285714, "operatingIncome": 7253000000, "operatingIncomeRatio": 0.4144571429, "totalOtherIncomeExpensesNet": 289000000, "incomeBeforeTax": 6477000000, "incomeBeforeTaxRatio": 0.3701142857, "incomeTaxExpense": 2294000000, "netIncome": 4180000000, "netIncomeRatio": 0.2388571429, "eps": 2.06, "epsdiluted": 2.06, "weightedAverageShsOut": 2024000458, "weightedAverageShsOutDil": 2029126214, "link": "https://www.sec.gov/Archives/edgar/data/764180/000076418013000024/0000764180-13-000024-index.htm", "finalLink": "https://www.sec.gov/Archives/edgar/data/764180/000076418013000024/form10k.htm", "calculatedOtherExpenses": -107000000, "calculatedOperatingExpenses": 2310000000, "calculatedNetInterest": -1124000000, "calculatedOtherIncome": 348000000, "calculatedIncomeNonControlling": 3000000, "calculatedEbitda": 7273000000}, {"date": "2011-12-31", "symbol": "MO", "reportedCurrency": "USD", "cik": "0000764180", "fillingDate": "2012-02-16", "acceptedDate": "2012-02-16 10:53:04", "calendarYear": "2011", "period": "FY", "revenue": 16619000000, "costOfRevenue": 7680000000, "grossProfit": 8939000000, "grossProfitRatio": 0.537878332, "researchAndDevelopmentExpenses": 0, "generalAndAdministrativeExpenses": 2643000000, "sellingAndMarketingExpenses": 0, "sellingGeneralAndAdministrativeExpenses": 2643000000, "otherExpenses": 20000000, "operatingExpenses": 2649000000, "costAndExpenses": 10329000000, "interestIncome": 4000000, "interestExpense": 1220000000, "depreciationAndAmortization": 253000000, "ebitda": 7277000000, "ebitdaratio": 0.4378723148, "operatingIncome": 6068000000, "operatingIncomeRatio": 0.3651242554, "totalOtherIncomeExpensesNet": 508000000, "incomeBeforeTax": 5582000000, "incomeBeforeTaxRatio": 0.3358806186, "incomeTaxExpense": 2189000000, "netIncome": 3390000000, "netIncomeRatio": 0.2039833925, "eps": 1.64, "epsdiluted": 1.64, "weightedAverageShsOut": 2064000000, "weightedAverageShsOutDil": 2064000000, "link": "https://www.sec.gov/Archives/edgar/data/764180/000119312512064660/0001193125-12-064660-index.htm", "finalLink": "https://www.sec.gov/Archives/edgar/data/764180/000119312512064660/d239844d10k.htm", "calculatedOtherExpenses": 228000000, "calculatedOperatingExpenses": 2871000000, "calculatedNetInterest": -1216000000, "calculatedOtherIncome": 730000000, "calculatedIncomeNonControlling": 3000000, "calculatedEbitda": 6321000000}, {"date": "2010-12-31", "symbol": "MO", "reportedCurrency": "USD", "cik": "0000764180", "fillingDate": "2011-02-25", "acceptedDate": "2011-02-24 19:01:35", "calendarYear": "2010", "period": "FY", "revenue": 16892000000, "costOfRevenue": 7704000000, "grossProfit": 9188000000, "grossProfitRatio": 0.5439261189, "researchAndDevelopmentExpenses": 0, "generalAndAdministrativeExpenses": 2904000000, "sellingAndMarketingExpenses": 0, "sellingGeneralAndAdministrativeExpenses": 2904000000, "otherExpenses": 20000000, "operatingExpenses": 2924000000, "costAndExpenses": 10628000000, "interestIncome": 3000000, "interestExpense": 1136000000, "depreciationAndAmortization": 276000000, "ebitda": 6576000000, "ebitdaratio": 0.3892967085, "operatingIncome": 6228000000, "operatingIncomeRatio": 0.3686952404, "totalOtherIncomeExpensesNet": 592000000, "incomeBeforeTax": 5723000000, "incomeBeforeTaxRatio": 0.3387994317, "incomeTaxExpense": 1816000000, "netIncome": 3905000000, "netIncomeRatio": 0.2311745205, "eps": 1.87, "epsdiluted": 1.87, "weightedAverageShsOut": 2077000000, "weightedAverageShsOutDil": 2079000000, "link": "https://www.sec.gov/Archives/edgar/data/764180/000119312511045778/0001193125-11-045778-index.htm", "finalLink": "https://www.sec.gov/Archives/edgar/data/764180/000119312511045778/d10k.htm", "calculatedOtherExpenses": 56000000, "calculatedOperatingExpenses": 2960000000, "calculatedNetInterest": -1133000000, "calculatedOtherIncome": 628000000, "calculatedIncomeNonControlling": 2000000, "calculatedEbitda": 6504000000}, {"date": "2009-12-31", "symbol": "MO", "reportedCurrency": "USD", "cik": "0000764180", "fillingDate": "2010-02-24", "acceptedDate": "2010-02-24 17:24:05", "calendarYear": "2009", "period": "FY", "revenue": 16824000000, "costOfRevenue": 7990000000, "grossProfit": 8834000000, "grossProfitRatio": 0.5250832145, "researchAndDevelopmentExpenses": 0, "generalAndAdministrativeExpenses": 2931000000, "sellingAndMarketingExpenses": 0, "sellingGeneralAndAdministrativeExpenses": 2931000000, "otherExpenses": 20000000, "operatingExpenses": 2951000000, "costAndExpenses": 10941000000, "interestIncome": 4000000, "interestExpense": 1189000000, "depreciationAndAmortization": 291000000, "ebitda": 6778000000, "ebitdaratio": 0.4028768426, "operatingIncome": 5462000000, "operatingIncomeRatio": 0.3246552544, "totalOtherIncomeExpensesNet": 179000000, "incomeBeforeTax": 4877000000, "incomeBeforeTaxRatio": 0.2898834998, "incomeTaxExpense": 1669000000, "netIncome": 3206000000, "netIncomeRatio": 0.1905611032, "eps": 1.55, "epsdiluted": 1.54, "weightedAverageShsOut": 2066000000, "weightedAverageShsOutDil": 2071000000, "link": "https://www.sec.gov/Archives/edgar/data/764180/000119312510039027/0001193125-10-039027-index.htm", "finalLink": "https://www.sec.gov/Archives/edgar/data/764180/000119312510039027/d10k.htm", "calculatedOtherExpenses": 441000000, "calculatedOperatingExpenses": 3372000000, "calculatedNetInterest": -1185000000, "calculatedOtherIncome": 600000000, "calculatedIncomeNonControlling": 2000000, "calculatedEbitda": 5753000000}, {"date": "2008-12-31", "symbol": "MO", "reportedCurrency": "USD", "cik": "0000764180", "fillingDate": "2009-02-27", "acceptedDate": "2009-02-27 16:24:49", "calendarYear": "2008", "period": "FY", "revenue": 15957000000, "costOfRevenue": 8270000000, "grossProfit": 7687000000, "grossProfitRatio": 0.4817321552, "researchAndDevelopmentExpenses": 0, "generalAndAdministrativeExpenses": 2753000000, "sellingAndMarketingExpenses": 0, "sellingGeneralAndAdministrativeExpenses": 2753000000, "otherExpenses": -397000000, "operatingExpenses": 3254000000, "costAndExpenses": 11524000000, "interestIncome": 70000000, "interestExpense": 237000000, "depreciationAndAmortization": 215000000, "ebitda": 4603000000, "ebitdaratio": 0.2884627436, "operatingIncome": 4882000000, "operatingIncomeRatio": 0.3059472332, "totalOtherIncomeExpensesNet": -422000000, "incomeBeforeTax": 4789000000, "incomeBeforeTaxRatio": 0.30011907, "incomeTaxExpense": 1699000000, "netIncome": 4930000000, "netIncomeRatio": 0.3089553174, "eps": 2.38, "epsdiluted": 2.36, "weightedAverageShsOut": 2071428571, "weightedAverageShsOutDil": 2088983051, "link": "https://www.sec.gov/Archives/edgar/data/764180/000119312509041005/0001193125-09-041005-index.htm", "finalLink": "https://www.sec.gov/Archives/edgar/data/764180/000119312509041005/d10k.htm", "calculatedOtherExpenses": 52000000, "calculatedOperatingExpenses": 2805000000, "calculatedNetInterest": -167000000, "calculatedOtherIncome": 74000000, "calculatedIncomeNonControlling": -1840000000, "calculatedEbitda": 5097000000}, {"date": "2007-12-31", "symbol": "MO", "reportedCurrency": "USD", "cik": "0000764180", "fillingDate": "2008-02-28", "acceptedDate": "2008-02-28 15:08:16", "calendarYear": "2007", "period": "FY", "revenue": 38051000000, "costOfRevenue": 16547000000, "grossProfit": 21504000000, "grossProfitRatio": 0.5651362645, "researchAndDevelopmentExpenses": 0, "generalAndAdministrativeExpenses": 7805000000, "sellingAndMarketingExpenses": 0, "sellingGeneralAndAdministrativeExpenses": 7805000000, "otherExpenses": 464000000, "operatingExpenses": 8269000000, "costAndExpenses": 24816000000, "interestIncome": 0, "interestExpense": 0, "depreciationAndAmortization": 980000000, "ebitda": 14651000000, "ebitdaratio": 0.3850358729, "operatingIncome": 13235000000, "operatingIncomeRatio": 0.3478226591, "totalOtherIncomeExpensesNet": -199000000, "incomeBeforeTax": 13020000000, "incomeBeforeTaxRatio": 0.3421723476, "incomeTaxExpense": 4096000000, "netIncome": 9786000000, "netIncomeRatio": 0.2571811516, "eps": 4.66, "epsdiluted": 4.62, "weightedAverageShsOut": 2101000000, "weightedAverageShsOutDil": 2116000000, "link": "https://www.sec.gov/Archives/edgar/data/764180/000119312508041586/0001193125-08-041586-index.htm", "finalLink": "https://www.sec.gov/Archives/edgar/data/764180/000119312508041586/d10k.htm", "calculatedOtherExpenses": 464000000, "calculatedOperatingExpenses": 8269000000, "calculatedNetInterest": 0, "calculatedOtherIncome": -215000000, "calculatedIncomeNonControlling": -862000000, "calculatedEbitda": 14215000000}, {"date": "2006-12-31", "symbol": "MO", "reportedCurrency": "USD", "cik": "0000764180", "fillingDate": "2007-03-01", "acceptedDate": "2007-03-01 16:00:40", "calendarYear": "2006", "period": "FY", "revenue": 70324000000, "costOfRevenue": 37480000000, "grossProfit": 32844000000, "grossProfitRatio": 0.46703828, "researchAndDevelopmentExpenses": 0, "generalAndAdministrativeExpenses": 15077000000, "sellingAndMarketingExpenses": 0, "sellingGeneralAndAdministrativeExpenses": 15077000000, "otherExpenses": 959000000, "operatingExpenses": 16036000000, "costAndExpenses": 53516000000, "interestIncome": 0, "interestExpense": 0, "depreciationAndAmortization": 1804000000, "ebitda": 18936000000, "ebitdaratio": 0.2692679597, "operatingIncome": 17413000000, "operatingIncomeRatio": 0.2476110574, "totalOtherIncomeExpensesNet": -324000000, "incomeBeforeTax": 16536000000, "incomeBeforeTaxRatio": 0.2351402082, "incomeTaxExpense": 4351000000, "netIncome": 12022000000, "netIncomeRatio": 0.1709515955, "eps": 5.76, "epsdiluted": 5.71, "weightedAverageShsOut": 2087000000, "weightedAverageShsOutDil": 2105000000, "link": "https://www.sec.gov/Archives/edgar/data/764180/000119312507044345/0001193125-07-044345-index.htm", "finalLink": "https://www.sec.gov/Archives/edgar/data/764180/000119312507044345/d10k.htm", "calculatedOtherExpenses": 354000000, "calculatedOperatingExpenses": 15431000000, "calculatedNetInterest": 0, "calculatedOtherIncome": -877000000, "calculatedIncomeNonControlling": 163000000, "calculatedEbitda": 19217000000}, {"date": "2005-12-31", "symbol": "MO", "reportedCurrency": "USD", "cik": "0000764180", "fillingDate": "2006-03-10", "acceptedDate": "2006-03-10 17:02:47", "calendarYear": "2005", "period": "FY", "revenue": 68920000000, "costOfRevenue": 36764000000, "grossProfit": 32156000000, "grossProfitRatio": 0.4665699362, "researchAndDevelopmentExpenses": 0, "generalAndAdministrativeExpenses": 14799000000, "sellingAndMarketingExpenses": 0, "sellingGeneralAndAdministrativeExpenses": 14799000000, "otherExpenses": 873000000, "operatingExpenses": 15672000000, "costAndExpenses": 52436000000, "interestIncome": 0, "interestExpense": 0, "depreciationAndAmortization": 1675000000, "ebitda": 18896000000, "ebitdaratio": 0.2741729541, "operatingIncome": 16592000000, "operatingIncomeRatio": 0.2407428903, "totalOtherIncomeExpensesNet": -737000000, "incomeBeforeTax": 15435000000, "incomeBeforeTaxRatio": 0.2239553105, "incomeTaxExpense": 4618000000, "netIncome": 10435000000, "netIncomeRatio": 0.1514074289, "eps": 5.04, "epsdiluted": 4.99, "weightedAverageShsOut": 2070000000, "weightedAverageShsOutDil": 2090000000, "link": "https://www.sec.gov/Archives/edgar/data/764180/000119312506051165/0001193125-06-051165-index.htm", "finalLink": "https://www.sec.gov/Archives/edgar/data/764180/000119312506051165/d10k.htm", "calculatedOtherExpenses": 765000000, "calculatedOperatingExpenses": 15564000000, "calculatedNetInterest": 0, "calculatedOtherIncome": -1157000000, "calculatedIncomeNonControlling": 382000000, "calculatedEbitda": 18267000000}, {"date": "2004-12-31", "symbol": "MO", "reportedCurrency": "USD", "cik": "0000764180", "fillingDate": "2005-03-15", "acceptedDate": "2005-03-15 16:55:21", "calendarYear": "2004", "period": "FY", "revenue": 63963000000, "costOfRevenue": 33853000000, "grossProfit": 30110000000, "grossProfitRatio": 0.4707408971, "researchAndDevelopmentExpenses": 809000000, "generalAndAdministrativeExpenses": 11093000000, "sellingAndMarketingExpenses": 1763000000, "sellingGeneralAndAdministrativeExpenses": 12856000000, "otherExpenses": 1159000000, "operatingExpenses": 14824000000, "costAndExpenses": 48677000000, "interestIncome": 0, "interestExpense": 0, "depreciationAndAmortization": 1607000000, "ebitda": 18035000000, "ebitdaratio": 0.2819598831, "operatingIncome": 15180000000, "operatingIncomeRatio": 0.2373247033, "totalOtherIncomeExpensesNet": -1142000000, "incomeBeforeTax": 14004000000, "incomeBeforeTaxRatio": 0.2189390742, "incomeTaxExpense": 4540000000, "netIncome": 9416000000, "netIncomeRatio": 0.1472101058, "eps": 4.6, "epsdiluted": 4.56, "weightedAverageShsOut": 2047000000, "weightedAverageShsOutDil": 2063000000, "link": "https://www.sec.gov/Archives/edgar/data/764180/000095012305003146/0000950123-05-003146-index.htm", "finalLink": "https://www.sec.gov/Archives/edgar/data/764180/000095012305003146/y06457e10vk.htm", "calculatedOtherExpenses": 1265000000, "calculatedOperatingExpenses": 14930000000, "calculatedNetInterest": 0, "calculatedOtherIncome": -1176000000, "calculatedIncomeNonControlling": 48000000, "calculatedEbitda": 16787000000}, {"date": "2003-12-31", "symbol": "MO", "reportedCurrency": "USD", "cik": "0000764180", "fillingDate": "2004-03-12", "acceptedDate": "2004-03-12 17:07:29", "calendarYear": "2003", "period": "FY", "revenue": 60704000000, "costOfRevenue": 31870000000, "grossProfit": 28834000000, "grossProfitRatio": 0.4749934106, "researchAndDevelopmentExpenses": 762000000, "generalAndAdministrativeExpenses": 10183000000, "sellingAndMarketingExpenses": 1657000000, "sellingGeneralAndAdministrativeExpenses": 11840000000, "otherExpenses": 322000000, "operatingExpenses": 12924000000, "costAndExpenses": 44794000000, "interestIncome": 0, "interestExpense": 0, "depreciationAndAmortization": 1440000000, "ebitda": 17663000000, "ebitdaratio": 0.2909692936, "operatingIncome": 15910000000, "operatingIncomeRatio": 0.2620914602, "totalOtherIncomeExpensesNet": -313000000, "incomeBeforeTax": 14760000000, "incomeBeforeTaxRatio": 0.2431470743, "incomeTaxExpense": 5151000000, "netIncome": 9204000000, "netIncomeRatio": 0.1516209805, "eps": 4.54, "epsdiluted": 4.52, "weightedAverageShsOut": 2028000000, "weightedAverageShsOutDil": 2038000000, "link": "https://www.sec.gov/Archives/edgar/data/764180/000119312504040664/0001193125-04-040664-index.htm", "finalLink": "https://www.sec.gov/Archives/edgar/data/764180/000119312504040664/d10k.htm", "calculatedOtherExpenses": 322000000, "calculatedOperatingExpenses": 12924000000, "calculatedNetInterest": 0, "calculatedOtherIncome": -1150000000, "calculatedIncomeNonControlling": 405000000, "calculatedEbitda": 17350000000}, {"date": "2002-12-31", "symbol": "MO", "reportedCurrency": "USD", "cik": "0000764180", "fillingDate": "2003-03-27", "acceptedDate": "2003-03-27 17:27:26", "calendarYear": "2002", "period": "FY", "revenue": 62182000000, "costOfRevenue": 32748000000, "grossProfit": 29434000000, "grossProfitRatio": 0.4733524171, "researchAndDevelopmentExpenses": 0, "generalAndAdministrativeExpenses": 12282000000, "sellingAndMarketingExpenses": 0, "sellingGeneralAndAdministrativeExpenses": 12282000000, "otherExpenses": 551000000, "operatingExpenses": 12833000000, "costAndExpenses": 45581000000, "interestIncome": 0, "interestExpense": 0, "depreciationAndAmortization": 1331000000, "ebitda": 15845000000, "ebitdaratio": 0.2548165064, "operatingIncome": 16601000000, "operatingIncomeRatio": 0.2669743656, "totalOtherIncomeExpensesNet": 2087000000, "incomeBeforeTax": 18098000000, "incomeBeforeTaxRatio": 0.2910488566, "incomeTaxExpense": 6424000000, "netIncome": 11102000000, "netIncomeRatio": 0.1785404136, "eps": 5.26, "epsdiluted": 5.21, "weightedAverageShsOut": 2111000000, "weightedAverageShsOutDil": 2129000000, "link": "https://www.sec.gov/Archives/edgar/data/764180/000095011703001167/0000950117-03-001167-index.htm", "finalLink": "https://www.sec.gov/Archives/edgar/data/764180/000095011703001167/a34781.htm", "calculatedOtherExpenses": 551000000, "calculatedOperatingExpenses": 12833000000, "calculatedNetInterest": 0, "calculatedOtherIncome": 1497000000, "calculatedIncomeNonControlling": 572000000, "calculatedEbitda": 17932000000}, {"date": "2001-12-31", "symbol": "MO", "reportedCurrency": "USD", "cik": "0000764180", "fillingDate": "2002-03-19", "acceptedDate": "2002-03-19 00:00:00", "calendarYear": "2001", "period": "FY", "revenue": 72944000000, "costOfRevenue": 33267000000, "grossProfit": 39677000000, "grossProfitRatio": 0.5439378153, "researchAndDevelopmentExpenses": 0, "generalAndAdministrativeExpenses": 22961000000, "sellingAndMarketingExpenses": 0, "sellingGeneralAndAdministrativeExpenses": 22961000000, "otherExpenses": 1014000000, "operatingExpenses": 23975000000, "costAndExpenses": 57242000000, "interestIncome": 0, "interestExpense": 1058000000, "depreciationAndAmortization": 2337000000, "ebitda": 18039000000, "ebitdaratio": 0.2472992981, "operatingIncome": 15702000000, "operatingIncomeRatio": 0.2152610222, "totalOtherIncomeExpensesNet": -1418000000, "incomeBeforeTax": 14284000000, "incomeBeforeTaxRatio": 0.1958214521, "incomeTaxExpense": 5407000000, "netIncome": 8560000000, "netIncomeRatio": 0.1173502961, "eps": 3.92, "epsdiluted": 3.87, "weightedAverageShsOut": 2181000000, "weightedAverageShsOutDil": 2210000000, "link": "https://www.sec.gov/Archives/edgar/data/764180/000095012302002676/0000950123-02-002676-index.htm", "finalLink": "https://www.sec.gov/Archives/edgar/data/764180/000095012302002676/y58476e10-k405.txt", "calculatedOtherExpenses": 1014000000, "calculatedOperatingExpenses": 23975000000, "calculatedNetInterest": -1058000000, "calculatedOtherIncome": -360000000, "calculatedIncomeNonControlling": 317000000, "calculatedEbitda": 18039000000}, {"date": "2000-12-31", "symbol": "MO", "reportedCurrency": "USD", "cik": "0000764180", "fillingDate": "2001-03-29", "acceptedDate": "2001-03-29 00:00:00", "calendarYear": "2000", "period": "FY", "revenue": 63276000000, "costOfRevenue": 28022000000, "grossProfit": 35254000000, "grossProfitRatio": 0.5571464694, "researchAndDevelopmentExpenses": 0, "generalAndAdministrativeExpenses": 18858000000, "sellingAndMarketingExpenses": 0, "sellingGeneralAndAdministrativeExpenses": 18858000000, "otherExpenses": 1717000000, "operatingExpenses": 20575000000, "costAndExpenses": 48597000000, "interestIncome": 0, "interestExpense": 0, "depreciationAndAmortization": 1717000000, "ebitda": 16396000000, "ebitdaratio": 0.2591187812, "operatingIncome": 14679000000, "operatingIncomeRatio": 0.2319836905, "totalOtherIncomeExpensesNet": -719000000, "incomeBeforeTax": 13960000000, "incomeBeforeTaxRatio": 0.2206207725, "incomeTaxExpense": 5450000000, "netIncome": 8510000000, "netIncomeRatio": 0.13449017, "eps": 3.85, "epsdiluted": 3.73, "weightedAverageShsOut": 2272377622, "weightedAverageShsOutDil": 2281501340, "link": "https://www.sec.gov/Archives/edgar/data/764180/000095011701000619/0000950117-01-000619-index.htm", "finalLink": "https://www.sec.gov/Archives/edgar/data/764180/000095011701000619/0000950117-01-000619-0001.txt", "calculatedOtherExpenses": 1717000000, "calculatedOperatingExpenses": 20575000000, "calculatedNetInterest": 0, "calculatedOtherIncome": -719000000, "calculatedIncomeNonControlling": 0, "calculatedEbitda": 16396000000}, {"date": "1999-12-31", "symbol": "MO", "reportedCurrency": "USD", "cik": "0000764180", "fillingDate": "2000-03-02", "acceptedDate": "2000-03-02 00:00:00", "calendarYear": "1999", "period": "FY", "revenue": 61751000000, "costOfRevenue": 28441000000, "grossProfit": 33310000000, "grossProfitRatio": 0.5394244628, "researchAndDevelopmentExpenses": 0, "generalAndAdministrativeExpenses": 18118000000, "sellingAndMarketingExpenses": 0, "sellingGeneralAndAdministrativeExpenses": 18118000000, "otherExpenses": 1702000000, "operatingExpenses": 19820000000, "costAndExpenses": 48261000000, "interestIncome": 0, "interestExpense": 0, "depreciationAndAmortization": 1702000000, "ebitda": 15192000000, "ebitdaratio": 0.2460203074, "operatingIncome": 13490000000, "operatingIncomeRatio": 0.2184580007, "totalOtherIncomeExpensesNet": -795000000, "incomeBeforeTax": 12695000000, "incomeBeforeTaxRatio": 0.2055837152, "incomeTaxExpense": 5020000000, "netIncome": 7675000000, "netIncomeRatio": 0.1242894852, "eps": 3.21, "epsdiluted": 3.19, "weightedAverageShsOut": 2390965732, "weightedAverageShsOutDil": 2405956113, "link": "https://www.sec.gov/Archives/edgar/data/764180/000091205700009516/0000912057-00-009516-index.html", "finalLink": "https://www.sec.gov/Archives/edgar/data/764180/000091205700009516/", "calculatedOtherExpenses": 1702000000, "calculatedOperatingExpenses": 19820000000, "calculatedNetInterest": 0, "calculatedOtherIncome": -795000000, "calculatedIncomeNonControlling": 0, "calculatedEbitda": 15192000000}, {"date": "1998-12-31", "symbol": "MO", "reportedCurrency": "USD", "cik": "0000764180", "fillingDate": "1999-03-18", "acceptedDate": "1999-03-18 00:00:00", "calendarYear": "1998", "period": "FY", "revenue": 57812000000, "costOfRevenue": 25714000000, "grossProfit": 32098000000, "grossProfitRatio": 0.5552134505, "researchAndDevelopmentExpenses": 0, "generalAndAdministrativeExpenses": 17051000000, "sellingAndMarketingExpenses": 0, "sellingGeneralAndAdministrativeExpenses": 17051000000, "otherExpenses": 1690000000, "operatingExpenses": 18741000000, "costAndExpenses": 44455000000, "interestIncome": 0, "interestExpense": 0, "depreciationAndAmortization": 1690000000, "ebitda": 18428000000, "ebitdaratio": 0.3187573514, "operatingIncome": 13357000000, "operatingIncomeRatio": 0.2310419982, "totalOtherIncomeExpensesNet": -3381000000, "incomeBeforeTax": 9087000000, "incomeBeforeTaxRatio": 0.1571819, "incomeTaxExpense": 3715000000, "netIncome": 5372000000, "netIncomeRatio": 0.0929218847, "eps": 2.21, "epsdiluted": 2.2, "weightedAverageShsOut": 2430769231, "weightedAverageShsOutDil": 2441818182, "link": "https://www.sec.gov/Archives/edgar/data/764180/000104746999010218/0001047469-99-010218-index.html", "finalLink": "https://www.sec.gov/Archives/edgar/data/764180/", "calculatedOtherExpenses": 1690000000, "calculatedOperatingExpenses": 18741000000, "calculatedNetInterest": 0, "calculatedOtherIncome": -4270000000, "calculatedIncomeNonControlling": 0, "calculatedEbitda": 15047000000}, {"date": "1997-12-31", "symbol": "MO", "reportedCurrency": "USD", "cik": "0000764180", "fillingDate": "1998-03-06", "acceptedDate": "1998-03-06 00:00:00", "calendarYear": "1997", "period": "FY", "revenue": 56114000000, "costOfRevenue": 25574000000, "grossProfit": 30540000000, "grossProfitRatio": 0.544249207, "researchAndDevelopmentExpenses": 0, "generalAndAdministrativeExpenses": 15720000000, "sellingAndMarketingExpenses": 0, "sellingGeneralAndAdministrativeExpenses": 15720000000, "otherExpenses": 1700000000, "operatingExpenses": 17420000000, "costAndExpenses": 42994000000, "interestIncome": 0, "interestExpense": 0, "depreciationAndAmortization": 1700000000, "ebitda": 16277000000, "ebitdaratio": 0.2900702142, "operatingIncome": 13120000000, "operatingIncomeRatio": 0.2338097444, "totalOtherIncomeExpensesNet": -1457000000, "incomeBeforeTax": 10611000000, "incomeBeforeTaxRatio": 0.189097195, "incomeTaxExpense": 4301000000, "netIncome": 6310000000, "netIncomeRatio": 0.1124496561, "eps": 2.61, "epsdiluted": 2.58, "weightedAverageShsOut": 2420000000, "weightedAverageShsOutDil": 2442000000, "link": "https://www.sec.gov/Archives/edgar/data/764180/000104746998008784/0001047469-98-008784-index.html", "finalLink": "https://www.sec.gov/Archives/edgar/data/764180/", "calculatedOtherExpenses": 1700000000, "calculatedOperatingExpenses": 17420000000, "calculatedNetInterest": 0, "calculatedOtherIncome": -2509000000, "calculatedIncomeNonControlling": 0, "calculatedEbitda": 14820000000}, {"date": "1996-12-31", "symbol": "MO", "reportedCurrency": "USD", "cik": "0000764180", "fillingDate": "1997-03-11", "acceptedDate": "1997-03-11 00:00:00", "calendarYear": "1996", "period": "FY", "revenue": 54553000000, "costOfRevenue": 25463000000, "grossProfit": 29090000000, "grossProfitRatio": 0.5332429014, "researchAndDevelopmentExpenses": 0, "generalAndAdministrativeExpenses": 15630000000, "sellingAndMarketingExpenses": 0, "sellingGeneralAndAdministrativeExpenses": 15630000000, "otherExpenses": 1691000000, "operatingExpenses": 17321000000, "costAndExpenses": 42784000000, "interestIncome": 0, "interestExpense": 0, "depreciationAndAmortization": 1691000000, "ebitda": 13460000000, "ebitdaratio": 0.2467325353, "operatingIncome": 11769000000, "operatingIncomeRatio": 0.2157351566, "totalOtherIncomeExpensesNet": -1086000000, "incomeBeforeTax": 10683000000, "incomeBeforeTaxRatio": 0.1958279105, "incomeTaxExpense": 4380000000, "netIncome": 6303000000, "netIncomeRatio": 0.1155390171, "eps": 2.56, "epsdiluted": 2.56, "weightedAverageShsOut": 2462109375, "weightedAverageShsOutDil": 2462109375, "link": "https://www.sec.gov/Archives/edgar/data/764180/000091205797008419/0000912057-97-008419-index.html", "finalLink": "https://www.sec.gov/Archives/edgar/data/764180/", "calculatedOtherExpenses": 1691000000, "calculatedOperatingExpenses": 17321000000, "calculatedNetInterest": 0, "calculatedOtherIncome": -1086000000, "calculatedIncomeNonControlling": 0, "calculatedEbitda": 13460000000}, {"date": "1995-12-31", "symbol": "MO", "reportedCurrency": "USD", "cik": "0000764180", "fillingDate": "1996-03-28", "acceptedDate": "1996-03-28 00:00:00", "calendarYear": "1995", "period": "FY", "revenue": 53139000000, "costOfRevenue": 25605000000, "grossProfit": 27534000000, "grossProfitRatio": 0.5181505109, "researchAndDevelopmentExpenses": 0, "generalAndAdministrativeExpenses": 15337000000, "sellingAndMarketingExpenses": 0, "sellingGeneralAndAdministrativeExpenses": 15337000000, "otherExpenses": 1671000000, "operatingExpenses": 17008000000, "costAndExpenses": 42613000000, "interestIncome": 0, "interestExpense": 0, "depreciationAndAmortization": 1671000000, "ebitda": 12197000000, "ebitdaratio": 0.2295301003, "operatingIncome": 10526000000, "operatingIncomeRatio": 0.1980842696, "totalOtherIncomeExpensesNet": -1179000000, "incomeBeforeTax": 9347000000, "incomeBeforeTaxRatio": 0.1758971753, "incomeTaxExpense": 3869000000, "netIncome": 5450000000, "netIncomeRatio": 0.1025612074, "eps": 2.16, "epsdiluted": 2.16, "weightedAverageShsOut": 2523148148, "weightedAverageShsOutDil": 2532000000, "link": "https://www.sec.gov/Archives/edgar/data/764180/000095014696000483/0000950146-96-000483-index.html", "finalLink": "https://www.sec.gov/Archives/edgar/data/764180/", "calculatedOtherExpenses": 1671000000, "calculatedOperatingExpenses": 17008000000, "calculatedNetInterest": 0, "calculatedOtherIncome": -1179000000, "calculatedIncomeNonControlling": 28000000, "calculatedEbitda": 12197000000}, {"date": "1994-12-31", "symbol": "MO", "reportedCurrency": "USD", "cik": "0000764180", "fillingDate": "1995-03-10", "acceptedDate": "1995-03-10 00:00:00", "calendarYear": "1994", "period": "FY", "revenue": 53776000000, "costOfRevenue": 26629000000, "grossProfit": 27147000000, "grossProfitRatio": 0.5048162749, "researchAndDevelopmentExpenses": 0, "generalAndAdministrativeExpenses": 15372000000, "sellingAndMarketingExpenses": 0, "sellingGeneralAndAdministrativeExpenses": 15372000000, "otherExpenses": 2326000000, "operatingExpenses": 17698000000, "costAndExpenses": 44327000000, "interestIncome": 0, "interestExpense": 0, "depreciationAndAmortization": 2326000000, "ebitda": 11775000000, "ebitdaratio": 0.21896385, "operatingIncome": 9449000000, "operatingIncomeRatio": 0.1757103541, "totalOtherIncomeExpensesNet": -1233000000, "incomeBeforeTax": 8216000000, "incomeBeforeTaxRatio": 0.1527819101, "incomeTaxExpense": 3491000000, "netIncome": 4725000000, "netIncomeRatio": 0.0878644749, "eps": 1.82, "epsdiluted": 1.82, "weightedAverageShsOut": 2600917431, "weightedAverageShsOutDil": 2600917431, "link": "https://www.sec.gov/Archives/edgar/data/764180/000095013095000460/0000950130-95-000460-index.html", "finalLink": "https://www.sec.gov/Archives/edgar/data/764180/", "calculatedOtherExpenses": 2326000000, "calculatedOperatingExpenses": 17698000000, "calculatedNetInterest": 0, "calculatedOtherIncome": -1233000000, "calculatedIncomeNonControlling": 0, "calculatedEbitda": 11775000000}, {"date": "1993-12-31", "symbol": "MO", "reportedCurrency": "USD", "cik": "0000764180", "fillingDate": "1994-03-16", "acceptedDate": "1994-03-16 00:00:00", "calendarYear": "1993", "period": "FY", "revenue": 50621000000, "costOfRevenue": 25152000000, "grossProfit": 25469000000, "grossProfitRatio": 0.5031311116, "researchAndDevelopmentExpenses": 0, "generalAndAdministrativeExpenses": 0, "sellingAndMarketingExpenses": 0, "sellingGeneralAndAdministrativeExpenses": 16263000000, "otherExpenses": 1619000000, "operatingExpenses": 17882000000, "costAndExpenses": 43034000000, "interestIncome": 0, "interestExpense": 0, "depreciationAndAmortization": 1619000000, "ebitda": 9206000000, "ebitdaratio": 0.1818612829, "operatingIncome": 7587000000, "operatingIncomeRatio": 0.1498785089, "totalOtherIncomeExpensesNet": -1391000000, "incomeBeforeTax": 6196000000, "incomeBeforeTaxRatio": 0.1223997946, "incomeTaxExpense": 2628000000, "netIncome": 3091000000, "netIncomeRatio": 0.0610616147, "eps": 1.17, "epsdiluted": 1.17, "weightedAverageShsOut": 2634363000, "weightedAverageShsOutDil": 2634363000, "link": "https://www.sec.gov/Archives/edgar/data/764180/000095013094000396/0000950130-94-000396-index.html", "finalLink": "https://www.sec.gov/Archives/edgar/data/764180/", "calculatedOtherExpenses": 1619000000, "calculatedOperatingExpenses": 17882000000, "calculatedNetInterest": 0, "calculatedOtherIncome": -1391000000, "calculatedIncomeNonControlling": 477000000, "calculatedEbitda": 9206000000}, {"date": "1992-12-31", "symbol": "MO", "reportedCurrency": "USD", "cik": "0000764180", "fillingDate": "1992-12-31", "acceptedDate": "1992-12-30 19:00:00", "calendarYear": "1992", "period": "FY", "revenue": 59131000000, "costOfRevenue": 24540000000, "grossProfit": 34591000000, "grossProfitRatio": 0.5849892611, "researchAndDevelopmentExpenses": 0, "generalAndAdministrativeExpenses": 0, "sellingAndMarketingExpenses": 0, "sellingGeneralAndAdministrativeExpenses": 13954000000, "otherExpenses": 10578000000, "operatingExpenses": 24532000000, "costAndExpenses": 49072000000, "interestIncome": 0, "interestExpense": 0, "depreciationAndAmortization": 1542000000, "ebitda": 11539000000, "ebitdaratio": 0.1951429876, "operatingIncome": 10059000000, "operatingIncomeRatio": 0.1701138151, "totalOtherIncomeExpensesNet": 62000000, "incomeBeforeTax": 8608000000, "incomeBeforeTaxRatio": 0.1455750791, "incomeTaxExpense": 3669000000, "netIncome": 4939000000, "netIncomeRatio": 0.0835264075, "eps": 1.82, "epsdiluted": 1.8, "weightedAverageShsOut": 2713736264, "weightedAverageShsOutDil": 2743888889, "link": "", "finalLink": "", "calculatedOtherExpenses": 10578000000, "calculatedOperatingExpenses": 24532000000, "calculatedNetInterest": 0, "calculatedOtherIncome": -1451000000, "calculatedIncomeNonControlling": 0, "calculatedEbitda": 11601000000}, {"date": "1991-12-31", "symbol": "MO", "reportedCurrency": "USD", "cik": "0000764180", "fillingDate": "1991-12-31", "acceptedDate": "1991-12-30 19:00:00", "calendarYear": "1991", "period": "FY", "revenue": 56458000000, "costOfRevenue": 24115000000, "grossProfit": 32343000000, "grossProfitRatio": 0.5728683269, "researchAndDevelopmentExpenses": 0, "generalAndAdministrativeExpenses": 0, "sellingAndMarketingExpenses": 0, "sellingGeneralAndAdministrativeExpenses": 13830000000, "otherExpenses": 9891000000, "operatingExpenses": 23721000000, "costAndExpenses": 47836000000, "interestIncome": 0, "interestExpense": 0, "depreciationAndAmortization": 1497000000, "ebitda": 10074000000, "ebitdaratio": 0.1784335258, "operatingIncome": 8622000000, "operatingIncomeRatio": 0.1527152928, "totalOtherIncomeExpensesNet": 45000000, "incomeBeforeTax": 6971000000, "incomeBeforeTaxRatio": 0.1234723157, "incomeTaxExpense": 3044000000, "netIncome": 3927000000, "netIncomeRatio": 0.0695561302, "eps": 1.41, "epsdiluted": 1.4, "weightedAverageShsOut": 2785106383, "weightedAverageShsOutDil": 2805000000, "link": "", "finalLink": "", "calculatedOtherExpenses": 9891000000, "calculatedOperatingExpenses": 23721000000, "calculatedNetInterest": 0, "calculatedOtherIncome": -1651000000, "calculatedIncomeNonControlling": 0, "calculatedEbitda": 10119000000}, {"date": "1990-12-31", "symbol": "MO", "reportedCurrency": "USD", "cik": "0000764180", "fillingDate": "1990-12-31", "acceptedDate": "1990-12-30 19:00:00", "calendarYear": "1990", "period": "FY", "revenue": 51169000000, "costOfRevenue": 23063000000, "grossProfit": 28106000000, "grossProfitRatio": 0.5492778831, "researchAndDevelopmentExpenses": 0, "generalAndAdministrativeExpenses": 0, "sellingAndMarketingExpenses": 0, "sellingGeneralAndAdministrativeExpenses": 11947000000, "otherExpenses": 8213000000, "operatingExpenses": 20160000000, "costAndExpenses": 43223000000, "interestIncome": 0, "interestExpense": 0, "depreciationAndAmortization": 1367000000, "ebitda": 9202000000, "ebitdaratio": 0.1798354472, "operatingIncome": 7946000000, "operatingIncomeRatio": 0.1552893353, "totalOtherIncomeExpensesNet": 111000000, "incomeBeforeTax": 6311000000, "incomeBeforeTaxRatio": 0.1233363951, "incomeTaxExpense": 2771000000, "netIncome": 3540000000, "netIncomeRatio": 0.0691825128, "eps": 1.28, "epsdiluted": 1.27, "weightedAverageShsOut": 2765625000, "weightedAverageShsOutDil": 2787401575, "link": "", "finalLink": "", "calculatedOtherExpenses": 8213000000, "calculatedOperatingExpenses": 20160000000, "calculatedNetInterest": 0, "calculatedOtherIncome": -1635000000, "calculatedIncomeNonControlling": 0, "calculatedEbitda": 9313000000}, {"date": "1989-12-31", "symbol": "MO", "reportedCurrency": "USD", "cik": "0000764180", "fillingDate": "1989-12-31", "acceptedDate": "1989-12-30 19:00:00", "calendarYear": "1989", "period": "FY", "revenue": 44759000000, "costOfRevenue": 20635000000, "grossProfit": 24124000000, "grossProfitRatio": 0.5389754016, "researchAndDevelopmentExpenses": 0, "generalAndAdministrativeExpenses": 0, "sellingAndMarketingExpenses": 0, "sellingGeneralAndAdministrativeExpenses": 10393000000, "otherExpenses": 6942000000, "operatingExpenses": 17335000000, "costAndExpenses": 37970000000, "interestIncome": 0, "interestExpense": 0, "depreciationAndAmortization": 1194000000, "ebitda": 7925000000, "ebitdaratio": 0.1770593624, "operatingIncome": 6789000000, "operatingIncomeRatio": 0.1516789919, "totalOtherIncomeExpensesNet": 58000000, "incomeBeforeTax": 5058000000, "incomeBeforeTaxRatio": 0.1130052057, "incomeTaxExpense": 2112000000, "netIncome": 2946000000, "netIncomeRatio": 0.0658191649, "eps": 1.06, "epsdiluted": 1.05, "weightedAverageShsOut": 2779245283, "weightedAverageShsOutDil": 2805714286, "link": "", "finalLink": "", "calculatedOtherExpenses": 6942000000, "calculatedOperatingExpenses": 17335000000, "calculatedNetInterest": 0, "calculatedOtherIncome": -1731000000, "calculatedIncomeNonControlling": 0, "calculatedEbitda": 7983000000}, {"date": "1988-12-31", "symbol": "MO", "reportedCurrency": "USD", "cik": "0000764180", "fillingDate": "1988-12-31", "acceptedDate": "1988-12-30 19:00:00", "calendarYear": "1988", "period": "FY", "revenue": 31742000000, "costOfRevenue": 17960000000, "grossProfit": 13782000000, "grossProfitRatio": 0.4341881419, "researchAndDevelopmentExpenses": 0, "generalAndAdministrativeExpenses": 0, "sellingAndMarketingExpenses": 0, "sellingGeneralAndAdministrativeExpenses": 8481000000, "otherExpenses": 779000000, "operatingExpenses": 9260000000, "costAndExpenses": 27220000000, "interestIncome": 0, "interestExpense": 0, "depreciationAndAmortization": 779000000, "ebitda": 5153000000, "ebitdaratio": 0.1623401172, "operatingIncome": 4522000000, "operatingIncomeRatio": 0.1424610926, "totalOtherIncomeExpensesNet": 148000000, "incomeBeforeTax": 4000000000, "incomeBeforeTaxRatio": 0.126016004, "incomeTaxExpense": 1663000000, "netIncome": 2337000000, "netIncomeRatio": 0.0736248504, "eps": 0.74, "epsdiluted": 0.73, "weightedAverageShsOut": 3158108108, "weightedAverageShsOutDil": 3201369863, "link": "", "finalLink": "", "calculatedOtherExpenses": 779000000, "calculatedOperatingExpenses": 9260000000, "calculatedNetInterest": 0, "calculatedOtherIncome": -522000000, "calculatedIncomeNonControlling": 0, "calculatedEbitda": 5301000000}, {"date": "1987-12-31", "symbol": "MO", "reportedCurrency": "USD", "cik": "0000764180", "fillingDate": "1987-12-31", "acceptedDate": "1987-12-30 19:00:00", "calendarYear": "1987", "period": "FY", "revenue": 27695000000, "costOfRevenue": 15976000000, "grossProfit": 11719000000, "grossProfitRatio": 0.423144972, "researchAndDevelopmentExpenses": 0, "generalAndAdministrativeExpenses": 0, "sellingAndMarketingExpenses": 0, "sellingGeneralAndAdministrativeExpenses": 7004000000, "otherExpenses": 704000000, "operatingExpenses": 7708000000, "costAndExpenses": 23684000000, "interestIncome": 0, "interestExpense": 0, "depreciationAndAmortization": 704000000, "ebitda": 4693000000, "ebitdaratio": 0.1694529699, "operatingIncome": 4011000000, "operatingIncomeRatio": 0.1448275862, "totalOtherIncomeExpensesNet": 22000000, "incomeBeforeTax": 3348000000, "incomeBeforeTaxRatio": 0.120888247, "incomeTaxExpense": 1506000000, "netIncome": 1842000000, "netIncomeRatio": 0.0665102004, "eps": 0.65, "epsdiluted": 0.65, "weightedAverageShsOut": 2833846154, "weightedAverageShsOutDil": 2833846154, "link": "", "finalLink": "", "calculatedOtherExpenses": 704000000, "calculatedOperatingExpenses": 7708000000, "calculatedNetInterest": 0, "calculatedOtherIncome": -663000000, "calculatedIncomeNonControlling": 0, "calculatedEbitda": 4715000000}, {"date": "1986-12-31", "symbol": "MO", "reportedCurrency": "USD", "cik": "0000764180", "fillingDate": "1986-12-31", "acceptedDate": "1986-12-30 19:00:00", "calendarYear": "1986", "period": "FY", "revenue": 20681000000, "costOfRevenue": 10384000000, "grossProfit": 10297000000, "grossProfitRatio": 0.4978966201, "researchAndDevelopmentExpenses": 0, "generalAndAdministrativeExpenses": 0, "sellingAndMarketingExpenses": 0, "sellingGeneralAndAdministrativeExpenses": 6038000000, "otherExpenses": 655000000, "operatingExpenses": 6693000000, "costAndExpenses": 17077000000, "interestIncome": 0, "interestExpense": 0, "depreciationAndAmortization": 655000000, "ebitda": 4305000000, "ebitdaratio": 0.2081620811, "operatingIncome": 3604000000, "operatingIncomeRatio": 0.1742662347, "totalOtherIncomeExpensesNet": -46000000, "incomeBeforeTax": 2811000000, "incomeBeforeTaxRatio": 0.1359218606, "incomeTaxExpense": 1333000000, "netIncome": 1478000000, "netIncomeRatio": 0.0714665635, "eps": 0.52, "epsdiluted": 0.52, "weightedAverageShsOut": 2842307692, "weightedAverageShsOutDil": 2842307692, "link": "", "finalLink": "", "calculatedOtherExpenses": 655000000, "calculatedOperatingExpenses": 6693000000, "calculatedNetInterest": 0, "calculatedOtherIncome": -793000000, "calculatedIncomeNonControlling": 0, "calculatedEbitda": 4259000000}, {"date": "1985-12-31", "symbol": "MO", "reportedCurrency": "USD", "cik": "0000764180", "fillingDate": "1985-12-31", "acceptedDate": "1985-12-30 19:00:00", "calendarYear": "1985", "period": "FY", "revenue": 12149000000, "costOfRevenue": 5894000000, "grossProfit": 6255000000, "grossProfitRatio": 0.5148571899, "researchAndDevelopmentExpenses": 0, "generalAndAdministrativeExpenses": 0, "sellingAndMarketingExpenses": 0, "sellingGeneralAndAdministrativeExpenses": 3240000000, "otherExpenses": 424000000, "operatingExpenses": 3664000000, "costAndExpenses": 9558000000, "interestIncome": 0, "interestExpense": 0, "depreciationAndAmortization": 424000000, "ebitda": 2932000000, "ebitdaratio": 0.2413367355, "operatingIncome": 2591000000, "operatingIncomeRatio": 0.2132685818, "totalOtherIncomeExpensesNet": 83000000, "incomeBeforeTax": 2329000000, "incomeBeforeTaxRatio": 0.1917030208, "incomeTaxExpense": 1074000000, "netIncome": 1255000000, "netIncomeRatio": 0.1033006832, "eps": 0.44, "epsdiluted": 0.44, "weightedAverageShsOut": 2852272727, "weightedAverageShsOutDil": 2852272727, "link": "", "finalLink": "", "calculatedOtherExpenses": 424000000, "calculatedOperatingExpenses": 3664000000, "calculatedNetInterest": 0, "calculatedOtherIncome": -262000000, "calculatedIncomeNonControlling": 0, "calculatedEbitda": 3015000000}]}