{"originalCurrency": "USD", "convertedCurrency": "USD", "report": [{"date": "2023-03-31", "symbol": "MOD", "reportedCurrency": "USD", "cik": "0000067347", "fillingDate": "2023-05-25", "acceptedDate": "2023-05-25 12:35:08", "calendarYear": "2023", "period": "FY", "revenue": 2297900000, "costOfRevenue": 1908500000, "grossProfit": 389400000, "grossProfitRatio": 0.1694590713, "researchAndDevelopmentExpenses": 44000000, "generalAndAdministrativeExpenses": 0, "sellingAndMarketingExpenses": 0, "sellingGeneralAndAdministrativeExpenses": 234000000, "otherExpenses": -4400000, "operatingExpenses": 234000000, "costAndExpenses": 2142500000, "interestIncome": 1300000, "interestExpense": 20700000, "depreciationAndAmortization": 55100000, "ebitda": 205500000, "ebitdaratio": 0.0894294791, "operatingIncome": 150400000, "operatingIncomeRatio": 0.065451064, "totalOtherIncomeExpensesNet": -25100000, "incomeBeforeTax": 125300000, "incomeBeforeTaxRatio": 0.0545280473, "incomeTaxExpense": -28300000, "netIncome": 153100000, "netIncomeRatio": 0.0666260499, "eps": 2.93, "epsdiluted": 2.9, "weightedAverageShsOut": 52300000, "weightedAverageShsOutDil": 52800000, "link": "https://www.sec.gov/Archives/edgar/data/67347/000114036123026536/0001140361-23-026536-index.htm", "finalLink": "https://www.sec.gov/Archives/edgar/data/67347/000114036123026536/brhc20053265_10k.htm", "calculatedOtherExpenses": -39000000, "calculatedOperatingExpenses": 239000000, "calculatedNetInterest": -19400000, "calculatedOtherIncome": -5700000, "calculatedIncomeNonControlling": 500000, "calculatedEbitda": 205500000}, {"date": "2022-03-31", "symbol": "MOD", "reportedCurrency": "USD", "cik": "0000067347", "fillingDate": "2022-05-26", "acceptedDate": "2022-05-26 12:48:18", "calendarYear": "2022", "period": "FY", "revenue": 2050100000, "costOfRevenue": 1740800000, "grossProfit": 309300000, "grossProfitRatio": 0.1508706892, "researchAndDevelopmentExpenses": 50300000, "generalAndAdministrativeExpenses": 0, "sellingAndMarketingExpenses": 0, "sellingGeneralAndAdministrativeExpenses": 215100000, "otherExpenses": -2100000, "operatingExpenses": 215100000, "costAndExpenses": 1955900000, "interestIncome": 400000, "interestExpense": 15600000, "depreciationAndAmortization": 54800000, "ebitda": 146900000, "ebitdaratio": 0.0716550412, "operatingIncome": 92100000, "operatingIncomeRatio": 0.0449246378, "totalOtherIncomeExpensesNet": 9400000, "incomeBeforeTax": 101500000, "incomeBeforeTaxRatio": 0.04950978, "incomeTaxExpense": 15200000, "netIncome": 85200000, "netIncomeRatio": 0.0415589483, "eps": 1.64, "epsdiluted": 1.62, "weightedAverageShsOut": 52000000, "weightedAverageShsOutDil": 52500000, "link": "https://www.sec.gov/Archives/edgar/data/67347/000114036122020696/0001140361-22-020696-index.htm", "finalLink": "https://www.sec.gov/Archives/edgar/data/67347/000114036122020696/brhc10037988_10k.htm", "calculatedOtherExpenses": -48200000, "calculatedOperatingExpenses": 217200000, "calculatedNetInterest": -15200000, "calculatedOtherIncome": 24600000, "calculatedIncomeNonControlling": 1100000, "calculatedEbitda": 146900000}, {"date": "2021-03-31", "symbol": "MOD", "reportedCurrency": "USD", "cik": "0000067347", "fillingDate": "2021-05-27", "acceptedDate": "2021-05-27 11:47:16", "calendarYear": "2021", "period": "FY", "revenue": 1808400000, "costOfRevenue": 1515000000, "grossProfit": 293400000, "grossProfitRatio": 0.1622428666, "researchAndDevelopmentExpenses": 46300000, "generalAndAdministrativeExpenses": 210900000, "sellingAndMarketingExpenses": 0, "sellingGeneralAndAdministrativeExpenses": 210900000, "otherExpenses": -2200000, "operatingExpenses": 210900000, "costAndExpenses": 1725900000, "interestIncome": 500000, "interestExpense": 19400000, "depreciationAndAmortization": 68600000, "ebitda": 148900000, "ebitdaratio": 0.0823379783, "operatingIncome": 80300000, "operatingIncomeRatio": 0.0444038929, "totalOtherIncomeExpensesNet": -199600000, "incomeBeforeTax": -119300000, "incomeBeforeTaxRatio": -0.0659699182, "incomeTaxExpense": 90200000, "netIncome": -209500000, "netIncomeRatio": -0.1158482637, "eps": -4.08, "epsdiluted": -4.08, "weightedAverageShsOut": 51300000, "weightedAverageShsOutDil": 51300000, "link": "https://www.sec.gov/Archives/edgar/data/67347/000114036121018956/0001140361-21-018956-index.htm", "finalLink": "https://www.sec.gov/Archives/edgar/data/67347/000114036121018956/brhc10025013_10k.htm", "calculatedOtherExpenses": -44100000, "calculatedOperatingExpenses": 213100000, "calculatedNetInterest": -18900000, "calculatedOtherIncome": -180700000, "calculatedIncomeNonControlling": 0, "calculatedEbitda": 148900000}, {"date": "2020-03-31", "symbol": "MOD", "reportedCurrency": "USD", "cik": "0000067347", "fillingDate": "2020-05-29", "acceptedDate": "2020-05-29 14:14:15", "calendarYear": "2020", "period": "FY", "revenue": 1975500000, "costOfRevenue": 1668000000, "grossProfit": 307500000, "grossProfitRatio": 0.1556567957, "researchAndDevelopmentExpenses": 59500000, "generalAndAdministrativeExpenses": 249600000, "sellingAndMarketingExpenses": 0, "sellingGeneralAndAdministrativeExpenses": 249600000, "otherExpenses": -4800000, "operatingExpenses": 249600000, "costAndExpenses": 1917600000, "interestIncome": 400000, "interestExpense": 22700000, "depreciationAndAmortization": 77100000, "ebitda": 130200000, "ebitdaratio": 0.0659073652, "operatingIncome": 53100000, "operatingIncomeRatio": 0.0268792711, "totalOtherIncomeExpensesNet": -42700000, "incomeBeforeTax": 10400000, "incomeBeforeTaxRatio": 0.00526449, "incomeTaxExpense": 12400000, "netIncome": -2000000, "netIncomeRatio": -0.0010124019, "eps": -0.0394, "epsdiluted": -0.0394, "weightedAverageShsOut": 50800000, "weightedAverageShsOutDil": 50800000, "link": "https://www.sec.gov/Archives/edgar/data/67347/000114036120012690/0001140361-20-012690-index.htm", "finalLink": "https://www.sec.gov/Archives/edgar/data/67347/000114036120012690/form10k.htm", "calculatedOtherExpenses": -54700000, "calculatedOperatingExpenses": 254400000, "calculatedNetInterest": -22300000, "calculatedOtherIncome": -20400000, "calculatedIncomeNonControlling": 0, "calculatedEbitda": 130200000}, {"date": "2019-03-31", "symbol": "MOD", "reportedCurrency": "USD", "cik": "0000067347", "fillingDate": "2019-05-23", "acceptedDate": "2019-05-23 14:42:27", "calendarYear": "2019", "period": "FY", "revenue": 2212700000, "costOfRevenue": 1847200000, "grossProfit": 365500000, "grossProfitRatio": 0.1651828083, "researchAndDevelopmentExpenses": 69800000, "generalAndAdministrativeExpenses": 244100000, "sellingAndMarketingExpenses": -2900000, "sellingGeneralAndAdministrativeExpenses": 244100000, "otherExpenses": -4100000, "operatingExpenses": 244100000, "costAndExpenses": 2091300000, "interestIncome": 400000, "interestExpense": 24800000, "depreciationAndAmortization": 76900000, "ebitda": 194200000, "ebitdaratio": 0.0877660776, "operatingIncome": 109700000, "operatingIncomeRatio": 0.0495774393, "totalOtherIncomeExpensesNet": -15800000, "incomeBeforeTax": 80800000, "incomeBeforeTaxRatio": 0.0365164731, "incomeTaxExpense": -5100000, "netIncome": 84800000, "netIncomeRatio": 0.0383242193, "eps": 1.67, "epsdiluted": 1.65, "weightedAverageShsOut": 50700000, "weightedAverageShsOutDil": 51300000, "link": "https://www.sec.gov/Archives/edgar/data/67347/000114036119009735/0001140361-19-009735-index.htm", "finalLink": "https://www.sec.gov/Archives/edgar/data/67347/000114036119009735/form10k.htm", "calculatedOtherExpenses": -58100000, "calculatedOperatingExpenses": 255800000, "calculatedNetInterest": -24400000, "calculatedOtherIncome": -4500000, "calculatedIncomeNonControlling": 1100000, "calculatedEbitda": 186600000}, {"date": "2018-03-31", "symbol": "MOD", "reportedCurrency": "USD", "cik": "0000067347", "fillingDate": "2018-05-24", "acceptedDate": "2018-05-24 12:10:30", "calendarYear": "2018", "period": "FY", "revenue": 2103100000, "costOfRevenue": 1746600000, "grossProfit": 356500000, "grossProfitRatio": 0.1695116732, "researchAndDevelopmentExpenses": 65800000, "generalAndAdministrativeExpenses": 245800000, "sellingAndMarketingExpenses": 0, "sellingGeneralAndAdministrativeExpenses": 245800000, "otherExpenses": -3300000, "operatingExpenses": 245800000, "costAndExpenses": 1992400000, "interestIncome": 400000, "interestExpense": 25600000, "depreciationAndAmortization": 76700000, "ebitda": 184100000, "ebitdaratio": 0.0875374447, "operatingIncome": 92200000, "operatingIncomeRatio": 0.0438400456, "totalOtherIncomeExpensesNet": -21800000, "incomeBeforeTax": 63300000, "incomeBeforeTaxRatio": 0.0300984261, "incomeTaxExpense": 39500000, "netIncome": 22200000, "netIncomeRatio": 0.0105558461, "eps": 0.44, "epsdiluted": 0.44, "weightedAverageShsOut": 50500000, "weightedAverageShsOutDil": 50900000, "link": "https://www.sec.gov/Archives/edgar/data/67347/000114036118025479/0001140361-18-025479-index.htm", "finalLink": "https://www.sec.gov/Archives/edgar/data/67347/000114036118025479/form10k.htm", "calculatedOtherExpenses": -47300000, "calculatedOperatingExpenses": 264300000, "calculatedNetInterest": -25200000, "calculatedOtherIncome": -3700000, "calculatedIncomeNonControlling": 1600000, "calculatedEbitda": 168900000}, {"date": "2017-03-31", "symbol": "MOD", "reportedCurrency": "USD", "cik": "0000067347", "fillingDate": "2017-05-26", "acceptedDate": "2017-05-25 18:20:59", "calendarYear": "2017", "period": "FY", "revenue": 1503000000, "costOfRevenue": 1249700000, "grossProfit": 253300000, "grossProfitRatio": 0.1685296075, "researchAndDevelopmentExpenses": 64400000, "generalAndAdministrativeExpenses": 205000000, "sellingAndMarketingExpenses": 0, "sellingGeneralAndAdministrativeExpenses": 205000000, "otherExpenses": -1400000, "operatingExpenses": 205000000, "costAndExpenses": 1454700000, "interestIncome": 400000, "interestExpense": 17200000, "depreciationAndAmortization": 58300000, "ebitda": 105200000, "ebitdaratio": 0.0699933466, "operatingIncome": 39400000, "operatingIncomeRatio": 0.0262142382, "totalOtherIncomeExpensesNet": -10300000, "incomeBeforeTax": 20800000, "incomeBeforeTaxRatio": 0.0138389887, "incomeTaxExpense": 5900000, "netIncome": 14200000, "netIncomeRatio": 0.0094477711, "eps": 0.28, "epsdiluted": 0.28, "weightedAverageShsOut": 47800000, "weightedAverageShsOutDil": 50100000, "link": "https://www.sec.gov/Archives/edgar/data/67347/000114036117022417/0001140361-17-022417-index.htm", "finalLink": "https://www.sec.gov/Archives/edgar/data/67347/000114036117022417/form10k.htm", "calculatedOtherExpenses": -55500000, "calculatedOperatingExpenses": 213900000, "calculatedNetInterest": -16800000, "calculatedOtherIncome": -1800000, "calculatedIncomeNonControlling": 700000, "calculatedEbitda": 97700000}, {"date": "2016-03-31", "symbol": "MOD", "reportedCurrency": "USD", "cik": "0000067347", "fillingDate": "2016-05-26", "acceptedDate": "2016-05-26 13:00:56", "calendarYear": "2016", "period": "FY", "revenue": 1352500000, "costOfRevenue": 1129000000, "grossProfit": 223500000, "grossProfitRatio": 0.1652495379, "researchAndDevelopmentExpenses": 61100000, "generalAndAdministrativeExpenses": 204500000, "sellingAndMarketingExpenses": 0, "sellingGeneralAndAdministrativeExpenses": 204500000, "otherExpenses": 8700000, "operatingExpenses": 204500000, "costAndExpenses": 1333500000, "interestIncome": 400000, "interestExpense": 11100000, "depreciationAndAmortization": 50200000, "ebitda": 77900000, "ebitdaratio": 0.0575970425, "operatingIncome": -7500000, "operatingIncomeRatio": -0.0055452865, "totalOtherIncomeExpensesNet": -17800000, "incomeBeforeTax": -9900000, "incomeBeforeTaxRatio": -0.0073197782, "incomeTaxExpense": -8900000, "netIncome": -1600000, "netIncomeRatio": -0.0011829945, "eps": -0.0338, "epsdiluted": -0.0338, "weightedAverageShsOut": 47300000, "weightedAverageShsOutDil": 47400000, "link": "https://www.sec.gov/Archives/edgar/data/67347/000114036116067258/0001140361-16-067258-index.htm", "finalLink": "https://www.sec.gov/Archives/edgar/data/67347/000114036116067258/form10k.htm", "calculatedOtherExpenses": -34600000, "calculatedOperatingExpenses": 231000000, "calculatedNetInterest": -10700000, "calculatedOtherIncome": 8300000, "calculatedIncomeNonControlling": 600000, "calculatedEbitda": 42700000}, {"date": "2015-03-31", "symbol": "MOD", "reportedCurrency": "USD", "cik": "0000067347", "fillingDate": "2015-05-29", "acceptedDate": "2015-05-29 11:12:22", "calendarYear": "2015", "period": "FY", "revenue": 1496400000, "costOfRevenue": 1249900000, "grossProfit": 246500000, "grossProfitRatio": 0.1647286822, "researchAndDevelopmentExpenses": 62000000, "generalAndAdministrativeExpenses": 184500000, "sellingAndMarketingExpenses": 0, "sellingGeneralAndAdministrativeExpenses": 184500000, "otherExpenses": 200000, "operatingExpenses": 184500000, "costAndExpenses": 1434400000, "interestIncome": 500000, "interestExpense": 11700000, "depreciationAndAmortization": 51600000, "ebitda": 113800000, "ebitdaratio": 0.0760491847, "operatingIncome": 52700000, "operatingIncomeRatio": 0.0352178562, "totalOtherIncomeExpensesNet": -9100000, "incomeBeforeTax": 41200000, "incomeBeforeTaxRatio": 0.0275327453, "incomeTaxExpense": 19000000, "netIncome": 21800000, "netIncomeRatio": 0.0145682972, "eps": 0.46, "epsdiluted": 0.45, "weightedAverageShsOut": 47727272, "weightedAverageShsOutDil": 47900000, "link": "https://www.sec.gov/Archives/edgar/data/67347/000114036115022274/0001140361-15-022274-index.htm", "finalLink": "https://www.sec.gov/Archives/edgar/data/67347/000114036115022274/form10k.htm", "calculatedOtherExpenses": -52700000, "calculatedOperatingExpenses": 193800000, "calculatedNetInterest": -11200000, "calculatedOtherIncome": -300000, "calculatedIncomeNonControlling": 400000, "calculatedEbitda": 104300000}, {"date": "2014-03-31", "symbol": "MOD", "reportedCurrency": "USD", "cik": "0000067347", "fillingDate": "2014-05-30", "acceptedDate": "2014-05-30 13:11:47", "calendarYear": "2014", "period": "FY", "revenue": 1477600000, "costOfRevenue": 1239400000, "grossProfit": 238200000, "grossProfitRatio": 0.1612073633, "researchAndDevelopmentExpenses": 61700000, "generalAndAdministrativeExpenses": 181700000, "sellingAndMarketingExpenses": 0, "sellingGeneralAndAdministrativeExpenses": 181700000, "otherExpenses": -800000, "operatingExpenses": 181700000, "costAndExpenses": 1421100000, "interestIncome": 500000, "interestExpense": 12400000, "depreciationAndAmortization": 58100000, "ebitda": 113800000, "ebitdaratio": 0.077016784, "operatingIncome": 37200000, "operatingIncomeRatio": 0.025175961, "totalOtherIncomeExpensesNet": -20100000, "incomeBeforeTax": 24000000, "incomeBeforeTaxRatio": 0.0162425555, "incomeTaxExpense": -107900000, "netIncome": 130400000, "netIncomeRatio": 0.0882512182, "eps": 2.74, "epsdiluted": 2.72, "weightedAverageShsOut": 47305949, "weightedAverageShsOutDil": 47600000, "link": "https://www.sec.gov/Archives/edgar/data/67347/000114036114023690/0001140361-14-023690-index.htm", "finalLink": "https://www.sec.gov/Archives/edgar/data/67347/000114036114023690/form10k.htm", "calculatedOtherExpenses": -42400000, "calculatedOperatingExpenses": 201000000, "calculatedNetInterest": -11900000, "calculatedOtherIncome": -1300000, "calculatedIncomeNonControlling": 1500000, "calculatedEbitda": 95300000}, {"date": "2013-03-31", "symbol": "MOD", "reportedCurrency": "USD", "cik": "0000067347", "fillingDate": "2013-05-31", "acceptedDate": "2013-05-31 12:53:22", "calendarYear": "2013", "period": "FY", "revenue": 1376000000, "costOfRevenue": 1167400000, "grossProfit": 208600000, "grossProfitRatio": 0.1515988372, "researchAndDevelopmentExpenses": 70400000, "generalAndAdministrativeExpenses": 166300000, "sellingAndMarketingExpenses": 0, "sellingGeneralAndAdministrativeExpenses": 166300000, "otherExpenses": 200000, "operatingExpenses": 166300000, "costAndExpenses": 1333700000, "interestIncome": 900000, "interestExpense": 12600000, "depreciationAndAmortization": 55800000, "ebitda": 98300000, "ebitdaratio": 0.0714389535, "operatingIncome": -600000, "operatingIncomeRatio": -0.0004360465, "totalOtherIncomeExpensesNet": -42700000, "incomeBeforeTax": -13000000, "incomeBeforeTaxRatio": -0.0094476744, "incomeTaxExpense": 9800000, "netIncome": -24200000, "netIncomeRatio": -0.0175872093, "eps": -0.52, "epsdiluted": -0.52, "weightedAverageShsOut": 46538461, "weightedAverageShsOutDil": 46600000, "link": "https://www.sec.gov/Archives/edgar/data/67347/000114036113023524/0001140361-13-023524-index.htm", "finalLink": "https://www.sec.gov/Archives/edgar/data/67347/000114036113023524/form10k.htm", "calculatedOtherExpenses": -27500000, "calculatedOperatingExpenses": 209200000, "calculatedNetInterest": -11700000, "calculatedOtherIncome": -700000, "calculatedIncomeNonControlling": 1400000, "calculatedEbitda": 55200000}, {"date": "2012-03-31", "symbol": "MOD", "reportedCurrency": "USD", "cik": "0000067347", "fillingDate": "2012-06-14", "acceptedDate": "2012-06-14 17:28:30", "calendarYear": "2012", "period": "FY", "revenue": 1577152000, "costOfRevenue": 1319605000, "grossProfit": 257547000, "grossProfitRatio": 0.1632987816, "researchAndDevelopmentExpenses": 0, "generalAndAdministrativeExpenses": 189046000, "sellingAndMarketingExpenses": 250000, "sellingGeneralAndAdministrativeExpenses": 189296000, "otherExpenses": 0, "operatingExpenses": 189296000, "costAndExpenses": 1508901000, "interestIncome": 748000, "interestExpense": 12483000, "depreciationAndAmortization": 57690000, "ebitda": 125941000, "ebitdaratio": 0.079853432, "operatingIncome": 68251000, "operatingIncomeRatio": 0.0432748397, "totalOtherIncomeExpensesNet": -7130000, "incomeBeforeTax": 48638000, "incomeBeforeTaxRatio": 0.0308391328, "incomeTaxExpense": 10013000, "netIncome": 39106000, "netIncomeRatio": 0.0247953273, "eps": 0.84, "epsdiluted": 0.83, "weightedAverageShsOut": 46477000, "weightedAverageShsOutDil": 46881000, "link": "https://www.sec.gov/Archives/edgar/data/67347/000114036112030062/0001140361-12-030062-index.htm", "finalLink": "https://www.sec.gov/Archives/edgar/data/67347/000114036112030062/form10k.htm", "calculatedOtherExpenses": 0, "calculatedOperatingExpenses": 189296000, "calculatedNetInterest": -11735000, "calculatedOtherIncome": -7878000, "calculatedIncomeNonControlling": -481000, "calculatedEbitda": 125941000}, {"date": "2011-03-31", "symbol": "MOD", "reportedCurrency": "USD", "cik": "0000067347", "fillingDate": "2011-06-14", "acceptedDate": "2011-06-14 16:08:28", "calendarYear": "2011", "period": "FY", "revenue": 1448235000, "costOfRevenue": 1216868000, "grossProfit": 231367000, "grossProfitRatio": 0.1597579122, "researchAndDevelopmentExpenses": 0, "generalAndAdministrativeExpenses": 185300000, "sellingAndMarketingExpenses": 0, "sellingGeneralAndAdministrativeExpenses": 185300000, "otherExpenses": 0, "operatingExpenses": 185300000, "costAndExpenses": 1402168000, "interestIncome": 709000, "interestExpense": 33723000, "depreciationAndAmortization": 56492000, "ebitda": 102559000, "ebitdaratio": 0.0708165457, "operatingIncome": 42794000, "operatingIncomeRatio": 0.0295490718, "totalOtherIncomeExpensesNet": 351000, "incomeBeforeTax": 12695000, "incomeBeforeTaxRatio": 0.0087658426, "incomeTaxExpense": 3468000, "netIncome": 6180000, "netIncomeRatio": 0.0042672633, "eps": 0.13, "epsdiluted": 0.13, "weightedAverageShsOut": 46167000, "weightedAverageShsOutDil": 46729000, "link": "https://www.sec.gov/Archives/edgar/data/67347/000114036111032838/0001140361-11-032838-index.htm", "finalLink": "https://www.sec.gov/Archives/edgar/data/67347/000114036111032838/form10k.htm", "calculatedOtherExpenses": 3273000, "calculatedOperatingExpenses": 188573000, "calculatedNetInterest": -33014000, "calculatedOtherIncome": 2915000, "calculatedIncomeNonControlling": 3047000, "calculatedEbitda": 99286000}, {"date": "2010-03-31", "symbol": "MOD", "reportedCurrency": "USD", "cik": "0000067347", "fillingDate": "2010-06-10", "acceptedDate": "2010-06-10 16:45:39", "calendarYear": "2010", "period": "FY", "revenue": 1163234000, "costOfRevenue": 993025000, "grossProfit": 170209000, "grossProfitRatio": 0.1463239555, "researchAndDevelopmentExpenses": 0, "generalAndAdministrativeExpenses": 157502000, "sellingAndMarketingExpenses": 0, "sellingGeneralAndAdministrativeExpenses": 157502000, "otherExpenses": 0, "operatingExpenses": 157502000, "costAndExpenses": 1150527000, "interestIncome": 663000, "interestExpense": 22888000, "depreciationAndAmortization": 65766000, "ebitda": 78473000, "ebitdaratio": 0.0674610611, "operatingIncome": 6838000, "operatingIncomeRatio": 0.0058784389, "totalOtherIncomeExpensesNet": -285000, "incomeBeforeTax": -10466000, "incomeBeforeTaxRatio": -0.0089973299, "incomeTaxExpense": 9832000, "netIncome": -29279000, "netIncomeRatio": -0.0251703441, "eps": -0.75, "epsdiluted": -0.75, "weightedAverageShsOut": 39298000, "weightedAverageShsOutDil": 39298000, "link": "https://www.sec.gov/Archives/edgar/data/67347/000114036110025119/0001140361-10-025119-index.htm", "finalLink": "https://www.sec.gov/Archives/edgar/data/67347/000114036110025119/form10k.htm", "calculatedOtherExpenses": 5869000, "calculatedOperatingExpenses": 163371000, "calculatedNetInterest": -22225000, "calculatedOtherIncome": 4921000, "calculatedIncomeNonControlling": 8981000, "calculatedEbitda": 72604000}, {"date": "2009-03-31", "symbol": "MOD", "reportedCurrency": "USD", "cik": "0000067347", "fillingDate": "2009-06-05", "acceptedDate": "2009-06-05 16:18:52", "calendarYear": "2009", "period": "FY", "revenue": 1408714000, "costOfRevenue": 1221680000, "grossProfit": 187034000, "grossProfitRatio": 0.1327693201, "researchAndDevelopmentExpenses": 0, "generalAndAdministrativeExpenses": 199613000, "sellingAndMarketingExpenses": 0, "sellingGeneralAndAdministrativeExpenses": 199613000, "otherExpenses": 0, "operatingExpenses": 199613000, "costAndExpenses": 1421293000, "interestIncome": 0, "interestExpense": 13775000, "depreciationAndAmortization": 73334000, "ebitda": 60755000, "ebitdaratio": 0.0431279877, "operatingIncome": -86718000, "operatingIncomeRatio": -0.0615582723, "totalOtherIncomeExpensesNet": -76599000, "incomeBeforeTax": -102953000, "incomeBeforeTaxRatio": -0.0730829679, "incomeTaxExpense": 644000, "netIncome": -108612000, "netIncomeRatio": -0.0771001069, "eps": -3.39, "epsdiluted": -3.39, "weightedAverageShsOut": 32077000, "weightedAverageShsOutDil": 32077000, "link": "https://www.sec.gov/Archives/edgar/data/67347/000114036109014108/0001140361-09-014108-index.htm", "finalLink": "https://www.sec.gov/Archives/edgar/data/67347/000114036109014108/form10k.htm", "calculatedOtherExpenses": 74139000, "calculatedOperatingExpenses": 273752000, "calculatedNetInterest": -13775000, "calculatedOtherIncome": -2460000, "calculatedIncomeNonControlling": 5015000, "calculatedEbitda": -13384000}, {"date": "2008-03-31", "symbol": "MOD", "reportedCurrency": "USD", "cik": "0000067347", "fillingDate": "2008-05-30", "acceptedDate": "2008-05-30 17:24:56", "calendarYear": "2008", "period": "FY", "revenue": 1849373000, "costOfRevenue": 1579778000, "grossProfit": 269595000, "grossProfitRatio": 0.1457764334, "researchAndDevelopmentExpenses": 0, "generalAndAdministrativeExpenses": 235258000, "sellingAndMarketingExpenses": 0, "sellingGeneralAndAdministrativeExpenses": 235258000, "otherExpenses": 47420000, "operatingExpenses": 282678000, "costAndExpenses": 1862456000, "interestIncome": 0, "interestExpense": 0, "depreciationAndAmortization": 80951000, "ebitda": 114791000, "ebitdaratio": 0.062070226, "operatingIncome": -16648000, "operatingIncomeRatio": -0.0090019699, "totalOtherIncomeExpensesNet": -44124000, "incomeBeforeTax": -21125000, "incomeBeforeTaxRatio": -0.0114227903, "incomeTaxExpense": 44386000, "netIncome": -65596000, "netIncomeRatio": -0.0354693185, "eps": -2.05, "epsdiluted": -2.05, "weightedAverageShsOut": 32030000, "weightedAverageShsOutDil": 32030000, "link": "https://www.sec.gov/Archives/edgar/data/67347/000114036108014027/0001140361-08-014027-index.htm", "finalLink": "https://www.sec.gov/Archives/edgar/data/67347/000114036108014027/form10k.htm", "calculatedOtherExpenses": 50985000, "calculatedOperatingExpenses": 286243000, "calculatedNetInterest": 0, "calculatedOtherIncome": -4477000, "calculatedIncomeNonControlling": 85000, "calculatedEbitda": 64303000}, {"date": "2007-03-31", "symbol": "MOD", "reportedCurrency": "USD", "cik": "0000067347", "fillingDate": "2007-05-30", "acceptedDate": "2007-05-30 17:15:12", "calendarYear": "2007", "period": "FY", "revenue": 1757472000, "costOfRevenue": 1475620000, "grossProfit": 281852000, "grossProfitRatio": 0.1603735365, "researchAndDevelopmentExpenses": 0, "generalAndAdministrativeExpenses": 237837000, "sellingAndMarketingExpenses": 0, "sellingGeneralAndAdministrativeExpenses": 237837000, "otherExpenses": 0, "operatingExpenses": 237837000, "costAndExpenses": 1713457000, "interestIncome": 0, "interestExpense": 0, "depreciationAndAmortization": 71104000, "ebitda": 114568000, "ebitdaratio": 0.0651890898, "operatingIncome": 39723000, "operatingIncomeRatio": 0.0226023516, "totalOtherIncomeExpensesNet": 4127000, "incomeBeforeTax": 39287000, "incomeBeforeTaxRatio": 0.0223542679, "incomeTaxExpense": -2975000, "netIncome": 42332000, "netIncomeRatio": 0.0240868702, "eps": 1.31, "epsdiluted": 1.31, "weightedAverageShsOut": 32314504, "weightedAverageShsOutDil": 32314504, "link": "https://www.sec.gov/Archives/edgar/data/67347/000006734707000060/0000067347-07-000060-index.htm", "finalLink": "https://www.sec.gov/Archives/edgar/data/67347/000006734707000060/f10k_2007.htm", "calculatedOtherExpenses": 4292000, "calculatedOperatingExpenses": 242129000, "calculatedNetInterest": 0, "calculatedOtherIncome": -436000, "calculatedIncomeNonControlling": -70000, "calculatedEbitda": 110827000}, {"date": "2006-03-31", "symbol": "MOD", "reportedCurrency": "USD", "cik": "0000067347", "fillingDate": "2006-06-14", "acceptedDate": "2006-06-14 16:27:46", "calendarYear": "2006", "period": "FY", "revenue": 1628900000, "costOfRevenue": 1319294000, "grossProfit": 309606000, "grossProfitRatio": 0.1900705998, "researchAndDevelopmentExpenses": 0, "generalAndAdministrativeExpenses": 220090000, "sellingAndMarketingExpenses": 0, "sellingGeneralAndAdministrativeExpenses": 220090000, "otherExpenses": 0, "operatingExpenses": 220090000, "costAndExpenses": 1539384000, "interestIncome": 0, "interestExpense": 0, "depreciationAndAmortization": 72091000, "ebitda": 159256000, "ebitdaratio": 0.0977690466, "operatingIncome": 89516000, "operatingIncomeRatio": 0.0549548775, "totalOtherIncomeExpensesNet": 6573000, "incomeBeforeTax": 90540000, "incomeBeforeTaxRatio": 0.0555835226, "incomeTaxExpense": 29788000, "netIncome": 7641000, "netIncomeRatio": 0.0046908957, "eps": 0.23, "epsdiluted": 0.22, "weightedAverageShsOut": 33221739, "weightedAverageShsOutDil": 34731818, "link": "https://www.sec.gov/Archives/edgar/data/67347/000006734706000113/0000067347-06-000113-index.htm", "finalLink": "https://www.sec.gov/Archives/edgar/data/67347/000006734706000113/f10k_2006.htm", "calculatedOtherExpenses": 0, "calculatedOperatingExpenses": 220090000, "calculatedNetInterest": 0, "calculatedOtherIncome": 1024000, "calculatedIncomeNonControlling": 53111000, "calculatedEbitda": 161607000}, {"date": "2005-03-31", "symbol": "MOD", "reportedCurrency": "USD", "cik": "0000067347", "fillingDate": "2005-06-14", "acceptedDate": "2005-06-14 17:15:57", "calendarYear": "2005", "period": "FY", "revenue": 1543930000, "costOfRevenue": 1193821000, "grossProfit": 350109000, "grossProfitRatio": 0.2267648145, "researchAndDevelopmentExpenses": 0, "generalAndAdministrativeExpenses": 264088000, "sellingAndMarketingExpenses": 0, "sellingGeneralAndAdministrativeExpenses": 264088000, "otherExpenses": 0, "operatingExpenses": 264088000, "costAndExpenses": 1457909000, "interestIncome": 0, "interestExpense": 0, "depreciationAndAmortization": 68494000, "ebitda": 137295000, "ebitdaratio": 0.0889256637, "operatingIncome": 84990000, "operatingIncomeRatio": 0.0550478325, "totalOtherIncomeExpensesNet": 17220000, "incomeBeforeTax": 96876000, "incomeBeforeTaxRatio": 0.062746368, "incomeTaxExpense": 35214000, "netIncome": 61662000, "netIncomeRatio": 0.0399383392, "eps": 2.05, "epsdiluted": 2.03, "weightedAverageShsOut": 30079024, "weightedAverageShsOutDil": 30375369, "link": "https://www.sec.gov/Archives/edgar/data/67347/000006734705000173/0000067347-05-000173-index.htm", "finalLink": "https://www.sec.gov/Archives/edgar/data/67347/000006734705000173/f10k_2005.htm", "calculatedOtherExpenses": 1031000, "calculatedOperatingExpenses": 265119000, "calculatedNetInterest": 0, "calculatedOtherIncome": 11886000, "calculatedIncomeNonControlling": 0, "calculatedEbitda": 153484000}, {"date": "2004-03-31", "symbol": "MOD", "reportedCurrency": "USD", "cik": "0000067347", "fillingDate": "2004-06-14", "acceptedDate": "2004-06-14 15:37:00", "calendarYear": "2004", "period": "FY", "revenue": 1199799000, "costOfRevenue": 906683000, "grossProfit": 293116000, "grossProfitRatio": 0.2443042543, "researchAndDevelopmentExpenses": 0, "generalAndAdministrativeExpenses": 243169000, "sellingAndMarketingExpenses": 0, "sellingGeneralAndAdministrativeExpenses": 243169000, "otherExpenses": 0, "operatingExpenses": 243169000, "costAndExpenses": 1149852000, "interestIncome": 0, "interestExpense": 0, "depreciationAndAmortization": 61421000, "ebitda": 92175000, "ebitdaratio": 0.0768253682, "operatingIncome": 50066000, "operatingIncomeRatio": 0.0417286562, "totalOtherIncomeExpensesNet": 19193000, "incomeBeforeTax": 63711000, "incomeBeforeTaxRatio": 0.0531013945, "incomeTaxExpense": 23274000, "netIncome": 40437000, "netIncomeRatio": 0.0337031453, "eps": 1.36, "epsdiluted": 1.35, "weightedAverageShsOut": 29733088, "weightedAverageShsOutDil": 29953333, "link": "https://www.sec.gov/Archives/edgar/data/67347/000006734704000133/0000067347-04-000133-index.htm", "finalLink": "https://www.sec.gov/Archives/edgar/data/67347/000006734704000133/f10k2004-sec.htm", "calculatedOtherExpenses": -119000, "calculatedOperatingExpenses": 243050000, "calculatedNetInterest": 0, "calculatedOtherIncome": 13645000, "calculatedIncomeNonControlling": 0, "calculatedEbitda": 111487000}, {"date": "2003-03-31", "symbol": "MOD", "reportedCurrency": "USD", "cik": "0000067347", "fillingDate": "2003-03-31", "acceptedDate": "2003-03-30 19:00:00", "calendarYear": "2003", "period": "FY", "revenue": 1092075000, "costOfRevenue": 819368000, "grossProfit": 272707000, "grossProfitRatio": 0.2497145343, "researchAndDevelopmentExpenses": 0, "generalAndAdministrativeExpenses": 0, "sellingAndMarketingExpenses": 0, "sellingGeneralAndAdministrativeExpenses": 221170000, "otherExpenses": 0, "operatingExpenses": 221170000, "costAndExpenses": 1040538000, "interestIncome": 0, "interestExpense": 0, "depreciationAndAmortization": 54810000, "ebitda": 96831000, "ebitdaratio": 0.0886669872, "operatingIncome": 53092000, "operatingIncomeRatio": 0.0486157086, "totalOtherIncomeExpensesNet": 9516000, "incomeBeforeTax": 55027000, "incomeBeforeTaxRatio": 0.050387565, "incomeTaxExpense": 20669000, "netIncome": 12666000, "netIncomeRatio": 0.0115981045, "eps": 0.99, "epsdiluted": 0.99, "weightedAverageShsOut": 33619000, "weightedAverageShsOutDil": 33749000, "link": "", "finalLink": "", "calculatedOtherExpenses": -1555000, "calculatedOperatingExpenses": 219615000, "calculatedNetInterest": 0, "calculatedOtherIncome": 1935000, "calculatedIncomeNonControlling": 21692000, "calculatedEbitda": 107902000}, {"date": "2002-03-31", "symbol": "MOD", "reportedCurrency": "USD", "cik": "0000067347", "fillingDate": "2002-06-21", "acceptedDate": "2002-06-21 10:04:11", "calendarYear": "2002", "period": "FY", "revenue": 1074760000, "costOfRevenue": 810291000, "grossProfit": 264469000, "grossProfitRatio": 0.2460726116, "researchAndDevelopmentExpenses": 0, "generalAndAdministrativeExpenses": 221733000, "sellingAndMarketingExpenses": 0, "sellingGeneralAndAdministrativeExpenses": 221733000, "otherExpenses": 0, "operatingExpenses": 221733000, "costAndExpenses": 1032024000, "interestIncome": 0, "interestExpense": 0, "depreciationAndAmortization": 63508000, "ebitda": 101077000, "ebitdaratio": 0.0940461126, "operatingIncome": 35196000, "operatingIncomeRatio": 0.0327477762, "totalOtherIncomeExpensesNet": 5167000, "incomeBeforeTax": 40110000, "incomeBeforeTaxRatio": 0.0373199598, "incomeTaxExpense": 16765000, "netIncome": 23345000, "netIncomeRatio": 0.0217211284, "eps": 0.7, "epsdiluted": 0.7, "weightedAverageShsOut": 33350000, "weightedAverageShsOutDil": 33350000, "link": "https://www.sec.gov/Archives/edgar/data/67347/000006734702000014/0000067347-02-000014-index.htm", "finalLink": "https://www.sec.gov/Archives/edgar/data/67347/000006734702000014/k10k02.txt", "calculatedOtherExpenses": 7540000, "calculatedOperatingExpenses": 229273000, "calculatedNetInterest": 0, "calculatedOtherIncome": 4914000, "calculatedIncomeNonControlling": 0, "calculatedEbitda": 98704000}, {"date": "2001-03-31", "symbol": "MOD", "reportedCurrency": "USD", "cik": "0000067347", "fillingDate": "2001-06-21", "acceptedDate": "2001-06-21 00:00:00", "calendarYear": "2001", "period": "FY", "revenue": 1065395000, "costOfRevenue": 786691000, "grossProfit": 278704000, "grossProfitRatio": 0.2615968725, "researchAndDevelopmentExpenses": 0, "generalAndAdministrativeExpenses": 217003000, "sellingAndMarketingExpenses": 0, "sellingGeneralAndAdministrativeExpenses": 217003000, "otherExpenses": 0, "operatingExpenses": 217003000, "costAndExpenses": 1003694000, "interestIncome": 0, "interestExpense": 0, "depreciationAndAmortization": 49947000, "ebitda": 86985000, "ebitdaratio": 0.0816457746, "operatingIncome": 61701000, "operatingIncomeRatio": 0.0579137315, "totalOtherIncomeExpensesNet": 24663000, "incomeBeforeTax": 78324000, "incomeBeforeTaxRatio": 0.0735163953, "incomeTaxExpense": 30719000, "netIncome": 47605000, "netIncomeRatio": 0.044682958, "eps": 1.61, "epsdiluted": 1.58, "weightedAverageShsOut": 32192547, "weightedAverageShsOutDil": 32803797, "link": "https://www.sec.gov/Archives/edgar/data/67347/000006734701500020/0000067347-01-500020-index.htm", "finalLink": "https://www.sec.gov/Archives/edgar/data/67347/000006734701500020/r10k01.txt", "calculatedOtherExpenses": 0, "calculatedOperatingExpenses": 217003000, "calculatedNetInterest": 0, "calculatedOtherIncome": 16623000, "calculatedIncomeNonControlling": 0, "calculatedEbitda": 111648000}, {"date": "2000-03-31", "symbol": "MOD", "reportedCurrency": "USD", "cik": "0000067347", "fillingDate": "2000-06-23", "acceptedDate": "2000-06-23 00:00:00", "calendarYear": "2000", "period": "FY", "revenue": 1139269000, "costOfRevenue": 772957000, "grossProfit": 366312000, "grossProfitRatio": 0.3215324914, "researchAndDevelopmentExpenses": 0, "generalAndAdministrativeExpenses": 218452000, "sellingAndMarketingExpenses": 0, "sellingGeneralAndAdministrativeExpenses": 218452000, "otherExpenses": 48822000, "operatingExpenses": 267274000, "costAndExpenses": 1040231000, "interestIncome": 0, "interestExpense": 0, "depreciationAndAmortization": 48822000, "ebitda": 143100000, "ebitdaratio": 0.1256068584, "operatingIncome": 99038000, "operatingIncomeRatio": 0.0869311813, "totalOtherIncomeExpensesNet": 4760000, "incomeBeforeTax": 95331000, "incomeBeforeTaxRatio": 0.0836773405, "incomeTaxExpense": 29928000, "netIncome": 65403000, "netIncomeRatio": 0.0574078642, "eps": 2.05, "epsdiluted": 2.01, "weightedAverageShsOut": 32357073, "weightedAverageShsOutDil": 33000995, "link": "https://www.sec.gov/Archives/edgar/data/67347/000006734700000010/0000067347-00-000010-index.htm", "finalLink": "https://www.sec.gov/Archives/edgar/data/67347/000006734700000010/0000067347-00-000010-0001.txt", "calculatedOtherExpenses": 48822000, "calculatedOperatingExpenses": 267274000, "calculatedNetInterest": 0, "calculatedOtherIncome": -3707000, "calculatedIncomeNonControlling": 0, "calculatedEbitda": 147860000}, {"date": "1999-03-31", "symbol": "MOD", "reportedCurrency": "USD", "cik": "0000067347", "fillingDate": "1999-06-17", "acceptedDate": "1999-06-17 00:00:00", "calendarYear": "1999", "period": "FY", "revenue": 1111400000, "costOfRevenue": 757300000, "grossProfit": 354100000, "grossProfitRatio": 0.3186071621, "researchAndDevelopmentExpenses": 0, "generalAndAdministrativeExpenses": 196600000, "sellingAndMarketingExpenses": 0, "sellingGeneralAndAdministrativeExpenses": 196600000, "otherExpenses": 44200000, "operatingExpenses": 240800000, "costAndExpenses": 998100000, "interestIncome": 0, "interestExpense": 0, "depreciationAndAmortization": 44200000, "ebitda": 147000000, "ebitdaratio": 0.1322656109, "operatingIncome": 113300000, "operatingIncomeRatio": 0.1019434947, "totalOtherIncomeExpensesNet": 10500000, "incomeBeforeTax": 118000000, "incomeBeforeTaxRatio": 0.1061723952, "incomeTaxExpense": 44100000, "netIncome": 73900000, "netIncomeRatio": 0.0664927119, "eps": 2.5, "epsdiluted": 2.46, "weightedAverageShsOut": 29560000, "weightedAverageShsOutDil": 30040650, "link": "https://www.sec.gov/Archives/edgar/data/67347/000006734799000017/0000067347-99-000017-index.html", "finalLink": "https://www.sec.gov/Archives/edgar/data/67347/000006734799000017/", "calculatedOtherExpenses": 44200000, "calculatedOperatingExpenses": 240800000, "calculatedNetInterest": 0, "calculatedOtherIncome": 4700000, "calculatedIncomeNonControlling": 0, "calculatedEbitda": 157500000}, {"date": "1998-03-31", "symbol": "MOD", "reportedCurrency": "USD", "cik": "0000067347", "fillingDate": "1998-06-24", "acceptedDate": "1998-06-24 00:00:00", "calendarYear": "1998", "period": "FY", "revenue": 1040400000, "costOfRevenue": 697900000, "grossProfit": 342500000, "grossProfitRatio": 0.3292003076, "researchAndDevelopmentExpenses": 0, "generalAndAdministrativeExpenses": 183300000, "sellingAndMarketingExpenses": 0, "sellingGeneralAndAdministrativeExpenses": 183300000, "otherExpenses": 41800000, "operatingExpenses": 225100000, "costAndExpenses": 923000000, "interestIncome": 0, "interestExpense": 0, "depreciationAndAmortization": 41800000, "ebitda": 156700000, "ebitdaratio": 0.150615148, "operatingIncome": 117400000, "operatingIncomeRatio": 0.1128412149, "totalOtherIncomeExpensesNet": 2500000, "incomeBeforeTax": 116000000, "incomeBeforeTaxRatio": 0.1114955786, "incomeTaxExpense": 43500000, "netIncome": 72500000, "netIncomeRatio": 0.0696847366, "eps": 2.44, "epsdiluted": 2.39, "weightedAverageShsOut": 29713115, "weightedAverageShsOutDil": 30334728, "link": "https://www.sec.gov/Archives/edgar/data/67347/000006734798000014/0000067347-98-000014-index.html", "finalLink": "https://www.sec.gov/Archives/edgar/data/67347/", "calculatedOtherExpenses": 41800000, "calculatedOperatingExpenses": 225100000, "calculatedNetInterest": 0, "calculatedOtherIncome": -1400000, "calculatedIncomeNonControlling": 0, "calculatedEbitda": 159200000}, {"date": "1997-03-31", "symbol": "MOD", "reportedCurrency": "USD", "cik": "0000067347", "fillingDate": "1997-06-20", "acceptedDate": "1997-06-20 00:00:00", "calendarYear": "1997", "period": "FY", "revenue": 999000000, "costOfRevenue": 680100000, "grossProfit": 318900000, "grossProfitRatio": 0.3192192192, "researchAndDevelopmentExpenses": 0, "generalAndAdministrativeExpenses": 176600000, "sellingAndMarketingExpenses": 0, "sellingGeneralAndAdministrativeExpenses": 176600000, "otherExpenses": 41500000, "operatingExpenses": 218100000, "costAndExpenses": 898200000, "interestIncome": 0, "interestExpense": 0, "depreciationAndAmortization": 41500000, "ebitda": 140400000, "ebitdaratio": 0.1405405405, "operatingIncome": 100800000, "operatingIncomeRatio": 0.1009009009, "totalOtherIncomeExpensesNet": 1900000, "incomeBeforeTax": 97800000, "incomeBeforeTaxRatio": 0.0978978979, "incomeTaxExpense": 34000000, "netIncome": 63800000, "netIncomeRatio": 0.0638638639, "eps": 2.1, "epsdiluted": 2.1, "weightedAverageShsOut": 30420000, "weightedAverageShsOutDil": 30420000, "link": "https://www.sec.gov/Archives/edgar/data/67347/000006734797000011/0000067347-97-000011-index.html", "finalLink": "https://www.sec.gov/Archives/edgar/data/67347/", "calculatedOtherExpenses": 41500000, "calculatedOperatingExpenses": 218100000, "calculatedNetInterest": 0, "calculatedOtherIncome": -3000000, "calculatedIncomeNonControlling": 0, "calculatedEbitda": 142300000}, {"date": "1996-03-31", "symbol": "MOD", "reportedCurrency": "USD", "cik": "0000067347", "fillingDate": "1996-06-27", "acceptedDate": "1996-06-27 00:00:00", "calendarYear": "1996", "period": "FY", "revenue": 990500000, "costOfRevenue": 695500000, "grossProfit": 295000000, "grossProfitRatio": 0.2978293791, "researchAndDevelopmentExpenses": 0, "generalAndAdministrativeExpenses": 161100000, "sellingAndMarketingExpenses": 0, "sellingGeneralAndAdministrativeExpenses": 161100000, "otherExpenses": 39600000, "operatingExpenses": 200700000, "costAndExpenses": 896200000, "interestIncome": 0, "interestExpense": 0, "depreciationAndAmortization": 39600000, "ebitda": 122200000, "ebitdaratio": 0.1233720343, "operatingIncome": 94300000, "operatingIncomeRatio": 0.0952044422, "totalOtherIncomeExpensesNet": 11700000, "incomeBeforeTax": 99200000, "incomeBeforeTaxRatio": 0.1001514387, "incomeTaxExpense": 37800000, "netIncome": 61400000, "netIncomeRatio": 0.0619888945, "eps": 2.02, "epsdiluted": 2.02, "weightedAverageShsOut": 30416000, "weightedAverageShsOutDil": 30512821, "link": "https://www.sec.gov/Archives/edgar/data/67347/000006734796000015/0000067347-96-000015-index.html", "finalLink": "https://www.sec.gov/Archives/edgar/data/67347/", "calculatedOtherExpenses": 39600000, "calculatedOperatingExpenses": 200700000, "calculatedNetInterest": 0, "calculatedOtherIncome": 4900000, "calculatedIncomeNonControlling": 0, "calculatedEbitda": 133900000}, {"date": "1995-03-31", "symbol": "MOD", "reportedCurrency": "USD", "cik": "0000067347", "fillingDate": "1995-06-29", "acceptedDate": "1995-06-29 00:00:00", "calendarYear": "1995", "period": "FY", "revenue": 913000000, "costOfRevenue": 610300000, "grossProfit": 302700000, "grossProfitRatio": 0.3315443593, "researchAndDevelopmentExpenses": 0, "generalAndAdministrativeExpenses": 156200000, "sellingAndMarketingExpenses": 0, "sellingGeneralAndAdministrativeExpenses": 156200000, "otherExpenses": 34500000, "operatingExpenses": 190700000, "costAndExpenses": 801000000, "interestIncome": 0, "interestExpense": 0, "depreciationAndAmortization": 34500000, "ebitda": 143300000, "ebitdaratio": 0.1569550931, "operatingIncome": 112000000, "operatingIncomeRatio": 0.1226725082, "totalOtherIncomeExpensesNet": 3200000, "incomeBeforeTax": 108800000, "incomeBeforeTaxRatio": 0.1191675794, "incomeTaxExpense": 40400000, "netIncome": 68400000, "netIncomeRatio": 0.0749178532, "eps": 2.24, "epsdiluted": 2.24, "weightedAverageShsOut": 30534000, "weightedAverageShsOutDil": 30534000, "link": "https://www.sec.gov/Archives/edgar/data/67347/000006734795000015/0000067347-95-000015-index.html", "finalLink": "https://www.sec.gov/Archives/edgar/data/67347/", "calculatedOtherExpenses": 34500000, "calculatedOperatingExpenses": 190700000, "calculatedNetInterest": 0, "calculatedOtherIncome": -3200000, "calculatedIncomeNonControlling": 0, "calculatedEbitda": 146500000}, {"date": "1994-03-31", "symbol": "MOD", "reportedCurrency": "USD", "cik": "0000067347", "fillingDate": "1995-02-21", "acceptedDate": "1995-02-21 00:00:00", "calendarYear": "1994", "period": "FY", "revenue": 669600000, "costOfRevenue": 438500000, "grossProfit": 231100000, "grossProfitRatio": 0.3451314217, "researchAndDevelopmentExpenses": 0, "generalAndAdministrativeExpenses": 0, "sellingAndMarketingExpenses": 0, "sellingGeneralAndAdministrativeExpenses": 126700000, "otherExpenses": 28100000, "operatingExpenses": 154800000, "costAndExpenses": 593300000, "interestIncome": 0, "interestExpense": 0, "depreciationAndAmortization": 28100000, "ebitda": 101600000, "ebitdaratio": 0.1517323775, "operatingIncome": 76300000, "operatingIncomeRatio": 0.113948626, "totalOtherIncomeExpensesNet": 2800000, "incomeBeforeTax": 73000000, "incomeBeforeTaxRatio": 0.1090203106, "incomeTaxExpense": 29900000, "netIncome": 44000000, "netIncomeRatio": 0.0657108722, "eps": 1.49, "epsdiluted": 1.45, "weightedAverageShsOut": 29530201, "weightedAverageShsOutDil": 30344828, "link": "https://www.sec.gov/Archives/edgar/data/67347/000006734795000007/0000067347-95-000007-index.html", "finalLink": "https://www.sec.gov/Archives/edgar/data/67347/", "calculatedOtherExpenses": 28100000, "calculatedOperatingExpenses": 154800000, "calculatedNetInterest": 0, "calculatedOtherIncome": -3300000, "calculatedIncomeNonControlling": -900000, "calculatedEbitda": 104400000}, {"date": "1993-03-31", "symbol": "MOD", "reportedCurrency": "USD", "cik": "0000067347", "fillingDate": "1993-03-31", "acceptedDate": "1993-03-30 19:00:00", "calendarYear": "1993", "period": "FY", "revenue": 570800000, "costOfRevenue": 379400000, "grossProfit": 191400000, "grossProfitRatio": 0.3353188507, "researchAndDevelopmentExpenses": 0, "generalAndAdministrativeExpenses": 0, "sellingAndMarketingExpenses": 0, "sellingGeneralAndAdministrativeExpenses": 108400000, "otherExpenses": 25500000, "operatingExpenses": 133900000, "costAndExpenses": 513300000, "interestIncome": 0, "interestExpense": 0, "depreciationAndAmortization": 25500000, "ebitda": 80500000, "ebitdaratio": 0.1410301331, "operatingIncome": 57500000, "operatingIncomeRatio": 0.1007358094, "totalOtherIncomeExpensesNet": 2500000, "incomeBeforeTax": 54100000, "incomeBeforeTaxRatio": 0.0947792572, "incomeTaxExpense": 20400000, "netIncome": 20000000, "netIncomeRatio": 0.0350385424, "eps": 0.68, "epsdiluted": 0.66, "weightedAverageShsOut": 29411765, "weightedAverageShsOutDil": 30303030, "link": "", "finalLink": "", "calculatedOtherExpenses": 25500000, "calculatedOperatingExpenses": 133900000, "calculatedNetInterest": 0, "calculatedOtherIncome": -3400000, "calculatedIncomeNonControlling": 13700000, "calculatedEbitda": 83000000}, {"date": "1992-03-31", "symbol": "MOD", "reportedCurrency": "USD", "cik": "0000067347", "fillingDate": "1992-03-31", "acceptedDate": "1992-03-30 19:00:00", "calendarYear": "1992", "period": "FY", "revenue": 526600000, "costOfRevenue": 349100000, "grossProfit": 177500000, "grossProfitRatio": 0.3370679833, "researchAndDevelopmentExpenses": 0, "generalAndAdministrativeExpenses": 0, "sellingAndMarketingExpenses": 0, "sellingGeneralAndAdministrativeExpenses": 106500000, "otherExpenses": 26800000, "operatingExpenses": 133300000, "costAndExpenses": 482400000, "interestIncome": 0, "interestExpense": 0, "depreciationAndAmortization": 26800000, "ebitda": 64500000, "ebitdaratio": 0.1224838587, "operatingIncome": 44200000, "operatingIncomeRatio": 0.0839346753, "totalOtherIncomeExpensesNet": 6500000, "incomeBeforeTax": 43400000, "incomeBeforeTaxRatio": 0.0824154956, "incomeTaxExpense": 15400000, "netIncome": 28000000, "netIncomeRatio": 0.0531712875, "eps": 0.48, "epsdiluted": 0.47, "weightedAverageShsOut": 29356000, "weightedAverageShsOutDil": 29356000, "link": "", "finalLink": "", "calculatedOtherExpenses": 26800000, "calculatedOperatingExpenses": 133300000, "calculatedNetInterest": 0, "calculatedOtherIncome": -800000, "calculatedIncomeNonControlling": 0, "calculatedEbitda": 71000000}, {"date": "1991-03-31", "symbol": "MOD", "reportedCurrency": "USD", "cik": "0000067347", "fillingDate": "1991-03-31", "acceptedDate": "1991-03-30 19:00:00", "calendarYear": "1991", "period": "FY", "revenue": 482000000, "costOfRevenue": 324000000, "grossProfit": 158000000, "grossProfitRatio": 0.3278008299, "researchAndDevelopmentExpenses": 0, "generalAndAdministrativeExpenses": 0, "sellingAndMarketingExpenses": 0, "sellingGeneralAndAdministrativeExpenses": 101300000, "otherExpenses": 23200000, "operatingExpenses": 124500000, "costAndExpenses": 448500000, "interestIncome": 0, "interestExpense": 0, "depreciationAndAmortization": 23200000, "ebitda": 34700000, "ebitdaratio": 0.0719917012, "operatingIncome": 33500000, "operatingIncomeRatio": 0.0695020747, "totalOtherIncomeExpensesNet": 22000000, "incomeBeforeTax": 48300000, "incomeBeforeTaxRatio": 0.1002074689, "incomeTaxExpense": 17800000, "netIncome": 30500000, "netIncomeRatio": 0.0632780083, "eps": 0.52, "epsdiluted": 0.51, "weightedAverageShsOut": 29492000, "weightedAverageShsOutDil": 29492000, "link": "", "finalLink": "", "calculatedOtherExpenses": 23200000, "calculatedOperatingExpenses": 124500000, "calculatedNetInterest": 0, "calculatedOtherIncome": 14800000, "calculatedIncomeNonControlling": 0, "calculatedEbitda": 56700000}, {"date": "1990-03-31", "symbol": "MOD", "reportedCurrency": "USD", "cik": "0000067347", "fillingDate": "1990-03-31", "acceptedDate": "1990-03-30 19:00:00", "calendarYear": "1990", "period": "FY", "revenue": 436300000, "costOfRevenue": 291200000, "grossProfit": 145100000, "grossProfitRatio": 0.332569333, "researchAndDevelopmentExpenses": 0, "generalAndAdministrativeExpenses": 0, "sellingAndMarketingExpenses": 0, "sellingGeneralAndAdministrativeExpenses": 86700000, "otherExpenses": 17000000, "operatingExpenses": 103700000, "costAndExpenses": 394900000, "interestIncome": 0, "interestExpense": 0, "depreciationAndAmortization": 17000000, "ebitda": 54800000, "ebitdaratio": 0.1256016502, "operatingIncome": 41400000, "operatingIncomeRatio": 0.094888838, "totalOtherIncomeExpensesNet": 3600000, "incomeBeforeTax": 39700000, "incomeBeforeTaxRatio": 0.0909924364, "incomeTaxExpense": 14500000, "netIncome": 25200000, "netIncomeRatio": 0.0577584231, "eps": 0.43, "epsdiluted": 0.42, "weightedAverageShsOut": 29480000, "weightedAverageShsOutDil": 29480000, "link": "", "finalLink": "", "calculatedOtherExpenses": 17000000, "calculatedOperatingExpenses": 103700000, "calculatedNetInterest": 0, "calculatedOtherIncome": -1700000, "calculatedIncomeNonControlling": 0, "calculatedEbitda": 58400000}, {"date": "1989-03-31", "symbol": "MOD", "reportedCurrency": "USD", "cik": "0000067347", "fillingDate": "1989-03-31", "acceptedDate": "1989-03-30 19:00:00", "calendarYear": "1989", "period": "FY", "revenue": 423900000, "costOfRevenue": 286400000, "grossProfit": 137500000, "grossProfitRatio": 0.3243689549, "researchAndDevelopmentExpenses": 0, "generalAndAdministrativeExpenses": 0, "sellingAndMarketingExpenses": 0, "sellingGeneralAndAdministrativeExpenses": 79200000, "otherExpenses": 14600000, "operatingExpenses": 93800000, "costAndExpenses": 380200000, "interestIncome": 0, "interestExpense": 0, "depreciationAndAmortization": 14600000, "ebitda": 56500000, "ebitdaratio": 0.1332861524, "operatingIncome": 43700000, "operatingIncomeRatio": 0.1030903515, "totalOtherIncomeExpensesNet": 1800000, "incomeBeforeTax": 41400000, "incomeBeforeTaxRatio": 0.0976645435, "incomeTaxExpense": 15200000, "netIncome": 26200000, "netIncomeRatio": 0.06180703, "eps": 0.44, "epsdiluted": 0.44, "weightedAverageShsOut": 29754000, "weightedAverageShsOutDil": 29754000, "link": "", "finalLink": "", "calculatedOtherExpenses": 14600000, "calculatedOperatingExpenses": 93800000, "calculatedNetInterest": 0, "calculatedOtherIncome": -2300000, "calculatedIncomeNonControlling": 0, "calculatedEbitda": 58300000}, {"date": "1988-03-31", "symbol": "MOD", "reportedCurrency": "USD", "cik": "0000067347", "fillingDate": "1988-03-31", "acceptedDate": "1988-03-30 19:00:00", "calendarYear": "1988", "period": "FY", "revenue": 395200000, "costOfRevenue": 263400000, "grossProfit": 131800000, "grossProfitRatio": 0.3335020243, "researchAndDevelopmentExpenses": 0, "generalAndAdministrativeExpenses": 0, "sellingAndMarketingExpenses": 0, "sellingGeneralAndAdministrativeExpenses": 74300000, "otherExpenses": 13900000, "operatingExpenses": 88200000, "costAndExpenses": 351600000, "interestIncome": 0, "interestExpense": 0, "depreciationAndAmortization": 13900000, "ebitda": 55400000, "ebitdaratio": 0.1401821862, "operatingIncome": 43600000, "operatingIncomeRatio": 0.1103238866, "totalOtherIncomeExpensesNet": 2100000, "incomeBeforeTax": 41500000, "incomeBeforeTaxRatio": 0.1050101215, "incomeTaxExpense": 16500000, "netIncome": 25000000, "netIncomeRatio": 0.0632591093, "eps": 0.42, "epsdiluted": 0.42, "weightedAverageShsOut": 29900000, "weightedAverageShsOutDil": 29900000, "link": "", "finalLink": "", "calculatedOtherExpenses": 13900000, "calculatedOperatingExpenses": 88200000, "calculatedNetInterest": 0, "calculatedOtherIncome": -2100000, "calculatedIncomeNonControlling": 0, "calculatedEbitda": 57500000}, {"date": "1987-03-31", "symbol": "MOD", "reportedCurrency": "USD", "cik": "0000067347", "fillingDate": "1987-03-31", "acceptedDate": "1987-03-30 19:00:00", "calendarYear": "1987", "period": "FY", "revenue": 349000000, "costOfRevenue": 233500000, "grossProfit": 115500000, "grossProfitRatio": 0.3309455587, "researchAndDevelopmentExpenses": 0, "generalAndAdministrativeExpenses": 0, "sellingAndMarketingExpenses": 0, "sellingGeneralAndAdministrativeExpenses": 64700000, "otherExpenses": 11900000, "operatingExpenses": 76600000, "costAndExpenses": 310100000, "interestIncome": 0, "interestExpense": 0, "depreciationAndAmortization": 11900000, "ebitda": 48700000, "ebitdaratio": 0.1395415473, "operatingIncome": 38900000, "operatingIncomeRatio": 0.1114613181, "totalOtherIncomeExpensesNet": 2100000, "incomeBeforeTax": 37500000, "incomeBeforeTaxRatio": 0.1074498567, "incomeTaxExpense": 17900000, "netIncome": 19600000, "netIncomeRatio": 0.0561604585, "eps": 0.17, "epsdiluted": 0.17, "weightedAverageShsOut": 29200000, "weightedAverageShsOutDil": 29200000, "link": "", "finalLink": "", "calculatedOtherExpenses": 11900000, "calculatedOperatingExpenses": 76600000, "calculatedNetInterest": 0, "calculatedOtherIncome": -1400000, "calculatedIncomeNonControlling": 0, "calculatedEbitda": 50800000}, {"date": "1986-03-31", "symbol": "MOD", "reportedCurrency": "USD", "cik": "0000067347", "fillingDate": "1986-03-31", "acceptedDate": "1986-03-30 19:00:00", "calendarYear": "1986", "period": "FY", "revenue": 312000000, "costOfRevenue": 209800000, "grossProfit": 102200000, "grossProfitRatio": 0.3275641026, "researchAndDevelopmentExpenses": 0, "generalAndAdministrativeExpenses": 0, "sellingAndMarketingExpenses": 0, "sellingGeneralAndAdministrativeExpenses": 52100000, "otherExpenses": 10000000, "operatingExpenses": 62100000, "costAndExpenses": 271900000, "interestIncome": 0, "interestExpense": 0, "depreciationAndAmortization": 10000000, "ebitda": 47300000, "ebitdaratio": 0.1516025641, "operatingIncome": 40100000, "operatingIncomeRatio": 0.128525641, "totalOtherIncomeExpensesNet": 2800000, "incomeBeforeTax": 39000000, "incomeBeforeTaxRatio": 0.125, "incomeTaxExpense": 18500000, "netIncome": 20500000, "netIncomeRatio": 0.0657051282, "eps": 0.17, "epsdiluted": 0.17, "weightedAverageShsOut": 30120000, "weightedAverageShsOutDil": 30120000, "link": "", "finalLink": "", "calculatedOtherExpenses": 10000000, "calculatedOperatingExpenses": 62100000, "calculatedNetInterest": 0, "calculatedOtherIncome": -1100000, "calculatedIncomeNonControlling": 0, "calculatedEbitda": 50100000}]}