{"originalCurrency": "USD", "convertedCurrency": "USD", "report": [{"date": "2023-12-31", "symbol": "MODG", "reportedCurrency": "USD", "cik": "0000837465", "fillingDate": "2024-02-29", "acceptedDate": "2024-02-28 21:47:25", "calendarYear": "2023", "period": "FY", "revenue": 4284800000, "costOfRevenue": 1638900000, "grossProfit": 2645900000, "grossProfitRatio": 0.6175084018, "researchAndDevelopmentExpenses": 101600000, "generalAndAdministrativeExpenses": 1036600000, "sellingAndMarketingExpenses": 1238200000, "sellingGeneralAndAdministrativeExpenses": 2274800000, "otherExpenses": -5900000, "operatingExpenses": 2376400000, "costAndExpenses": 4015300000, "interestIncome": 0, "interestExpense": 218800000, "depreciationAndAmortization": 239700000, "ebitda": 509200000, "ebitdaratio": 0.1188386856, "operatingIncome": 269500000, "operatingIncomeRatio": 0.0628967513, "totalOtherIncomeExpensesNet": -234700000, "incomeBeforeTax": 34800000, "incomeBeforeTaxRatio": 0.0081217326, "incomeTaxExpense": -60200000, "netIncome": 95000000, "netIncomeRatio": 0.0221713966, "eps": 0.51, "epsdiluted": 0.47, "weightedAverageShsOut": 185000000, "weightedAverageShsOutDil": 201100000, "link": "https://www.sec.gov/Archives/edgar/data/837465/000083746524000016/0000837465-24-000016-index.htm", "finalLink": "https://www.sec.gov/Archives/edgar/data/837465/000083746524000016/ely-20231231.htm", "calculatedOtherExpenses": 0, "calculatedOperatingExpenses": 2376400000, "calculatedNetInterest": -218800000, "calculatedOtherIncome": -15900000, "calculatedIncomeNonControlling": 0, "calculatedEbitda": 509200000}, {"date": "2022-12-31", "symbol": "MODG", "reportedCurrency": "USD", "cik": "0000837465", "fillingDate": "2023-03-01", "acceptedDate": "2023-02-28 21:43:30", "calendarYear": "2022", "period": "FY", "revenue": 3995700000, "costOfRevenue": 1584600000, "grossProfit": 2411100000, "grossProfitRatio": 0.6034236805, "researchAndDevelopmentExpenses": 76400000, "generalAndAdministrativeExpenses": 2047500000, "sellingAndMarketingExpenses": -1076900000, "sellingGeneralAndAdministrativeExpenses": 970600000, "otherExpenses": 1107300000, "operatingExpenses": 2154300000, "costAndExpenses": 3738900000, "interestIncome": 142800000, "interestExpense": 142800000, "depreciationAndAmortization": 220700000, "ebitda": 477500000, "ebitdaratio": 0.1195034662, "operatingIncome": 256800000, "operatingIncomeRatio": 0.0642690893, "totalOtherIncomeExpensesNet": -114900000, "incomeBeforeTax": 141900000, "incomeBeforeTaxRatio": 0.0355131767, "incomeTaxExpense": -16000000, "netIncome": 157900000, "netIncomeRatio": 0.0395174813, "eps": 0.85, "epsdiluted": 0.78, "weightedAverageShsOut": 184900000, "weightedAverageShsOutDil": 201300000, "link": "https://www.sec.gov/Archives/edgar/data/837465/000083746523000006/0000837465-23-000006-index.htm", "finalLink": "https://www.sec.gov/Archives/edgar/data/837465/000083746523000006/ely-20221231.htm", "calculatedOtherExpenses": 1107300000, "calculatedOperatingExpenses": 2154300000, "calculatedNetInterest": 0, "calculatedOtherIncome": -114900000, "calculatedIncomeNonControlling": 0, "calculatedEbitda": 477500000}, {"date": "2021-12-31", "symbol": "MODG", "reportedCurrency": "USD", "cik": "0000837465", "fillingDate": "2021-12-31", "acceptedDate": "2021-12-31 00:00:00", "calendarYear": "2021", "period": "FY", "revenue": 3133447000, "costOfRevenue": 1270136000, "grossProfit": 1863311000, "grossProfitRatio": 0.5946521514, "researchAndDevelopmentExpenses": 68000000, "generalAndAdministrativeExpenses": 1581220000, "sellingAndMarketingExpenses": 108400000, "sellingGeneralAndAdministrativeExpenses": 1581220000, "otherExpenses": 9376000, "operatingExpenses": 1658596000, "costAndExpenses": 2928732000, "interestIncome": 635000, "interestExpense": 115565000, "depreciationAndAmortization": 155822000, "ebitda": 108006000, "ebitdaratio": 0.0344687496, "operatingIncome": -47816000, "operatingIncomeRatio": -0.015259872, "totalOtherIncomeExpensesNet": 398458000, "incomeBeforeTax": 350642000, "incomeBeforeTaxRatio": 0.1119029618, "incomeTaxExpense": 28654000, "netIncome": 322000000, "netIncomeRatio": 0.1027622296, "eps": 1.9, "epsdiluted": 1.82, "weightedAverageShsOut": 169101000, "weightedAverageShsOutDil": 176925000, "link": null, "finalLink": null, "calculatedOtherExpenses": 261907000, "calculatedOperatingExpenses": 1911127000, "calculatedNetInterest": -114930000, "calculatedOtherIncome": 513388000, "calculatedIncomeNonControlling": -12000, "calculatedEbitda": 108006000}, {"date": "2020-12-31", "symbol": "MODG", "reportedCurrency": "USD", "cik": "0000837465", "fillingDate": "2020-12-31", "acceptedDate": "2020-12-31 00:00:00", "calendarYear": "2020", "period": "FY", "revenue": 1589460000, "costOfRevenue": 931875000, "grossProfit": 657585000, "grossProfitRatio": 0.413715979, "researchAndDevelopmentExpenses": 46300000, "generalAndAdministrativeExpenses": 150716000, "sellingAndMarketingExpenses": 391815000, "sellingGeneralAndAdministrativeExpenses": 542531000, "otherExpenses": -21963000, "operatingExpenses": 588831000, "costAndExpenses": 1520706000, "interestIncome": 492000, "interestExpense": 47424000, "depreciationAndAmortization": 39508000, "ebitda": 282531000, "ebitdaratio": 0.1777528217, "operatingIncome": 243023000, "operatingIncomeRatio": 0.1528965812, "totalOtherIncomeExpensesNet": -370501000, "incomeBeforeTax": -127478000, "incomeBeforeTaxRatio": -0.0802020812, "incomeTaxExpense": -544000, "netIncome": -126934000, "netIncomeRatio": -0.0798598266, "eps": -1.35, "epsdiluted": -1.35, "weightedAverageShsOut": 94201000, "weightedAverageShsOutDil": 94201000, "link": null, "finalLink": null, "calculatedOtherExpenses": -174269000, "calculatedOperatingExpenses": 414562000, "calculatedNetInterest": -46932000, "calculatedOtherIncome": -323569000, "calculatedIncomeNonControlling": 0, "calculatedEbitda": 282531000}, {"date": "2019-12-31", "symbol": "MODG", "reportedCurrency": "USD", "cik": "0000837465", "fillingDate": "2019-12-31", "acceptedDate": "2019-12-31 00:00:00", "calendarYear": "2019", "period": "FY", "revenue": 1701063000, "costOfRevenue": 934276000, "grossProfit": 766787000, "grossProfitRatio": 0.4507693131, "researchAndDevelopmentExpenses": 50579000, "generalAndAdministrativeExpenses": 145302000, "sellingAndMarketingExpenses": 438238000, "sellingGeneralAndAdministrativeExpenses": 583540000, "otherExpenses": -36899000, "operatingExpenses": 634119000, "costAndExpenses": 1568395000, "interestIncome": 807000, "interestExpense": 39300000, "depreciationAndAmortization": 34951000, "ebitda": 167619000, "ebitdaratio": 0.0985377967, "operatingIncome": 132668000, "operatingIncomeRatio": 0.0779912325, "totalOtherIncomeExpensesNet": -36899000, "incomeBeforeTax": 95769000, "incomeBeforeTaxRatio": 0.0562995021, "incomeTaxExpense": 16540000, "netIncome": 79408000, "netIncomeRatio": 0.0466813986, "eps": 0.84, "epsdiluted": 0.82, "weightedAverageShsOut": 94251000, "weightedAverageShsOutDil": 96287000, "link": null, "finalLink": null, "calculatedOtherExpenses": 0, "calculatedOperatingExpenses": 634119000, "calculatedNetInterest": -38493000, "calculatedOtherIncome": 1594000, "calculatedIncomeNonControlling": -179000, "calculatedEbitda": 167619000}, {"date": "2018-12-31", "symbol": "MODG", "reportedCurrency": "USD", "cik": "0000837465", "fillingDate": "2018-12-31", "acceptedDate": "2018-12-31 00:00:00", "calendarYear": "2018", "period": "FY", "revenue": 1242834000, "costOfRevenue": 664465000, "grossProfit": 578369000, "grossProfitRatio": 0.4653630332, "researchAndDevelopmentExpenses": 40752000, "generalAndAdministrativeExpenses": 100466000, "sellingAndMarketingExpenses": 308709000, "sellingGeneralAndAdministrativeExpenses": 409175000, "otherExpenses": 2830000, "operatingExpenses": 449927000, "costAndExpenses": 1114392000, "interestIncome": 594000, "interestExpense": 5543000, "depreciationAndAmortization": 19948000, "ebitda": 148390000, "ebitdaratio": 0.1193964761, "operatingIncome": 128442000, "operatingIncomeRatio": 0.1033460623, "totalOtherIncomeExpensesNet": 2830000, "incomeBeforeTax": 131272000, "incomeBeforeTaxRatio": 0.1056231162, "incomeTaxExpense": 26018000, "netIncome": 104740000, "netIncomeRatio": 0.0842751325, "eps": 1.11, "epsdiluted": 1.08, "weightedAverageShsOut": 94579000, "weightedAverageShsOutDil": 97153000, "link": null, "finalLink": null, "calculatedOtherExpenses": 0, "calculatedOperatingExpenses": 449927000, "calculatedNetInterest": -4949000, "calculatedOtherIncome": 7779000, "calculatedIncomeNonControlling": 514000, "calculatedEbitda": 148390000}, {"date": "2017-12-31", "symbol": "MODG", "reportedCurrency": "USD", "cik": "0000837465", "fillingDate": "2017-12-31", "acceptedDate": "2017-12-31 00:00:00", "calendarYear": "2017", "period": "FY", "revenue": 1048736000, "costOfRevenue": 568288000, "grossProfit": 480448000, "grossProfitRatio": 0.4581210142, "researchAndDevelopmentExpenses": 36568000, "generalAndAdministrativeExpenses": 94153000, "sellingAndMarketingExpenses": 270890000, "sellingGeneralAndAdministrativeExpenses": 365043000, "otherExpenses": -10782000, "operatingExpenses": 401611000, "costAndExpenses": 969899000, "interestIncome": 454000, "interestExpense": 4365000, "depreciationAndAmortization": 17605000, "ebitda": 96442000, "ebitdaratio": 0.0919602264, "operatingIncome": 78837000, "operatingIncomeRatio": 0.0751733515, "totalOtherIncomeExpensesNet": -10782000, "incomeBeforeTax": 68055000, "incomeBeforeTaxRatio": 0.0648924038, "incomeTaxExpense": 26388000, "netIncome": 40806000, "netIncomeRatio": 0.038909697, "eps": 0.43, "epsdiluted": 0.42, "weightedAverageShsOut": 94329000, "weightedAverageShsOutDil": 96577000, "link": null, "finalLink": null, "calculatedOtherExpenses": 0, "calculatedOperatingExpenses": 401611000, "calculatedNetInterest": -3911000, "calculatedOtherIncome": -6871000, "calculatedIncomeNonControlling": 861000, "calculatedEbitda": 96442000}, {"date": "2016-12-31", "symbol": "MODG", "reportedCurrency": "USD", "cik": "0000837465", "fillingDate": "2016-12-31", "acceptedDate": "2016-12-31 00:00:00", "calendarYear": "2016", "period": "FY", "revenue": 871192000, "costOfRevenue": 486181000, "grossProfit": 385011000, "grossProfitRatio": 0.4419358764, "researchAndDevelopmentExpenses": 33318000, "generalAndAdministrativeExpenses": 71969000, "sellingAndMarketingExpenses": 235556000, "sellingGeneralAndAdministrativeExpenses": 307525000, "otherExpenses": -3437000, "operatingExpenses": 340843000, "costAndExpenses": 827024000, "interestIncome": 621000, "interestExpense": 2368000, "depreciationAndAmortization": 16586000, "ebitda": 43092000, "ebitdaratio": 0.0494632641, "operatingIncome": 44168000, "operatingIncomeRatio": 0.0506983535, "totalOtherIncomeExpensesNet": 14225000, "incomeBeforeTax": 58393000, "incomeBeforeTaxRatio": 0.0670265567, "incomeTaxExpense": -132561000, "netIncome": 189900000, "netIncomeRatio": 0.2179772082, "eps": 2.02, "epsdiluted": 1.98, "weightedAverageShsOut": 94045000, "weightedAverageShsOutDil": 95845000, "link": null, "finalLink": null, "calculatedOtherExpenses": 0, "calculatedOperatingExpenses": 340843000, "calculatedNetInterest": -1747000, "calculatedOtherIncome": 15972000, "calculatedIncomeNonControlling": 1054000, "calculatedEbitda": 60754000}, {"date": "2015-12-31", "symbol": "MODG", "reportedCurrency": "USD", "cik": "0000837465", "fillingDate": "2015-12-31", "acceptedDate": "2015-12-31 00:00:00", "calendarYear": "2015", "period": "FY", "revenue": 843794000, "costOfRevenue": 486161000, "grossProfit": 357633000, "grossProfitRatio": 0.4238392309, "researchAndDevelopmentExpenses": 33213000, "generalAndAdministrativeExpenses": 68567000, "sellingAndMarketingExpenses": 228910000, "sellingGeneralAndAdministrativeExpenses": 297477000, "otherExpenses": -6880000, "operatingExpenses": 330690000, "costAndExpenses": 816851000, "interestIncome": 388000, "interestExpense": 8733000, "depreciationAndAmortization": 17379000, "ebitda": 44322000, "ebitdaratio": 0.0525270386, "operatingIncome": 26943000, "operatingIncomeRatio": 0.0319307793, "totalOtherIncomeExpensesNet": -6880000, "incomeBeforeTax": 20063000, "incomeBeforeTaxRatio": 0.0237771304, "incomeTaxExpense": 5495000, "netIncome": 14568000, "netIncomeRatio": 0.0172648774, "eps": 0.18, "epsdiluted": 0.17, "weightedAverageShsOut": 83116000, "weightedAverageShsOutDil": 84611000, "link": null, "finalLink": null, "calculatedOtherExpenses": 0, "calculatedOperatingExpenses": 330690000, "calculatedNetInterest": -8345000, "calculatedOtherIncome": 1465000, "calculatedIncomeNonControlling": 0, "calculatedEbitda": 44322000}, {"date": "2014-12-31", "symbol": "MODG", "reportedCurrency": "USD", "cik": "0000837465", "fillingDate": "2014-12-31", "acceptedDate": "2014-12-31 00:00:00", "calendarYear": "2014", "period": "FY", "revenue": 886945000, "costOfRevenue": 529019000, "grossProfit": 357926000, "grossProfitRatio": 0.4035492618, "researchAndDevelopmentExpenses": 31285000, "generalAndAdministrativeExpenses": 61662000, "sellingAndMarketingExpenses": 234231000, "sellingGeneralAndAdministrativeExpenses": 295893000, "otherExpenses": -9109000, "operatingExpenses": 327178000, "costAndExpenses": 856197000, "interestIncome": 438000, "interestExpense": 9499000, "depreciationAndAmortization": 21236000, "ebitda": 51984000, "ebitdaratio": 0.0586101731, "operatingIncome": 30748000, "operatingIncomeRatio": 0.0346673131, "totalOtherIncomeExpensesNet": -9109000, "incomeBeforeTax": 21639000, "incomeBeforeTaxRatio": 0.0243972287, "incomeTaxExpense": 5631000, "netIncome": 16008000, "netIncomeRatio": 0.0180484697, "eps": 0.21, "epsdiluted": 0.2, "weightedAverageShsOut": 77559000, "weightedAverageShsOutDil": 78385000, "link": null, "finalLink": null, "calculatedOtherExpenses": 0, "calculatedOperatingExpenses": 327178000, "calculatedNetInterest": -9061000, "calculatedOtherIncome": -48000, "calculatedIncomeNonControlling": 0, "calculatedEbitda": 51984000}, {"date": "2013-12-31", "symbol": "MODG", "reportedCurrency": "USD", "cik": "0000837465", "fillingDate": "2013-12-31", "acceptedDate": "2013-12-31 00:00:00", "calendarYear": "2013", "period": "FY", "revenue": 842801000, "costOfRevenue": 528043000, "grossProfit": 314758000, "grossProfitRatio": 0.3734665716, "researchAndDevelopmentExpenses": 30937000, "generalAndAdministrativeExpenses": 68087000, "sellingAndMarketingExpenses": 226496000, "sellingGeneralAndAdministrativeExpenses": 294583000, "otherExpenses": -2560000, "operatingExpenses": 325520000, "costAndExpenses": 853563000, "interestIncome": 558000, "interestExpense": 9123000, "depreciationAndAmortization": 25543000, "ebitda": 14781000, "ebitdaratio": 0.0175379479, "operatingIncome": -10762000, "operatingIncomeRatio": -0.0127693251, "totalOtherIncomeExpensesNet": -2560000, "incomeBeforeTax": -13322000, "incomeBeforeTaxRatio": -0.0158068156, "incomeTaxExpense": 5599000, "netIncome": -18921000, "netIncomeRatio": -0.0224501395, "eps": -0.26, "epsdiluted": -0.26, "weightedAverageShsOut": 71783870, "weightedAverageShsOutDil": 72809000, "link": null, "finalLink": null, "calculatedOtherExpenses": 0, "calculatedOperatingExpenses": 325520000, "calculatedNetInterest": -8565000, "calculatedOtherIncome": 6005000, "calculatedIncomeNonControlling": 0, "calculatedEbitda": 14781000}, {"date": "2012-12-31", "symbol": "MODG", "reportedCurrency": "USD", "cik": "0000837465", "fillingDate": "2012-12-31", "acceptedDate": "2012-12-31 00:00:00", "calendarYear": "2012", "period": "FY", "revenue": 832008000, "costOfRevenue": 585069000, "grossProfit": 246939000, "grossProfitRatio": 0.2967988289, "researchAndDevelopmentExpenses": 29542000, "generalAndAdministrativeExpenses": 66552000, "sellingAndMarketingExpenses": 267575000, "sellingGeneralAndAdministrativeExpenses": 334127000, "otherExpenses": -1811000, "operatingExpenses": 363669000, "costAndExpenses": 948738000, "interestIncome": 550000, "interestExpense": 5513000, "depreciationAndAmortization": 34411000, "ebitda": -82319000, "ebitdaratio": -0.0989401544, "operatingIncome": -116730000, "operatingIncomeRatio": -0.1402991317, "totalOtherIncomeExpensesNet": -1811000, "incomeBeforeTax": -118541000, "incomeBeforeTaxRatio": -0.1424757935, "incomeTaxExpense": 5662000, "netIncome": -124203000, "netIncomeRatio": -0.1492810165, "eps": -1.85, "epsdiluted": -1.85, "weightedAverageShsOut": 67037244, "weightedAverageShsOutDil": 67061000, "link": null, "finalLink": null, "calculatedOtherExpenses": 0, "calculatedOperatingExpenses": 363669000, "calculatedNetInterest": -4963000, "calculatedOtherIncome": 3152000, "calculatedIncomeNonControlling": 0, "calculatedEbitda": -82319000}, {"date": "2011-12-31", "symbol": "MODG", "reportedCurrency": "USD", "cik": "0000837465", "fillingDate": "2011-12-31", "acceptedDate": "2011-12-31 00:00:00", "calendarYear": "2011", "period": "FY", "revenue": 886528000, "costOfRevenue": 575226000, "grossProfit": 311302000, "grossProfitRatio": 0.3511473975, "researchAndDevelopmentExpenses": 34309000, "generalAndAdministrativeExpenses": 92756000, "sellingAndMarketingExpenses": 265325000, "sellingGeneralAndAdministrativeExpenses": 358081000, "otherExpenses": 0, "operatingExpenses": 392390000, "costAndExpenses": 967616000, "interestIncome": 546000, "interestExpense": 1618000, "depreciationAndAmortization": 38636000, "ebitda": -33279000, "ebitdaratio": -0.0375385775, "operatingIncome": -81088000, "operatingIncomeRatio": -0.0914669362, "totalOtherIncomeExpensesNet": -9173000, "incomeBeforeTax": -90261000, "incomeBeforeTaxRatio": -0.1018140431, "incomeTaxExpense": 81559000, "netIncome": -171820000, "netIncomeRatio": -0.1938122654, "eps": -2.66, "epsdiluted": -2.66, "weightedAverageShsOut": 64601000, "weightedAverageShsOutDil": 64601000, "link": null, "finalLink": null, "calculatedOtherExpenses": 0, "calculatedOperatingExpenses": 392390000, "calculatedNetInterest": -1072000, "calculatedOtherIncome": -8101000, "calculatedIncomeNonControlling": 0, "calculatedEbitda": -42452000}, {"date": "2010-12-31", "symbol": "MODG", "reportedCurrency": "USD", "cik": "0000837465", "fillingDate": "2010-12-31", "acceptedDate": "2010-12-31 00:00:00", "calendarYear": "2010", "period": "FY", "revenue": 967656000, "costOfRevenue": 602160000, "grossProfit": 365496000, "grossProfitRatio": 0.3777127409, "researchAndDevelopmentExpenses": 36383000, "generalAndAdministrativeExpenses": 90884000, "sellingAndMarketingExpenses": 257285000, "sellingGeneralAndAdministrativeExpenses": 348169000, "otherExpenses": 0, "operatingExpenses": 384552000, "costAndExpenses": 986712000, "interestIncome": 2886000, "interestExpense": 848000, "depreciationAndAmortization": 40949000, "ebitda": 38399000, "ebitdaratio": 0.0396824905, "operatingIncome": -26603000, "operatingIncomeRatio": -0.027492208, "totalOtherIncomeExpensesNet": -16506000, "incomeBeforeTax": -35562000, "incomeBeforeTaxRatio": -0.0367506635, "incomeTaxExpense": -16758000, "netIncome": -18804000, "netIncomeRatio": -0.0194325256, "eps": -0.29, "epsdiluted": -0.29, "weightedAverageShsOut": 63902000, "weightedAverageShsOutDil": 63902000, "link": null, "finalLink": null, "calculatedOtherExpenses": 7547000, "calculatedOperatingExpenses": 392099000, "calculatedNetInterest": 2038000, "calculatedOtherIncome": -10997000, "calculatedIncomeNonControlling": 0, "calculatedEbitda": 14346000}, {"date": "2009-12-31", "symbol": "MODG", "reportedCurrency": "USD", "cik": "0000837465", "fillingDate": "2009-12-31", "acceptedDate": "2009-12-31 00:00:00", "calendarYear": "2009", "period": "FY", "revenue": 950799000, "costOfRevenue": 607036000, "grossProfit": 343763000, "grossProfitRatio": 0.3615517055, "researchAndDevelopmentExpenses": 32213000, "generalAndAdministrativeExpenses": 81487000, "sellingAndMarketingExpenses": 260597000, "sellingGeneralAndAdministrativeExpenses": 342084000, "otherExpenses": 0, "operatingExpenses": 374297000, "costAndExpenses": 981333000, "interestIncome": 2685000, "interestExpense": 1754000, "depreciationAndAmortization": 40748000, "ebitda": 10214000, "ebitdaratio": 0.0107425439, "operatingIncome": -30534000, "operatingIncomeRatio": -0.032114043, "totalOtherIncomeExpensesNet": 931000, "incomeBeforeTax": -29603000, "incomeBeforeTaxRatio": -0.0311348666, "incomeTaxExpense": -14343000, "netIncome": -15260000, "netIncomeRatio": -0.0160496593, "eps": -0.24, "epsdiluted": -0.24, "weightedAverageShsOut": 63176000, "weightedAverageShsOutDil": 63176000, "link": null, "finalLink": null, "calculatedOtherExpenses": 0, "calculatedOperatingExpenses": 374297000, "calculatedNetInterest": 931000, "calculatedOtherIncome": 0, "calculatedIncomeNonControlling": 0, "calculatedEbitda": 10214000}, {"date": "2008-12-31", "symbol": "MODG", "reportedCurrency": "USD", "cik": "0000837465", "fillingDate": "2008-12-31", "acceptedDate": "2008-12-31 00:00:00", "calendarYear": "2008", "period": "FY", "revenue": 1117204000, "costOfRevenue": 630371000, "grossProfit": 486833000, "grossProfitRatio": 0.4357601656, "researchAndDevelopmentExpenses": 29370000, "generalAndAdministrativeExpenses": 85473000, "sellingAndMarketingExpenses": 287802000, "sellingGeneralAndAdministrativeExpenses": 373275000, "otherExpenses": 0, "operatingExpenses": 402645000, "costAndExpenses": 1033016000, "interestIncome": 1863000, "interestExpense": 4666000, "depreciationAndAmortization": 37963000, "ebitda": 124954000, "ebitdaratio": 0.1118452852, "operatingIncome": 84188000, "operatingIncomeRatio": 0.075355978, "totalOtherIncomeExpensesNet": -2803000, "incomeBeforeTax": 101307000, "incomeBeforeTaxRatio": 0.0906790523, "incomeTaxExpense": 35131000, "netIncome": 66176000, "netIncomeRatio": 0.0592335867, "eps": 1.05, "epsdiluted": 1.04, "weightedAverageShsOut": 63055000, "weightedAverageShsOutDil": 63798000, "link": null, "finalLink": null, "calculatedOtherExpenses": 0, "calculatedOperatingExpenses": 402645000, "calculatedNetInterest": -2803000, "calculatedOtherIncome": 19922000, "calculatedIncomeNonControlling": 0, "calculatedEbitda": 122151000}, {"date": "2007-12-31", "symbol": "MODG", "reportedCurrency": "USD", "cik": "0000837465", "fillingDate": "2007-12-31", "acceptedDate": "2007-12-31 00:00:00", "calendarYear": "2007", "period": "FY", "revenue": 1124591000, "costOfRevenue": 631368000, "grossProfit": 493223000, "grossProfitRatio": 0.4385798926, "researchAndDevelopmentExpenses": 32020000, "generalAndAdministrativeExpenses": 0, "sellingAndMarketingExpenses": 0, "sellingGeneralAndAdministrativeExpenses": 371020000, "otherExpenses": 0, "operatingExpenses": 403040000, "costAndExpenses": 1034408000, "interestIncome": 0, "interestExpense": 0, "depreciationAndAmortization": 35326000, "ebitda": 124256000, "ebitdaratio": 0.110489947, "operatingIncome": 90183000, "operatingIncomeRatio": 0.0801918208, "totalOtherIncomeExpensesNet": 1253000, "incomeBeforeTax": 88275000, "incomeBeforeTaxRatio": 0.078495204, "incomeTaxExpense": 33688000, "netIncome": 54587000, "netIncomeRatio": 0.0485394246, "eps": 0.82, "epsdiluted": 0.81, "weightedAverageShsOut": 66371000, "weightedAverageShsOutDil": 67484000, "link": null, "finalLink": null, "calculatedOtherExpenses": 0, "calculatedOperatingExpenses": 403040000, "calculatedNetInterest": 0, "calculatedOtherIncome": -1908000, "calculatedIncomeNonControlling": 0, "calculatedEbitda": 125509000}, {"date": "2006-12-31", "symbol": "MODG", "reportedCurrency": "USD", "cik": "0000837465", "fillingDate": "2006-12-31", "acceptedDate": "2006-12-31 00:00:00", "calendarYear": "2006", "period": "FY", "revenue": 1017907000, "costOfRevenue": 619832000, "grossProfit": 398075000, "grossProfitRatio": 0.3910720724, "researchAndDevelopmentExpenses": 26785000, "generalAndAdministrativeExpenses": 0, "sellingAndMarketingExpenses": 0, "sellingGeneralAndAdministrativeExpenses": 334235000, "otherExpenses": 0, "operatingExpenses": 361020000, "costAndExpenses": 980852000, "interestIncome": 0, "interestExpense": 0, "depreciationAndAmortization": 32274000, "ebitda": 67294000, "ebitdaratio": 0.0661101653, "operatingIncome": 37055000, "operatingIncomeRatio": 0.0364031292, "totalOtherIncomeExpensesNet": 2035000, "incomeBeforeTax": 34998000, "incomeBeforeTaxRatio": 0.0343823159, "incomeTaxExpense": 11708000, "netIncome": 23290000, "netIncomeRatio": 0.0228802828, "eps": 0.34, "epsdiluted": 0.34, "weightedAverageShsOut": 67732000, "weightedAverageShsOutDil": 68503000, "link": null, "finalLink": null, "calculatedOtherExpenses": 0, "calculatedOperatingExpenses": 361020000, "calculatedNetInterest": 0, "calculatedOtherIncome": -2057000, "calculatedIncomeNonControlling": 0, "calculatedEbitda": 69329000}, {"date": "2005-12-31", "symbol": "MODG", "reportedCurrency": "USD", "cik": "0000837465", "fillingDate": "2005-12-31", "acceptedDate": "2005-12-31 00:00:00", "calendarYear": "2005", "period": "FY", "revenue": 998093000, "costOfRevenue": 583679000, "grossProfit": 414414000, "grossProfitRatio": 0.4152057975, "researchAndDevelopmentExpenses": 26989000, "generalAndAdministrativeExpenses": 0, "sellingAndMarketingExpenses": 0, "sellingGeneralAndAdministrativeExpenses": 370219000, "otherExpenses": 0, "operatingExpenses": 397208000, "costAndExpenses": 980887000, "interestIncome": 0, "interestExpense": 0, "depreciationAndAmortization": 38260000, "ebitda": 56756000, "ebitdaratio": 0.0568644405, "operatingIncome": 17206000, "operatingIncomeRatio": 0.0172388745, "totalOtherIncomeExpensesNet": -1290000, "incomeBeforeTax": 14537000, "incomeBeforeTaxRatio": 0.014564775, "incomeTaxExpense": 1253000, "netIncome": 13284000, "netIncomeRatio": 0.013309381, "eps": 0.19, "epsdiluted": 0.19, "weightedAverageShsOut": 68646000, "weightedAverageShsOutDil": 69239000, "link": null, "finalLink": null, "calculatedOtherExpenses": 0, "calculatedOperatingExpenses": 397208000, "calculatedNetInterest": 0, "calculatedOtherIncome": -2669000, "calculatedIncomeNonControlling": 0, "calculatedEbitda": 55466000}, {"date": "2004-12-31", "symbol": "MODG", "reportedCurrency": "USD", "cik": "0000837465", "fillingDate": "2004-12-31", "acceptedDate": "2004-12-31 00:00:00", "calendarYear": "2004", "period": "FY", "revenue": 934564000, "costOfRevenue": 575742000, "grossProfit": 358822000, "grossProfitRatio": 0.3839458828, "researchAndDevelopmentExpenses": 30557000, "generalAndAdministrativeExpenses": 0, "sellingAndMarketingExpenses": 0, "sellingGeneralAndAdministrativeExpenses": 352967000, "otherExpenses": 0, "operatingExpenses": 383524000, "costAndExpenses": 959266000, "interestIncome": 0, "interestExpense": 0, "depreciationAndAmortization": 51154000, "ebitda": 26452000, "ebitdaratio": 0.0283041076, "operatingIncome": -24702000, "operatingIncomeRatio": -0.0264315766, "totalOtherIncomeExpensesNet": 989000, "incomeBeforeTax": -23713000, "incomeBeforeTaxRatio": -0.0253733292, "incomeTaxExpense": -13610000, "netIncome": -10103000, "netIncomeRatio": -0.0108103886, "eps": -0.15, "epsdiluted": -0.15, "weightedAverageShsOut": 67721000, "weightedAverageShsOutDil": 67721000, "link": null, "finalLink": null, "calculatedOtherExpenses": 0, "calculatedOperatingExpenses": 383524000, "calculatedNetInterest": 0, "calculatedOtherIncome": 989000, "calculatedIncomeNonControlling": 0, "calculatedEbitda": 26452000}, {"date": "2003-12-31", "symbol": "MODG", "reportedCurrency": "USD", "cik": "0000837465", "fillingDate": "2003-12-31", "acceptedDate": "2003-12-31 00:00:00", "calendarYear": "2003", "period": "FY", "revenue": 814032000, "costOfRevenue": 445417000, "grossProfit": 368615000, "grossProfitRatio": 0.4528261788, "researchAndDevelopmentExpenses": 29529000, "generalAndAdministrativeExpenses": 0, "sellingAndMarketingExpenses": 0, "sellingGeneralAndAdministrativeExpenses": 273231000, "otherExpenses": 0, "operatingExpenses": 302760000, "costAndExpenses": 748177000, "interestIncome": 0, "interestExpense": 0, "depreciationAndAmortization": 44496000, "ebitda": 110351000, "ebitdaratio": 0.1355610099, "operatingIncome": 65855000, "operatingIncomeRatio": 0.0808997681, "totalOtherIncomeExpensesNet": 2028000, "incomeBeforeTax": 67883000, "incomeBeforeTaxRatio": 0.0833910706, "incomeTaxExpense": 22360000, "netIncome": 45523000, "netIncomeRatio": 0.055922863, "eps": 0.69, "epsdiluted": 0.68, "weightedAverageShsOut": 66027000, "weightedAverageShsOutDil": 66471000, "link": null, "finalLink": null, "calculatedOtherExpenses": 0, "calculatedOperatingExpenses": 302760000, "calculatedNetInterest": 0, "calculatedOtherIncome": 2028000, "calculatedIncomeNonControlling": 0, "calculatedEbitda": 110351000}, {"date": "2002-12-31", "symbol": "MODG", "reportedCurrency": "USD", "cik": "0000837465", "fillingDate": "2002-12-31", "acceptedDate": "2002-12-31 00:00:00", "calendarYear": "2002", "period": "FY", "revenue": 792064000, "costOfRevenue": 393068000, "grossProfit": 398996000, "grossProfitRatio": 0.5037421218, "researchAndDevelopmentExpenses": 32182000, "generalAndAdministrativeExpenses": 0, "sellingAndMarketingExpenses": 0, "sellingGeneralAndAdministrativeExpenses": 256733000, "otherExpenses": 0, "operatingExpenses": 288915000, "costAndExpenses": 681983000, "interestIncome": 0, "interestExpense": 0, "depreciationAndAmortization": 37640000, "ebitda": 147721000, "ebitdaratio": 0.1865013433, "operatingIncome": 110081000, "operatingIncomeRatio": 0.1389799309, "totalOtherIncomeExpensesNet": 1590000, "incomeBeforeTax": 111671000, "incomeBeforeTaxRatio": 0.1409873445, "incomeTaxExpense": 42225000, "netIncome": 69446000, "netIncomeRatio": 0.0876772584, "eps": 1.04, "epsdiluted": 1.03, "weightedAverageShsOut": 66517000, "weightedAverageShsOutDil": 67274000, "link": null, "finalLink": null, "calculatedOtherExpenses": 0, "calculatedOperatingExpenses": 288915000, "calculatedNetInterest": 0, "calculatedOtherIncome": 1590000, "calculatedIncomeNonControlling": 0, "calculatedEbitda": 147721000}, {"date": "2001-12-31", "symbol": "MODG", "reportedCurrency": "USD", "cik": "0000837465", "fillingDate": "2001-12-31", "acceptedDate": "2001-12-31 00:00:00", "calendarYear": "2001", "period": "FY", "revenue": 816163000, "costOfRevenue": 411585000, "grossProfit": 404578000, "grossProfitRatio": 0.4957073526, "researchAndDevelopmentExpenses": 32697000, "generalAndAdministrativeExpenses": 0, "sellingAndMarketingExpenses": 0, "sellingGeneralAndAdministrativeExpenses": 259364000, "otherExpenses": 0, "operatingExpenses": 292061000, "costAndExpenses": 703646000, "interestIncome": 0, "interestExpense": 0, "depreciationAndAmortization": 37467000, "ebitda": 169906000, "ebitdaratio": 0.208176553, "operatingIncome": 112517000, "operatingIncomeRatio": 0.137860942, "totalOtherIncomeExpensesNet": -19922000, "incomeBeforeTax": 98192000, "incomeBeforeTaxRatio": 0.120309301, "incomeTaxExpense": 39817000, "netIncome": 58375000, "netIncomeRatio": 0.071523703, "eps": 0.84, "epsdiluted": 0.82, "weightedAverageShsOut": 69809000, "weightedAverageShsOutDil": 71314000, "link": null, "finalLink": null, "calculatedOtherExpenses": 0, "calculatedOperatingExpenses": 292061000, "calculatedNetInterest": 0, "calculatedOtherIncome": -14325000, "calculatedIncomeNonControlling": 0, "calculatedEbitda": 149984000}, {"date": "2000-12-31", "symbol": "MODG", "reportedCurrency": "USD", "cik": "0000837465", "fillingDate": "2000-12-31", "acceptedDate": "2000-12-31 00:00:00", "calendarYear": "2000", "period": "FY", "revenue": 837627000, "costOfRevenue": 399870000, "grossProfit": 437757000, "grossProfitRatio": 0.522615675, "researchAndDevelopmentExpenses": 34579000, "generalAndAdministrativeExpenses": 0, "sellingAndMarketingExpenses": 0, "sellingGeneralAndAdministrativeExpenses": 240874000, "otherExpenses": 40249000, "operatingExpenses": 315702000, "costAndExpenses": 715572000, "interestIncome": 0, "interestExpense": 0, "depreciationAndAmortization": 40249000, "ebitda": 162304000, "ebitdaratio": 0.1937664378, "operatingIncome": 122055000, "operatingIncomeRatio": 0.1457152169, "totalOtherIncomeExpensesNet": 7267000, "incomeBeforeTax": 129322000, "incomeBeforeTaxRatio": 0.1543909162, "incomeTaxExpense": 47366000, "netIncome": 80999000, "netIncomeRatio": 0.09670056, "eps": 1.16, "epsdiluted": 1.13, "weightedAverageShsOut": 69826724, "weightedAverageShsOutDil": 71680531, "link": null, "finalLink": null, "calculatedOtherExpenses": 40249000, "calculatedOperatingExpenses": 315702000, "calculatedNetInterest": 0, "calculatedOtherIncome": 7267000, "calculatedIncomeNonControlling": 957000, "calculatedEbitda": 162304000}, {"date": "1999-12-31", "symbol": "MODG", "reportedCurrency": "USD", "cik": "0000837465", "fillingDate": "1999-12-31", "acceptedDate": "1999-12-31 00:00:00", "calendarYear": "1999", "period": "FY", "revenue": 714500000, "costOfRevenue": 336500000, "grossProfit": 378000000, "grossProfitRatio": 0.5290412876, "researchAndDevelopmentExpenses": 34000000, "generalAndAdministrativeExpenses": 0, "sellingAndMarketingExpenses": 0, "sellingGeneralAndAdministrativeExpenses": 224400000, "otherExpenses": 39900000, "operatingExpenses": 298300000, "costAndExpenses": 634800000, "interestIncome": 0, "interestExpense": 0, "depreciationAndAmortization": 39900000, "ebitda": 119400000, "ebitdaratio": 0.167109867, "operatingIncome": 79700000, "operatingIncomeRatio": 0.111546536, "totalOtherIncomeExpensesNet": 200000, "incomeBeforeTax": 85500000, "incomeBeforeTaxRatio": 0.1196641008, "incomeTaxExpense": 30200000, "netIncome": 55300000, "netIncomeRatio": 0.077396781, "eps": 0.79, "epsdiluted": 0.78, "weightedAverageShsOut": 70027848, "weightedAverageShsOutDil": 70925641, "link": null, "finalLink": null, "calculatedOtherExpenses": 39900000, "calculatedOperatingExpenses": 298300000, "calculatedNetInterest": 0, "calculatedOtherIncome": 5800000, "calculatedIncomeNonControlling": 0, "calculatedEbitda": 119600000}, {"date": "1998-12-31", "symbol": "MODG", "reportedCurrency": "USD", "cik": "0000837465", "fillingDate": "1998-12-31", "acceptedDate": "1998-12-31 00:00:00", "calendarYear": "1998", "period": "FY", "revenue": 697600000, "costOfRevenue": 365700000, "grossProfit": 331900000, "grossProfitRatio": 0.4757740826, "researchAndDevelopmentExpenses": 36800000, "generalAndAdministrativeExpenses": 0, "sellingAndMarketingExpenses": 0, "sellingGeneralAndAdministrativeExpenses": 245000000, "otherExpenses": 35900000, "operatingExpenses": 317700000, "costAndExpenses": 683400000, "interestIncome": 0, "interestExpense": 0, "depreciationAndAmortization": 35900000, "ebitda": 100400000, "ebitdaratio": 0.1439220183, "operatingIncome": 14200000, "operatingIncomeRatio": 0.0203555046, "totalOtherIncomeExpensesNet": -50300000, "incomeBeforeTax": -39000000, "incomeBeforeTaxRatio": -0.0559059633, "incomeTaxExpense": -12400000, "netIncome": -26600000, "netIncomeRatio": -0.0381307339, "eps": -0.38, "epsdiluted": -0.38, "weightedAverageShsOut": 69463000, "weightedAverageShsOutDil": 69463000, "link": null, "finalLink": null, "calculatedOtherExpenses": 35900000, "calculatedOperatingExpenses": 317700000, "calculatedNetInterest": 0, "calculatedOtherIncome": -53200000, "calculatedIncomeNonControlling": 0, "calculatedEbitda": 50100000}, {"date": "1997-12-31", "symbol": "MODG", "reportedCurrency": "USD", "cik": "0000837465", "fillingDate": "1997-12-31", "acceptedDate": "1997-12-31 00:00:00", "calendarYear": "1997", "period": "FY", "revenue": 842900000, "costOfRevenue": 380700000, "grossProfit": 462200000, "grossProfitRatio": 0.5483449994, "researchAndDevelopmentExpenses": 30300000, "generalAndAdministrativeExpenses": 0, "sellingAndMarketingExpenses": 0, "sellingGeneralAndAdministrativeExpenses": 191300000, "otherExpenses": 19400000, "operatingExpenses": 241000000, "costAndExpenses": 621700000, "interestIncome": 0, "interestExpense": 0, "depreciationAndAmortization": 19400000, "ebitda": 248000000, "ebitdaratio": 0.2942223277, "operatingIncome": 221200000, "operatingIncomeRatio": 0.2624273342, "totalOtherIncomeExpensesNet": -7400000, "incomeBeforeTax": 213800000, "incomeBeforeTaxRatio": 0.2536481196, "incomeTaxExpense": 81100000, "netIncome": 132700000, "netIncomeRatio": 0.1574326729, "eps": 1.94, "epsdiluted": 1.85, "weightedAverageShsOut": 68402062, "weightedAverageShsOutDil": 71729730, "link": null, "finalLink": null, "calculatedOtherExpenses": 19400000, "calculatedOperatingExpenses": 241000000, "calculatedNetInterest": 0, "calculatedOtherIncome": -7400000, "calculatedIncomeNonControlling": 0, "calculatedEbitda": 240600000}, {"date": "1996-12-31", "symbol": "MODG", "reportedCurrency": "USD", "cik": "0000837465", "fillingDate": "1996-12-31", "acceptedDate": "1996-12-31 00:00:00", "calendarYear": "1996", "period": "FY", "revenue": 678500000, "costOfRevenue": 304700000, "grossProfit": 373800000, "grossProfitRatio": 0.5509211496, "researchAndDevelopmentExpenses": 16200000, "generalAndAdministrativeExpenses": 0, "sellingAndMarketingExpenses": 0, "sellingGeneralAndAdministrativeExpenses": 155200000, "otherExpenses": 12700000, "operatingExpenses": 184100000, "costAndExpenses": 488800000, "interestIncome": 0, "interestExpense": 0, "depreciationAndAmortization": 12700000, "ebitda": 196600000, "ebitdaratio": 0.2897568165, "operatingIncome": 189700000, "operatingIncomeRatio": 0.279587325, "totalOtherIncomeExpensesNet": 5800000, "incomeBeforeTax": 195600000, "incomeBeforeTaxRatio": 0.2882829772, "incomeTaxExpense": 73300000, "netIncome": 122300000, "netIncomeRatio": 0.1802505527, "eps": 1.83, "epsdiluted": 1.73, "weightedAverageShsOut": 66830601, "weightedAverageShsOutDil": 70693642, "link": null, "finalLink": null, "calculatedOtherExpenses": 12700000, "calculatedOperatingExpenses": 184100000, "calculatedNetInterest": 0, "calculatedOtherIncome": 5900000, "calculatedIncomeNonControlling": 0, "calculatedEbitda": 202400000}, {"date": "1995-12-31", "symbol": "MODG", "reportedCurrency": "USD", "cik": "0000837465", "fillingDate": "1995-12-31", "acceptedDate": "1995-12-31 00:00:00", "calendarYear": "1995", "period": "FY", "revenue": 553300000, "costOfRevenue": 259300000, "grossProfit": 294000000, "grossProfitRatio": 0.5313573107, "researchAndDevelopmentExpenses": 0, "generalAndAdministrativeExpenses": 0, "sellingAndMarketingExpenses": 0, "sellingGeneralAndAdministrativeExpenses": 128800000, "otherExpenses": 10800000, "operatingExpenses": 139600000, "costAndExpenses": 398900000, "interestIncome": 0, "interestExpense": 0, "depreciationAndAmortization": 10800000, "ebitda": 161200000, "ebitdaratio": 0.291342852, "operatingIncome": 154400000, "operatingIncomeRatio": 0.279052955, "totalOtherIncomeExpensesNet": 4000000, "incomeBeforeTax": 158400000, "incomeBeforeTaxRatio": 0.2862823062, "incomeTaxExpense": 60700000, "netIncome": 97700000, "netIncomeRatio": 0.1765769022, "eps": 1.47, "epsdiluted": 1.4, "weightedAverageShsOut": 66462585, "weightedAverageShsOutDil": 69785714, "link": null, "finalLink": null, "calculatedOtherExpenses": 10800000, "calculatedOperatingExpenses": 139600000, "calculatedNetInterest": 0, "calculatedOtherIncome": 4000000, "calculatedIncomeNonControlling": 0, "calculatedEbitda": 165200000}, {"date": "1994-12-31", "symbol": "MODG", "reportedCurrency": "USD", "cik": "0000837465", "fillingDate": "1994-12-31", "acceptedDate": "1994-12-31 00:00:00", "calendarYear": "1994", "period": "FY", "revenue": 448700000, "costOfRevenue": 202700000, "grossProfit": 246000000, "grossProfitRatio": 0.5482505014, "researchAndDevelopmentExpenses": 6400000, "generalAndAdministrativeExpenses": 0, "sellingAndMarketingExpenses": 0, "sellingGeneralAndAdministrativeExpenses": 106900000, "otherExpenses": 6200000, "operatingExpenses": 119500000, "costAndExpenses": 322200000, "interestIncome": 0, "interestExpense": 0, "depreciationAndAmortization": 6200000, "ebitda": 129800000, "ebitdaratio": 0.2892801426, "operatingIncome": 126500000, "operatingIncomeRatio": 0.2819255627, "totalOtherIncomeExpensesNet": 2900000, "incomeBeforeTax": 129400000, "incomeBeforeTaxRatio": 0.2883886784, "incomeTaxExpense": 51400000, "netIncome": 78000000, "netIncomeRatio": 0.1738355248, "eps": 1.15, "epsdiluted": 1.15, "weightedAverageShsOut": 68095000, "weightedAverageShsOutDil": 68095000, "link": null, "finalLink": null, "calculatedOtherExpenses": 6200000, "calculatedOperatingExpenses": 119500000, "calculatedNetInterest": 0, "calculatedOtherIncome": 2900000, "calculatedIncomeNonControlling": 0, "calculatedEbitda": 132700000}, {"date": "1993-12-31", "symbol": "MODG", "reportedCurrency": "USD", "cik": "0000837465", "fillingDate": "1993-12-31", "acceptedDate": "1993-12-31 00:00:00", "calendarYear": "1993", "period": "FY", "revenue": 254600000, "costOfRevenue": 112500000, "grossProfit": 142100000, "grossProfitRatio": 0.5581304006, "researchAndDevelopmentExpenses": 0, "generalAndAdministrativeExpenses": 0, "sellingAndMarketingExpenses": 0, "sellingGeneralAndAdministrativeExpenses": 70800000, "otherExpenses": 3000000, "operatingExpenses": 73800000, "costAndExpenses": 186300000, "interestIncome": 0, "interestExpense": 0, "depreciationAndAmortization": 3000000, "ebitda": 70100000, "ebitdaratio": 0.275333857, "operatingIncome": 68300000, "operatingIncomeRatio": 0.2682639434, "totalOtherIncomeExpensesNet": 1200000, "incomeBeforeTax": 69600000, "incomeBeforeTaxRatio": 0.2733699921, "incomeTaxExpense": 28400000, "netIncome": 42900000, "netIncomeRatio": 0.1684996072, "eps": 0.63, "epsdiluted": 0.63, "weightedAverageShsOut": 67590000, "weightedAverageShsOutDil": 67590000, "link": null, "finalLink": null, "calculatedOtherExpenses": 3000000, "calculatedOperatingExpenses": 73800000, "calculatedNetInterest": 0, "calculatedOtherIncome": 1300000, "calculatedIncomeNonControlling": -1700000, "calculatedEbitda": 71300000}, {"date": "1992-12-31", "symbol": "MODG", "reportedCurrency": "USD", "cik": "0000837465", "fillingDate": "1992-12-31", "acceptedDate": "1992-12-31 00:00:00", "calendarYear": "1992", "period": "FY", "revenue": 132100000, "costOfRevenue": 61700000, "grossProfit": 70400000, "grossProfitRatio": 0.5329295988, "researchAndDevelopmentExpenses": 0, "generalAndAdministrativeExpenses": 0, "sellingAndMarketingExpenses": 0, "sellingGeneralAndAdministrativeExpenses": 36400000, "otherExpenses": 1300000, "operatingExpenses": 37700000, "costAndExpenses": 99400000, "interestIncome": 0, "interestExpense": 0, "depreciationAndAmortization": 1300000, "ebitda": 33500000, "ebitdaratio": 0.2535957608, "operatingIncome": 32700000, "operatingIncomeRatio": 0.2475397426, "totalOtherIncomeExpensesNet": 500000, "incomeBeforeTax": 33200000, "incomeBeforeTaxRatio": 0.251324754, "incomeTaxExpense": 13900000, "netIncome": 19300000, "netIncomeRatio": 0.1461014383, "eps": 0.34, "epsdiluted": 0.34, "weightedAverageShsOut": 56460000, "weightedAverageShsOutDil": 56460000, "link": null, "finalLink": null, "calculatedOtherExpenses": 1300000, "calculatedOperatingExpenses": 37700000, "calculatedNetInterest": 0, "calculatedOtherIncome": 500000, "calculatedIncomeNonControlling": 0, "calculatedEbitda": 34000000}, {"date": "1991-12-31", "symbol": "MODG", "reportedCurrency": "USD", "cik": "0000837465", "fillingDate": "1991-12-31", "acceptedDate": "1991-12-31 00:00:00", "calendarYear": "1991", "period": "FY", "revenue": 54800000, "costOfRevenue": 25600000, "grossProfit": 29200000, "grossProfitRatio": 0.5328467153, "researchAndDevelopmentExpenses": 0, "generalAndAdministrativeExpenses": 0, "sellingAndMarketingExpenses": 0, "sellingGeneralAndAdministrativeExpenses": 17800000, "otherExpenses": 600000, "operatingExpenses": 18400000, "costAndExpenses": 44000000, "interestIncome": 0, "interestExpense": 0, "depreciationAndAmortization": 600000, "ebitda": 11200000, "ebitdaratio": 0.204379562, "operatingIncome": 10800000, "operatingIncomeRatio": 0.197080292, "totalOtherIncomeExpensesNet": 200000, "incomeBeforeTax": 10800000, "incomeBeforeTaxRatio": 0.197080292, "incomeTaxExpense": 4400000, "netIncome": 6400000, "netIncomeRatio": 0.1167883212, "eps": 0.11, "epsdiluted": 0.11, "weightedAverageShsOut": 55752000, "weightedAverageShsOutDil": 55752000, "link": null, "finalLink": null, "calculatedOtherExpenses": 600000, "calculatedOperatingExpenses": 18400000, "calculatedNetInterest": 0, "calculatedOtherIncome": 0, "calculatedIncomeNonControlling": 0, "calculatedEbitda": 11400000}, {"date": "1990-12-31", "symbol": "MODG", "reportedCurrency": "USD", "cik": "0000837465", "fillingDate": "1990-12-31", "acceptedDate": "1990-12-31 00:00:00", "calendarYear": "1990", "period": "FY", "revenue": 21500000, "costOfRevenue": 11600000, "grossProfit": 9900000, "grossProfitRatio": 0.4604651163, "researchAndDevelopmentExpenses": 0, "generalAndAdministrativeExpenses": 0, "sellingAndMarketingExpenses": 0, "sellingGeneralAndAdministrativeExpenses": 7800000, "otherExpenses": 300000, "operatingExpenses": 8100000, "costAndExpenses": 19700000, "interestIncome": 0, "interestExpense": 0, "depreciationAndAmortization": 300000, "ebitda": 1900000, "ebitdaratio": 0.088372093, "operatingIncome": 1800000, "operatingIncomeRatio": 0.0837209302, "totalOtherIncomeExpensesNet": 200000, "incomeBeforeTax": 2100000, "incomeBeforeTaxRatio": 0.0976744186, "incomeTaxExpense": 300000, "netIncome": 1800000, "netIncomeRatio": 0.0837209302, "eps": 0.005, "epsdiluted": 0.005, "weightedAverageShsOut": 360000000, "weightedAverageShsOutDil": 360000000, "link": null, "finalLink": null, "calculatedOtherExpenses": 300000, "calculatedOperatingExpenses": 8100000, "calculatedNetInterest": 0, "calculatedOtherIncome": 300000, "calculatedIncomeNonControlling": 0, "calculatedEbitda": 2100000}]}