{"originalCurrency": "USD", "convertedCurrency": "USD", "report": [{"date": "2023-12-31", "symbol": "MOH", "reportedCurrency": "USD", "cik": "0001179929", "fillingDate": "2023-12-31", "acceptedDate": "2023-12-30 19:00:00", "calendarYear": "2023", "period": "FY", "revenue": 34072000000, "costOfRevenue": 29738000000, "grossProfit": 4334000000, "grossProfitRatio": 0.1272012209, "researchAndDevelopmentExpenses": 0, "generalAndAdministrativeExpenses": 2462000000, "sellingAndMarketingExpenses": 0, "sellingGeneralAndAdministrativeExpenses": 2462000000, "otherExpenses": -3830000000, "operatingExpenses": 2761000000, "costAndExpenses": 32499000000, "interestIncome": 0, "interestExpense": 109000000, "depreciationAndAmortization": 171000000, "ebitda": 1744000000, "ebitdaratio": 0.0511857243, "operatingIncome": 1573000000, "operatingIncomeRatio": 0.0461669406, "totalOtherIncomeExpensesNet": -109000000, "incomeBeforeTax": 1464000000, "incomeBeforeTaxRatio": 0.0429678328, "incomeTaxExpense": 373000000, "netIncome": 1091000000, "netIncomeRatio": 0.0320204273, "eps": 18.91, "epsdiluted": 18.78, "weightedAverageShsOut": 57700000, "weightedAverageShsOutDil": 58100000, "link": null, "finalLink": null, "calculatedOtherExpenses": 299000000, "calculatedOperatingExpenses": 2761000000, "calculatedNetInterest": -109000000, "calculatedOtherIncome": 0, "calculatedIncomeNonControlling": 0, "calculatedEbitda": 1744000000}, {"date": "2022-12-31", "symbol": "MOH", "reportedCurrency": "USD", "cik": "0001179929", "fillingDate": "2023-02-13", "acceptedDate": "2023-02-13 16:22:24", "calendarYear": "2022", "period": "FY", "revenue": 31974000000, "costOfRevenue": 28048000000, "grossProfit": 3926000000, "grossProfitRatio": 0.1227872647, "researchAndDevelopmentExpenses": 0, "generalAndAdministrativeExpenses": 2311000000, "sellingAndMarketingExpenses": 0, "sellingGeneralAndAdministrativeExpenses": 2311000000, "otherExpenses": 234000000, "operatingExpenses": 2545000000, "costAndExpenses": 30593000000, "interestIncome": 110000000, "interestExpense": 110000000, "depreciationAndAmortization": 384000000, "ebitda": 1557000000, "ebitdaratio": 0.0486958153, "operatingIncome": 1173000000, "operatingIncomeRatio": 0.0366860574, "totalOtherIncomeExpensesNet": -110000000, "incomeBeforeTax": 1063000000, "incomeBeforeTaxRatio": 0.0332457622, "incomeTaxExpense": 271000000, "netIncome": 792000000, "netIncomeRatio": 0.0247701257, "eps": 13.7, "epsdiluted": 13.54, "weightedAverageShsOut": 57800000, "weightedAverageShsOutDil": 58500000, "link": "https://www.sec.gov/Archives/edgar/data/1179929/000117992923000025/0001179929-23-000025-index.htm", "finalLink": "https://www.sec.gov/Archives/edgar/data/1179929/000117992923000025/moh-20221231.htm", "calculatedOtherExpenses": 442000000, "calculatedOperatingExpenses": 2753000000, "calculatedNetInterest": 0, "calculatedOtherIncome": -110000000, "calculatedIncomeNonControlling": 0, "calculatedEbitda": 1557000000}, {"date": "2021-12-31", "symbol": "MOH", "reportedCurrency": "USD", "cik": "0001179929", "fillingDate": "2022-02-14", "acceptedDate": "2022-02-14 17:12:03", "calendarYear": "2021", "period": "FY", "revenue": 27771000000, "costOfRevenue": 24491000000, "grossProfit": 3280000000, "grossProfitRatio": 0.1181088186, "researchAndDevelopmentExpenses": 0, "generalAndAdministrativeExpenses": 2068000000, "sellingAndMarketingExpenses": 0, "sellingGeneralAndAdministrativeExpenses": 2068000000, "otherExpenses": 192000000, "operatingExpenses": 2260000000, "costAndExpenses": 26751000000, "interestIncome": 120000000, "interestExpense": 120000000, "depreciationAndAmortization": 106000000, "ebitda": 1126000000, "ebitdaratio": 0.0405458932, "operatingIncome": 1020000000, "operatingIncomeRatio": 0.0367289619, "totalOtherIncomeExpensesNet": -145000000, "incomeBeforeTax": 875000000, "incomeBeforeTaxRatio": 0.0315076879, "incomeTaxExpense": 216000000, "netIncome": 659000000, "netIncomeRatio": 0.0237297901, "eps": 11.4, "epsdiluted": 11.25, "weightedAverageShsOut": 57800000, "weightedAverageShsOutDil": 58600000, "link": "https://www.sec.gov/Archives/edgar/data/1179929/000117992922000025/0001179929-22-000025-index.htm", "finalLink": "https://www.sec.gov/Archives/edgar/data/1179929/000117992922000025/moh-20211231.htm", "calculatedOtherExpenses": 192000000, "calculatedOperatingExpenses": 2260000000, "calculatedNetInterest": 0, "calculatedOtherIncome": -145000000, "calculatedIncomeNonControlling": 0, "calculatedEbitda": 1126000000}, {"date": "2020-12-31", "symbol": "MOH", "reportedCurrency": "USD", "cik": "0001179929", "fillingDate": "2021-02-16", "acceptedDate": "2021-02-16 09:05:18", "calendarYear": "2020", "period": "FY", "revenue": 19423000000, "costOfRevenue": 16746000000, "grossProfit": 2677000000, "grossProfitRatio": 0.1378262884, "researchAndDevelopmentExpenses": 0, "generalAndAdministrativeExpenses": 1480000000, "sellingAndMarketingExpenses": 0, "sellingGeneralAndAdministrativeExpenses": 1480000000, "otherExpenses": 119000000, "operatingExpenses": 1599000000, "costAndExpenses": 18345000000, "interestIncome": 102000000, "interestExpense": 102000000, "depreciationAndAmortization": 73000000, "ebitda": 1151000000, "ebitdaratio": 0.0592596406, "operatingIncome": 1078000000, "operatingIncomeRatio": 0.0555012099, "totalOtherIncomeExpensesNet": -117000000, "incomeBeforeTax": 961000000, "incomeBeforeTaxRatio": 0.0494774237, "incomeTaxExpense": 288000000, "netIncome": 673000000, "netIncomeRatio": 0.0346496422, "eps": 11.41, "epsdiluted": 11.24, "weightedAverageShsOut": 59000000, "weightedAverageShsOutDil": 59900000, "link": "https://www.sec.gov/Archives/edgar/data/1179929/000117992921000024/0001179929-21-000024-index.htm", "finalLink": "https://www.sec.gov/Archives/edgar/data/1179929/000117992921000024/moh-20201231.htm", "calculatedOtherExpenses": 119000000, "calculatedOperatingExpenses": 1599000000, "calculatedNetInterest": 0, "calculatedOtherIncome": -117000000, "calculatedIncomeNonControlling": 0, "calculatedEbitda": 1151000000}, {"date": "2019-12-31", "symbol": "MOH", "reportedCurrency": "USD", "cik": "0001179929", "fillingDate": "2020-02-14", "acceptedDate": "2020-02-14 15:08:03", "calendarYear": "2019", "period": "FY", "revenue": 16829000000, "costOfRevenue": 14394000000, "grossProfit": 2435000000, "grossProfitRatio": 0.1446907125, "researchAndDevelopmentExpenses": 0, "generalAndAdministrativeExpenses": 1296000000, "sellingAndMarketingExpenses": 0, "sellingGeneralAndAdministrativeExpenses": 1296000000, "otherExpenses": 89000000, "operatingExpenses": 1385000000, "costAndExpenses": 15779000000, "interestIncome": 87000000, "interestExpense": 87000000, "depreciationAndAmortization": 110000000, "ebitda": 1154000000, "ebitdaratio": 0.0685721077, "operatingIncome": 1044000000, "operatingIncomeRatio": 0.0620357716, "totalOtherIncomeExpensesNet": -72000000, "incomeBeforeTax": 972000000, "incomeBeforeTaxRatio": 0.0577574425, "incomeTaxExpense": 235000000, "netIncome": 737000000, "netIncomeRatio": 0.0437934518, "eps": 11.85, "epsdiluted": 11.48, "weightedAverageShsOut": 62200000, "weightedAverageShsOutDil": 64200000, "link": "https://www.sec.gov/Archives/edgar/data/1179929/000117992920000026/0001179929-20-000026-index.htm", "finalLink": "https://www.sec.gov/Archives/edgar/data/1179929/000117992920000026/moh-12312019x10k.htm", "calculatedOtherExpenses": 95000000, "calculatedOperatingExpenses": 1391000000, "calculatedNetInterest": 0, "calculatedOtherIncome": -72000000, "calculatedIncomeNonControlling": 0, "calculatedEbitda": 1154000000}, {"date": "2018-12-31", "symbol": "MOH", "reportedCurrency": "USD", "cik": "0001179929", "fillingDate": "2019-02-19", "acceptedDate": "2019-02-19 16:13:06", "calendarYear": "2018", "period": "FY", "revenue": 18890000000, "costOfRevenue": 16266000000, "grossProfit": 2624000000, "grossProfitRatio": 0.1389094759, "researchAndDevelopmentExpenses": 0, "generalAndAdministrativeExpenses": 1333000000, "sellingAndMarketingExpenses": 0, "sellingGeneralAndAdministrativeExpenses": 1333000000, "otherExpenses": -17000000, "operatingExpenses": 1432000000, "costAndExpenses": 17698000000, "interestIncome": 0, "interestExpense": 115000000, "depreciationAndAmortization": 127000000, "ebitda": 1302000000, "ebitdaratio": 0.0689253573, "operatingIncome": 1131000000, "operatingIncomeRatio": 0.0598729487, "totalOtherIncomeExpensesNet": -78000000, "incomeBeforeTax": 999000000, "incomeBeforeTaxRatio": 0.0528851244, "incomeTaxExpense": 292000000, "netIncome": 707000000, "netIncomeRatio": 0.0374272102, "eps": 10.61, "epsdiluted": 10.55, "weightedAverageShsOut": 66635249, "weightedAverageShsOutDil": 67000000, "link": "https://www.sec.gov/Archives/edgar/data/1179929/000117992919000032/0001179929-19-000032-index.htm", "finalLink": "https://www.sec.gov/Archives/edgar/data/1179929/000117992919000032/moh-12312018x10k.htm", "calculatedOtherExpenses": 160000000, "calculatedOperatingExpenses": 1493000000, "calculatedNetInterest": -115000000, "calculatedOtherIncome": -17000000, "calculatedIncomeNonControlling": 0, "calculatedEbitda": 1258000000}, {"date": "2017-12-31", "symbol": "MOH", "reportedCurrency": "USD", "cik": "0001179929", "fillingDate": "2018-03-01", "acceptedDate": "2018-03-01 14:43:41", "calendarYear": "2017", "period": "FY", "revenue": 19883000000, "costOfRevenue": 18003000000, "grossProfit": 1880000000, "grossProfitRatio": 0.0945531358, "researchAndDevelopmentExpenses": 0, "generalAndAdministrativeExpenses": 1594000000, "sellingAndMarketingExpenses": 0, "sellingGeneralAndAdministrativeExpenses": 1594000000, "otherExpenses": 61000000, "operatingExpenses": 1731000000, "costAndExpenses": 19734000000, "interestIncome": 0, "interestExpense": 118000000, "depreciationAndAmortization": 178000000, "ebitda": 388000000, "ebitdaratio": 0.0195141578, "operatingIncome": -555000000, "operatingIncomeRatio": -0.0279132928, "totalOtherIncomeExpensesNet": -643000000, "incomeBeforeTax": -612000000, "incomeBeforeTaxRatio": -0.0307800634, "incomeTaxExpense": -100000000, "netIncome": -512000000, "netIncomeRatio": -0.0257506413, "eps": -9.14, "epsdiluted": -9.14, "weightedAverageShsOut": 56000000, "weightedAverageShsOutDil": 56000000, "link": "https://www.sec.gov/Archives/edgar/data/1179929/000117992918000040/0001179929-18-000040-index.htm", "finalLink": "https://www.sec.gov/Archives/edgar/data/1179929/000117992918000040/moh-12312017x10k.htm", "calculatedOtherExpenses": 841000000, "calculatedOperatingExpenses": 2435000000, "calculatedNetInterest": -118000000, "calculatedOtherIncome": 61000000, "calculatedIncomeNonControlling": 0, "calculatedEbitda": -377000000}, {"date": "2016-12-31", "symbol": "MOH", "reportedCurrency": "USD", "cik": "0001179929", "fillingDate": "2017-03-01", "acceptedDate": "2017-03-01 16:18:02", "calendarYear": "2016", "period": "FY", "revenue": 17711000000, "costOfRevenue": 15941000000, "grossProfit": 1770000000, "grossProfitRatio": 0.0999378917, "researchAndDevelopmentExpenses": 0, "generalAndAdministrativeExpenses": 1393000000, "sellingAndMarketingExpenses": 0, "sellingGeneralAndAdministrativeExpenses": 1393000000, "otherExpenses": 139000000, "operatingExpenses": 1532000000, "costAndExpenses": 17473000000, "interestIncome": 0, "interestExpense": 101000000, "depreciationAndAmortization": 182000000, "ebitda": 420000000, "ebitdaratio": 0.023714076, "operatingIncome": 238000000, "operatingIncomeRatio": 0.0134379764, "totalOtherIncomeExpensesNet": 38000000, "incomeBeforeTax": 137000000, "incomeBeforeTaxRatio": 0.0077353057, "incomeTaxExpense": 129000000, "netIncome": 8000000, "netIncomeRatio": 0.0004516967, "eps": 0.93, "epsdiluted": 0.92, "weightedAverageShsOut": 55000000, "weightedAverageShsOutDil": 56000000, "link": "https://www.sec.gov/Archives/edgar/data/1179929/000117992917000046/0001179929-17-000046-index.htm", "finalLink": "https://www.sec.gov/Archives/edgar/data/1179929/000117992917000046/moh-12312016x10k.htm", "calculatedOtherExpenses": 139000000, "calculatedOperatingExpenses": 1532000000, "calculatedNetInterest": -101000000, "calculatedOtherIncome": 0, "calculatedIncomeNonControlling": 0, "calculatedEbitda": 420000000}, {"date": "2015-12-31", "symbol": "MOH", "reportedCurrency": "USD", "cik": "0001179929", "fillingDate": "2016-02-26", "acceptedDate": "2016-02-26 16:59:25", "calendarYear": "2015", "period": "FY", "revenue": 14072000000, "costOfRevenue": 12434000000, "grossProfit": 1638000000, "grossProfitRatio": 0.1164013644, "researchAndDevelopmentExpenses": 0, "generalAndAdministrativeExpenses": 1147000000, "sellingAndMarketingExpenses": 0, "sellingGeneralAndAdministrativeExpenses": 1147000000, "otherExpenses": 2000000, "operatingExpenses": 1251000000, "costAndExpenses": 13685000000, "interestIncome": 0, "interestExpense": 67000000, "depreciationAndAmortization": 126000000, "ebitda": 515000000, "ebitdaratio": 0.0365974986, "operatingIncome": 387000000, "operatingIncomeRatio": 0.0275014213, "totalOtherIncomeExpensesNet": 2000000, "incomeBeforeTax": 322000000, "incomeBeforeTaxRatio": 0.0228823195, "incomeTaxExpense": 179000000, "netIncome": 143000000, "netIncomeRatio": 0.0101620239, "eps": 2.75, "epsdiluted": 2.58, "weightedAverageShsOut": 52000000, "weightedAverageShsOutDil": 56000000, "link": "https://www.sec.gov/Archives/edgar/data/1179929/000117992916000231/0001179929-16-000231-index.htm", "finalLink": "https://www.sec.gov/Archives/edgar/data/1179929/000117992916000231/moh-12312015x10k.htm", "calculatedOtherExpenses": 104000000, "calculatedOperatingExpenses": 1251000000, "calculatedNetInterest": -67000000, "calculatedOtherIncome": 2000000, "calculatedIncomeNonControlling": 0, "calculatedEbitda": 513000000}, {"date": "2014-12-31", "symbol": "MOH", "reportedCurrency": "USD", "cik": "0001179929", "fillingDate": "2015-02-26", "acceptedDate": "2015-02-26 16:30:59", "calendarYear": "2014", "period": "FY", "revenue": 9666601000, "costOfRevenue": 8616074000, "grossProfit": 1050527000, "grossProfitRatio": 0.1086759451, "researchAndDevelopmentExpenses": 0, "generalAndAdministrativeExpenses": 764693000, "sellingAndMarketingExpenses": 0, "sellingGeneralAndAdministrativeExpenses": 764693000, "otherExpenses": -802000, "operatingExpenses": 857610000, "costAndExpenses": 9473684000, "interestIncome": 0, "interestExpense": 56811000, "depreciationAndAmortization": 134404000, "ebitda": 326519000, "ebitdaratio": 0.033778057, "operatingIncome": 192917000, "operatingIncomeRatio": 0.0199570666, "totalOtherIncomeExpensesNet": -802000, "incomeBeforeTax": 135304000, "incomeBeforeTaxRatio": 0.0139970606, "incomeTaxExpense": 72726000, "netIncome": 62223000, "netIncomeRatio": 0.0064369058, "eps": 1.33, "epsdiluted": 1.29, "weightedAverageShsOut": 47000000, "weightedAverageShsOutDil": 48000000, "link": "https://www.sec.gov/Archives/edgar/data/1179929/000117992915000007/0001179929-15-000007-index.htm", "finalLink": "https://www.sec.gov/Archives/edgar/data/1179929/000117992915000007/moh-12312014x10k.htm", "calculatedOtherExpenses": 92917000, "calculatedOperatingExpenses": 857610000, "calculatedNetInterest": -56811000, "calculatedOtherIncome": -802000, "calculatedIncomeNonControlling": 355000, "calculatedEbitda": 327321000}, {"date": "2013-12-31", "symbol": "MOH", "reportedCurrency": "USD", "cik": "0001179929", "fillingDate": "2014-02-26", "acceptedDate": "2014-02-26 16:57:40", "calendarYear": "2013", "period": "FY", "revenue": 6588934000, "costOfRevenue": 5713635000, "grossProfit": 875299000, "grossProfitRatio": 0.1328437954, "researchAndDevelopmentExpenses": 0, "generalAndAdministrativeExpenses": 665996000, "sellingAndMarketingExpenses": 0, "sellingGeneralAndAdministrativeExpenses": 665996000, "otherExpenses": -3343000, "operatingExpenses": 738739000, "costAndExpenses": 6452374000, "interestIncome": 0, "interestExpense": 52071000, "depreciationAndAmortization": 93866000, "ebitda": 227083000, "ebitdaratio": 0.0344643003, "operatingIncome": 136560000, "operatingIncomeRatio": 0.0207256591, "totalOtherIncomeExpensesNet": -3343000, "incomeBeforeTax": 81146000, "incomeBeforeTaxRatio": 0.0123154975, "incomeTaxExpense": 36316000, "netIncome": 52929000, "netIncomeRatio": 0.0080330141, "eps": 1.16, "epsdiluted": 1.13, "weightedAverageShsOut": 46000000, "weightedAverageShsOutDil": 47000000, "link": "https://www.sec.gov/Archives/edgar/data/1179929/000117992914000004/0001179929-14-000004-index.htm", "finalLink": "https://www.sec.gov/Archives/edgar/data/1179929/000117992914000004/moh-12312013x10k.htm", "calculatedOtherExpenses": 72743000, "calculatedOperatingExpenses": 738739000, "calculatedNetInterest": -52071000, "calculatedOtherIncome": -3343000, "calculatedIncomeNonControlling": -8099000, "calculatedEbitda": 230426000}, {"date": "2012-12-31", "symbol": "MOH", "reportedCurrency": "USD", "cik": "0001179929", "fillingDate": "2013-02-28", "acceptedDate": "2013-02-28 16:36:36", "calendarYear": "2012", "period": "FY", "revenue": 6028763000, "costOfRevenue": 5396959000, "grossProfit": 631804000, "grossProfitRatio": 0.1047982812, "researchAndDevelopmentExpenses": 0, "generalAndAdministrativeExpenses": 532627000, "sellingAndMarketingExpenses": 0, "sellingGeneralAndAdministrativeExpenses": 532627000, "otherExpenses": 361000, "operatingExpenses": 596331000, "costAndExpenses": 5993290000, "interestIncome": 0, "interestExpense": 16769000, "depreciationAndAmortization": 78764000, "ebitda": 114598000, "ebitdaratio": 0.0190085429, "operatingIncome": 35473000, "operatingIncomeRatio": 0.0058839599, "totalOtherIncomeExpensesNet": 361000, "incomeBeforeTax": 19065000, "incomeBeforeTaxRatio": 0.0031623403, "incomeTaxExpense": 9275000, "netIncome": 9790000, "netIncomeRatio": 0.001623882, "eps": 0.21, "epsdiluted": 0.21, "weightedAverageShsOut": 46380000, "weightedAverageShsOutDil": 46999000, "link": "https://www.sec.gov/Archives/edgar/data/1179929/000144530513000387/0001445305-13-000387-index.htm", "finalLink": "https://www.sec.gov/Archives/edgar/data/1179929/000144530513000387/moh-12312012x10k.htm", "calculatedOtherExpenses": 63704000, "calculatedOperatingExpenses": 596331000, "calculatedNetInterest": -16769000, "calculatedOtherIncome": 361000, "calculatedIncomeNonControlling": 0, "calculatedEbitda": 114237000}, {"date": "2011-12-31", "symbol": "MOH", "reportedCurrency": "USD", "cik": "0001179929", "fillingDate": "2012-02-29", "acceptedDate": "2012-02-29 16:54:06", "calendarYear": "2011", "period": "FY", "revenue": 4769940000, "costOfRevenue": 4003981000, "grossProfit": 765959000, "grossProfitRatio": 0.1605804266, "researchAndDevelopmentExpenses": 0, "generalAndAdministrativeExpenses": 415932000, "sellingAndMarketingExpenses": 0, "sellingGeneralAndAdministrativeExpenses": 415932000, "otherExpenses": 205279000, "operatingExpenses": 621211000, "costAndExpenses": 4625192000, "interestIncome": 0, "interestExpense": 15519000, "depreciationAndAmortization": 74383000, "ebitda": 219131000, "ebitdaratio": 0.0459399909, "operatingIncome": 80173000, "operatingIncomeRatio": 0.0168079682, "totalOtherIncomeExpensesNet": -64575000, "incomeBeforeTax": 64654000, "incomeBeforeTaxRatio": 0.0135544682, "incomeTaxExpense": 43836000, "netIncome": 20818000, "netIncomeRatio": 0.0043644155, "eps": 0.45, "epsdiluted": 0.45, "weightedAverageShsOut": 45756000, "weightedAverageShsOutDil": 46425000, "link": "https://www.sec.gov/Archives/edgar/data/1179929/000119312512089404/0001193125-12-089404-index.htm", "finalLink": "https://www.sec.gov/Archives/edgar/data/1179929/000119312512089404/d267577d10k.htm", "calculatedOtherExpenses": 269854000, "calculatedOperatingExpenses": 685786000, "calculatedNetInterest": -15519000, "calculatedOtherIncome": 0, "calculatedIncomeNonControlling": 0, "calculatedEbitda": 154556000}, {"date": "2010-12-31", "symbol": "MOH", "reportedCurrency": "USD", "cik": "0001179929", "fillingDate": "2011-03-08", "acceptedDate": "2011-03-08 15:18:37", "calendarYear": "2010", "period": "FY", "revenue": 4085977000, "costOfRevenue": 3449504000, "grossProfit": 636473000, "grossProfitRatio": 0.1557700888, "researchAndDevelopmentExpenses": 0, "generalAndAdministrativeExpenses": 345993000, "sellingAndMarketingExpenses": 0, "sellingGeneralAndAdministrativeExpenses": 345993000, "otherExpenses": 185479000, "operatingExpenses": 531472000, "costAndExpenses": 3980976000, "interestIncome": 0, "interestExpense": 15509000, "depreciationAndAmortization": 60765000, "ebitda": 165766000, "ebitdaratio": 0.0405694893, "operatingIncome": 105001000, "operatingIncomeRatio": 0.0256978931, "totalOtherIncomeExpensesNet": -15509000, "incomeBeforeTax": 89492000, "incomeBeforeTaxRatio": 0.021902228, "incomeTaxExpense": 34522000, "netIncome": 54970000, "netIncomeRatio": 0.0134533307, "eps": 1.34, "epsdiluted": 1.32, "weightedAverageShsOut": 41174000, "weightedAverageShsOutDil": 41631000, "link": "https://www.sec.gov/Archives/edgar/data/1179929/000095012311023069/0000950123-11-023069-index.htm", "finalLink": "https://www.sec.gov/Archives/edgar/data/1179929/000095012311023069/a58840e10vk.htm", "calculatedOtherExpenses": 185479000, "calculatedOperatingExpenses": 531472000, "calculatedNetInterest": -15509000, "calculatedOtherIncome": 0, "calculatedIncomeNonControlling": 0, "calculatedEbitda": 165766000}, {"date": "2009-12-31", "symbol": "MOH", "reportedCurrency": "USD", "cik": "0001179929", "fillingDate": "2010-03-16", "acceptedDate": "2010-03-16 15:03:21", "calendarYear": "2009", "period": "FY", "revenue": 3669356000, "costOfRevenue": 3176236000, "grossProfit": 493120000, "grossProfitRatio": 0.1343887047, "researchAndDevelopmentExpenses": 0, "generalAndAdministrativeExpenses": 399149000, "sellingAndMarketingExpenses": 0, "sellingGeneralAndAdministrativeExpenses": 399149000, "otherExpenses": 38110000, "operatingExpenses": 437259000, "costAndExpenses": 3613495000, "interestIncome": 0, "interestExpense": 13777000, "depreciationAndAmortization": 38110000, "ebitda": 93971000, "ebitdaratio": 0.025609671, "operatingIncome": 57393000, "operatingIncomeRatio": 0.0156411643, "totalOtherIncomeExpensesNet": 1532000, "incomeBeforeTax": 43616000, "incomeBeforeTaxRatio": 0.0118865545, "incomeTaxExpense": 12748000, "netIncome": 30868000, "netIncomeRatio": 0.0084123754, "eps": 0.79, "epsdiluted": 0.79, "weightedAverageShsOut": 38976000, "weightedAverageShsOutDil": 38976000, "link": "https://www.sec.gov/Archives/edgar/data/1179929/000095012310025132/0000950123-10-025132-index.htm", "finalLink": "https://www.sec.gov/Archives/edgar/data/1179929/000095012310025132/a55407e10vk.htm", "calculatedOtherExpenses": 36578000, "calculatedOperatingExpenses": 435727000, "calculatedNetInterest": -13777000, "calculatedOtherIncome": 0, "calculatedIncomeNonControlling": 0, "calculatedEbitda": 95503000}, {"date": "2008-12-31", "symbol": "MOH", "reportedCurrency": "USD", "cik": "0001179929", "fillingDate": "2009-03-16", "acceptedDate": "2009-03-16 14:42:23", "calendarYear": "2008", "period": "FY", "revenue": 3112366000, "costOfRevenue": 2621312000, "grossProfit": 491054000, "grossProfitRatio": 0.157775146, "researchAndDevelopmentExpenses": 0, "generalAndAdministrativeExpenses": 344761000, "sellingAndMarketingExpenses": 0, "sellingGeneralAndAdministrativeExpenses": 344761000, "otherExpenses": 33688000, "operatingExpenses": 378449000, "costAndExpenses": 2999761000, "interestIncome": 0, "interestExpense": 8714000, "depreciationAndAmortization": 35314000, "ebitda": 147919000, "ebitdaratio": 0.0475262228, "operatingIncome": 112605000, "operatingIncomeRatio": 0.0361798709, "totalOtherIncomeExpensesNet": 21126000, "incomeBeforeTax": 103891000, "incomeBeforeTaxRatio": 0.0333800716, "incomeTaxExpense": 41493000, "netIncome": 62398000, "netIncomeRatio": 0.0200484133, "eps": 1.5, "epsdiluted": 1.5, "weightedAverageShsOut": 41658000, "weightedAverageShsOutDil": 41658000, "link": "https://www.sec.gov/Archives/edgar/data/1179929/000095013409005437/0000950134-09-005437-index.htm", "finalLink": "https://www.sec.gov/Archives/edgar/data/1179929/000095013409005437/a51362e10vk.htm", "calculatedOtherExpenses": 33688000, "calculatedOperatingExpenses": 378449000, "calculatedNetInterest": -8714000, "calculatedOtherIncome": 0, "calculatedIncomeNonControlling": 0, "calculatedEbitda": 147919000}, {"date": "2007-12-31", "symbol": "MOH", "reportedCurrency": "USD", "cik": "0001179929", "fillingDate": "2008-03-17", "acceptedDate": "2008-03-17 16:07:09", "calendarYear": "2007", "period": "FY", "revenue": 2492454000, "costOfRevenue": 2080083000, "grossProfit": 412371000, "grossProfitRatio": 0.1654477876, "researchAndDevelopmentExpenses": 0, "generalAndAdministrativeExpenses": 285295000, "sellingAndMarketingExpenses": 0, "sellingGeneralAndAdministrativeExpenses": 285295000, "otherExpenses": 28749000, "operatingExpenses": 314044000, "costAndExpenses": 2394127000, "interestIncome": 0, "interestExpense": -4631000, "depreciationAndAmortization": 27967000, "ebitda": 126294000, "ebitdaratio": 0.050670544, "operatingIncome": 98327000, "operatingIncomeRatio": 0.0394498755, "totalOtherIncomeExpensesNet": -4631000, "incomeBeforeTax": 93696000, "incomeBeforeTaxRatio": 0.0375918673, "incomeTaxExpense": 35366000, "netIncome": 58330000, "netIncomeRatio": 0.0234026385, "eps": 1.37, "epsdiluted": 1.37, "weightedAverageShsOut": 42412500, "weightedAverageShsOutDil": 42628500, "link": "https://www.sec.gov/Archives/edgar/data/1179929/000089256908000330/0000892569-08-000330-index.htm", "finalLink": "https://www.sec.gov/Archives/edgar/data/1179929/000089256908000330/a38671e10vk.htm", "calculatedOtherExpenses": 28749000, "calculatedOperatingExpenses": 314044000, "calculatedNetInterest": 4631000, "calculatedOtherIncome": -9262000, "calculatedIncomeNonControlling": 0, "calculatedEbitda": 126294000}, {"date": "2006-12-31", "symbol": "MOH", "reportedCurrency": "USD", "cik": "0001179929", "fillingDate": "2007-03-14", "acceptedDate": "2007-03-14 17:17:57", "calendarYear": "2006", "period": "FY", "revenue": 2004995000, "costOfRevenue": 1678652000, "grossProfit": 326343000, "grossProfitRatio": 0.1627649944, "researchAndDevelopmentExpenses": 0, "generalAndAdministrativeExpenses": 229057000, "sellingAndMarketingExpenses": 0, "sellingGeneralAndAdministrativeExpenses": 229057000, "otherExpenses": 21475000, "operatingExpenses": 250532000, "costAndExpenses": 1929184000, "interestIncome": 0, "interestExpense": -2353000, "depreciationAndAmortization": 21475000, "ebitda": 97286000, "ebitdaratio": 0.0485218168, "operatingIncome": 75811000, "operatingIncomeRatio": 0.0378110669, "totalOtherIncomeExpensesNet": -2353000, "incomeBeforeTax": 73458000, "incomeBeforeTaxRatio": 0.0366374978, "incomeTaxExpense": 27731000, "netIncome": 45727000, "netIncomeRatio": 0.0228065407, "eps": 1.09, "epsdiluted": 1.08, "weightedAverageShsOut": 41949000, "weightedAverageShsOutDil": 42246000, "link": "https://www.sec.gov/Archives/edgar/data/1179929/000119312507054663/0001193125-07-054663-index.htm", "finalLink": "https://www.sec.gov/Archives/edgar/data/1179929/000119312507054663/d10k.htm", "calculatedOtherExpenses": 21475000, "calculatedOperatingExpenses": 250532000, "calculatedNetInterest": 2353000, "calculatedOtherIncome": -4706000, "calculatedIncomeNonControlling": 0, "calculatedEbitda": 97286000}, {"date": "2005-12-31", "symbol": "MOH", "reportedCurrency": "USD", "cik": "0001179929", "fillingDate": "2006-03-15", "acceptedDate": "2006-03-14 19:54:42", "calendarYear": "2005", "period": "FY", "revenue": 1650058000, "costOfRevenue": 1424872000, "grossProfit": 225186000, "grossProfitRatio": 0.1364715665, "researchAndDevelopmentExpenses": 0, "generalAndAdministrativeExpenses": 163342000, "sellingAndMarketingExpenses": 0, "sellingGeneralAndAdministrativeExpenses": 163342000, "otherExpenses": 16064000, "operatingExpenses": 179406000, "costAndExpenses": 1604278000, "interestIncome": 0, "interestExpense": -1529000, "depreciationAndAmortization": 15125000, "ebitda": 61305000, "ebitdaratio": 0.0371532395, "operatingIncome": 45780000, "operatingIncomeRatio": 0.0277444793, "totalOtherIncomeExpensesNet": -400000, "incomeBeforeTax": 43851000, "incomeBeforeTaxRatio": 0.0265754295, "incomeTaxExpense": 16255000, "netIncome": 27596000, "netIncomeRatio": 0.0167242606, "eps": 0.67, "epsdiluted": 0.65, "weightedAverageShsOut": 41566500, "weightedAverageShsOutDil": 42034500, "link": "https://www.sec.gov/Archives/edgar/data/1179929/000119312506053951/0001193125-06-053951-index.htm", "finalLink": "https://www.sec.gov/Archives/edgar/data/1179929/000119312506053951/d10k.htm", "calculatedOtherExpenses": 16064000, "calculatedOperatingExpenses": 179406000, "calculatedNetInterest": 1529000, "calculatedOtherIncome": -3458000, "calculatedIncomeNonControlling": 0, "calculatedEbitda": 60905000}, {"date": "2004-12-31", "symbol": "MOH", "reportedCurrency": "USD", "cik": "0001179929", "fillingDate": "2005-03-08", "acceptedDate": "2005-03-08 17:17:21", "calendarYear": "2004", "period": "FY", "revenue": 1175268000, "costOfRevenue": 984686000, "grossProfit": 190582000, "grossProfitRatio": 0.1621604604, "researchAndDevelopmentExpenses": 0, "generalAndAdministrativeExpenses": 94150000, "sellingAndMarketingExpenses": 0, "sellingGeneralAndAdministrativeExpenses": 94150000, "otherExpenses": 8869000, "operatingExpenses": 103019000, "costAndExpenses": 1087705000, "interestIncome": 0, "interestExpense": -1049000, "depreciationAndAmortization": 8869000, "ebitda": 95261000, "ebitdaratio": 0.0810547041, "operatingIncome": 87563000, "operatingIncomeRatio": 0.0745047087, "totalOtherIncomeExpensesNet": 1171000, "incomeBeforeTax": 87685000, "incomeBeforeTaxRatio": 0.0746085148, "incomeTaxExpense": 31912000, "netIncome": 55773000, "netIncomeRatio": 0.0474555591, "eps": 1.38, "epsdiluted": 1.36, "weightedAverageShsOut": 40447500, "weightedAverageShsOutDil": 41013000, "link": "https://www.sec.gov/Archives/edgar/data/1179929/000119312505044725/0001193125-05-044725-index.htm", "finalLink": "https://www.sec.gov/Archives/edgar/data/1179929/000119312505044725/d10k.htm", "calculatedOtherExpenses": 8869000, "calculatedOperatingExpenses": 103019000, "calculatedNetInterest": 1049000, "calculatedOtherIncome": -927000, "calculatedIncomeNonControlling": 0, "calculatedEbitda": 96432000}, {"date": "2003-12-31", "symbol": "MOH", "reportedCurrency": "USD", "cik": "0001179929", "fillingDate": "2004-02-20", "acceptedDate": "2004-02-19 21:15:38", "calendarYear": "2003", "period": "FY", "revenue": 793544000, "costOfRevenue": 657921000, "grossProfit": 135623000, "grossProfitRatio": 0.1709079774, "researchAndDevelopmentExpenses": 0, "generalAndAdministrativeExpenses": 61543000, "sellingAndMarketingExpenses": 0, "sellingGeneralAndAdministrativeExpenses": 61543000, "otherExpenses": 6333000, "operatingExpenses": 67876000, "costAndExpenses": 725797000, "interestIncome": 0, "interestExpense": -1452000, "depreciationAndAmortization": 6333000, "ebitda": 73962000, "ebitdaratio": 0.0932046616, "operatingIncome": 67747000, "operatingIncomeRatio": 0.0853727078, "totalOtherIncomeExpensesNet": 118000, "incomeBeforeTax": 66413000, "incomeBeforeTaxRatio": 0.0836916415, "incomeTaxExpense": 23896000, "netIncome": 42517000, "netIncomeRatio": 0.0535786295, "eps": 1.27, "epsdiluted": 1.25, "weightedAverageShsOut": 33336000, "weightedAverageShsOutDil": 33943500, "link": "https://www.sec.gov/Archives/edgar/data/1179929/000119312504026772/0001193125-04-026772-index.htm", "finalLink": "https://www.sec.gov/Archives/edgar/data/1179929/000119312504026772/d10k.htm", "calculatedOtherExpenses": 6333000, "calculatedOperatingExpenses": 67876000, "calculatedNetInterest": 1452000, "calculatedOtherIncome": -2786000, "calculatedIncomeNonControlling": 0, "calculatedEbitda": 74080000}, {"date": "2002-12-31", "symbol": "MOH", "reportedCurrency": "USD", "cik": "0001179929", "fillingDate": "2002-12-31", "acceptedDate": "2002-12-30 19:00:00", "calendarYear": "2002", "period": "FY", "revenue": 644194000, "costOfRevenue": 0, "grossProfit": 644194000, "grossProfitRatio": 1, "researchAndDevelopmentExpenses": 0, "generalAndAdministrativeExpenses": 61227000, "sellingAndMarketingExpenses": 0, "sellingGeneralAndAdministrativeExpenses": 61227000, "otherExpenses": 0, "operatingExpenses": -534130000, "costAndExpenses": -534130000, "interestIncome": 0, "interestExpense": 0, "depreciationAndAmortization": 4112000, "ebitda": 1182436000, "ebitdaratio": 1.8355278068, "operatingIncome": 1178324000, "operatingIncomeRatio": 1.8291446366, "totalOtherIncomeExpensesNet": -1129925000, "incomeBeforeTax": 48399000, "incomeBeforeTaxRatio": 0.075131094, "incomeTaxExpense": 17891000, "netIncome": 30508000, "netIncomeRatio": 0.0473584045, "eps": 1.02, "epsdiluted": 0.99, "weightedAverageShsOut": 30000000, "weightedAverageShsOutDil": 30913500, "link": "", "finalLink": "", "calculatedOtherExpenses": -595357000, "calculatedOperatingExpenses": -534130000, "calculatedNetInterest": 0, "calculatedOtherIncome": -1129925000, "calculatedIncomeNonControlling": 0, "calculatedEbitda": 1182436000}, {"date": "2001-12-31", "symbol": "MOH", "reportedCurrency": "USD", "cik": "0001179929", "fillingDate": "2001-12-31", "acceptedDate": "2001-12-30 19:00:00", "calendarYear": "2001", "period": "FY", "revenue": 503855000, "costOfRevenue": 408410000, "grossProfit": 95445000, "grossProfitRatio": 0.1894294986, "researchAndDevelopmentExpenses": 0, "generalAndAdministrativeExpenses": 0, "sellingAndMarketingExpenses": 0, "sellingGeneralAndAdministrativeExpenses": 42822000, "otherExpenses": 45229000, "operatingExpenses": 45229000, "costAndExpenses": 453639000, "interestIncome": 0, "interestExpense": 0, "depreciationAndAmortization": 2407000, "ebitda": 52623000, "ebitdaratio": 0.1044407617, "operatingIncome": 50216000, "operatingIncomeRatio": 0.0996635937, "totalOtherIncomeExpensesNet": -561000, "incomeBeforeTax": 49655000, "incomeBeforeTaxRatio": 0.0985501781, "incomeTaxExpense": 19453000, "netIncome": 30129000, "netIncomeRatio": 0.0597969654, "eps": 1.01, "epsdiluted": 0.97, "weightedAverageShsOut": 30000000, "weightedAverageShsOutDil": 30858000, "link": "", "finalLink": "", "calculatedOtherExpenses": 2407000, "calculatedOperatingExpenses": 45229000, "calculatedNetInterest": 0, "calculatedOtherIncome": -561000, "calculatedIncomeNonControlling": 73000, "calculatedEbitda": 52623000}, {"date": "2000-12-31", "symbol": "MOH", "reportedCurrency": "USD", "cik": "0001179929", "fillingDate": "2000-12-31", "acceptedDate": "2000-12-30 19:00:00", "calendarYear": "2000", "period": "FY", "revenue": 329432000, "costOfRevenue": 0, "grossProfit": 329432000, "grossProfitRatio": 1, "researchAndDevelopmentExpenses": 0, "generalAndAdministrativeExpenses": 0, "sellingAndMarketingExpenses": 0, "sellingGeneralAndAdministrativeExpenses": 38701000, "otherExpenses": 0, "operatingExpenses": 305194000, "costAndExpenses": 305194000, "interestIncome": 0, "interestExpense": 0, "depreciationAndAmortization": 2085000, "ebitda": 26323000, "ebitdaratio": 0.0799041987, "operatingIncome": 24238000, "operatingIncomeRatio": 0.0735751232, "totalOtherIncomeExpensesNet": -197000, "incomeBeforeTax": 24041000, "incomeBeforeTaxRatio": 0.0729771243, "incomeTaxExpense": 9077000, "netIncome": 14964000, "netIncomeRatio": 0.0454236383, "eps": 0.5, "epsdiluted": 0.49, "weightedAverageShsOut": 30000000, "weightedAverageShsOutDil": 30564000, "link": "", "finalLink": "", "calculatedOtherExpenses": 266493000, "calculatedOperatingExpenses": 305194000, "calculatedNetInterest": 0, "calculatedOtherIncome": -197000, "calculatedIncomeNonControlling": 0, "calculatedEbitda": 26323000}, {"date": "1999-12-31", "symbol": "MOH", "reportedCurrency": "USD", "cik": "0001179929", "fillingDate": "1999-12-31", "acceptedDate": "1999-12-30 19:00:00", "calendarYear": "1999", "period": "FY", "revenue": 185760000, "costOfRevenue": 0, "grossProfit": 185760000, "grossProfitRatio": 1, "researchAndDevelopmentExpenses": 0, "generalAndAdministrativeExpenses": 0, "sellingAndMarketingExpenses": 0, "sellingGeneralAndAdministrativeExpenses": 18511000, "otherExpenses": 0, "operatingExpenses": 168274000, "costAndExpenses": 168274000, "interestIncome": 0, "interestExpense": 0, "depreciationAndAmortization": 1625000, "ebitda": 20301000, "ebitdaratio": 0.1092861757, "operatingIncome": 17486000, "operatingIncomeRatio": 0.0941322136, "totalOtherIncomeExpensesNet": -1190000, "incomeBeforeTax": 16296000, "incomeBeforeTaxRatio": 0.0877260982, "incomeTaxExpense": 8033000, "netIncome": 9453000, "netIncomeRatio": 0.0508882429, "eps": 0.31, "epsdiluted": 0.31, "weightedAverageShsOut": 30000000, "weightedAverageShsOutDil": 30259500, "link": "", "finalLink": "", "calculatedOtherExpenses": 149763000, "calculatedOperatingExpenses": 168274000, "calculatedNetInterest": 0, "calculatedOtherIncome": -1190000, "calculatedIncomeNonControlling": -1190000, "calculatedEbitda": 19111000}]}