{"originalCurrency": "USD", "convertedCurrency": "USD", "report": [{"date": "2023-12-31", "symbol": "MORN", "reportedCurrency": "USD", "cik": "0001289419", "fillingDate": "2024-02-29", "acceptedDate": "2024-02-29 14:52:00", "calendarYear": "2023", "period": "FY", "revenue": 2066300000, "costOfRevenue": 1028400000, "grossProfit": 1037900000, "grossProfitRatio": 0.5022987949, "researchAndDevelopmentExpenses": 81200000, "generalAndAdministrativeExpenses": 355800000, "sellingAndMarketingExpenses": 423800000, "sellingGeneralAndAdministrativeExpenses": 757300000, "otherExpenses": 11500000, "operatingExpenses": 757300000, "costAndExpenses": 1785700000, "interestIncome": 9000000, "interestExpense": 60700000, "depreciationAndAmortization": 184900000, "ebitda": 465500000, "ebitdaratio": 0.2252819049, "operatingIncome": 280600000, "operatingIncomeRatio": 0.1357982868, "totalOtherIncomeExpensesNet": -106500000, "incomeBeforeTax": 174100000, "incomeBeforeTaxRatio": 0.0842568843, "incomeTaxExpense": 33000000, "netIncome": 141100000, "netIncomeRatio": 0.0682863089, "eps": 3.31, "epsdiluted": 3.29, "weightedAverageShsOut": 42600000, "weightedAverageShsOutDil": 42900000, "link": "https://www.sec.gov/Archives/edgar/data/1289419/000128941924000010/0001289419-24-000010-index.htm", "finalLink": "https://www.sec.gov/Archives/edgar/data/1289419/000128941924000010/morn-20231231.htm", "calculatedOtherExpenses": -81200000, "calculatedOperatingExpenses": 757300000, "calculatedNetInterest": -51700000, "calculatedOtherIncome": -54800000, "calculatedIncomeNonControlling": 0, "calculatedEbitda": 465500000}, {"date": "2022-12-31", "symbol": "MORN", "reportedCurrency": "USD", "cik": "0001289419", "fillingDate": "2023-02-24", "acceptedDate": "2023-02-24 15:27:17", "calendarYear": "2022", "period": "FY", "revenue": 1870600000, "costOfRevenue": 779300000, "grossProfit": 1091300000, "grossProfitRatio": 0.5833957019, "researchAndDevelopmentExpenses": 64300000, "generalAndAdministrativeExpenses": 400400000, "sellingAndMarketingExpenses": 356500000, "sellingGeneralAndAdministrativeExpenses": 756900000, "otherExpenses": 166600000, "operatingExpenses": 923500000, "costAndExpenses": 1702800000, "interestIncome": 1700000, "interestExpense": 28400000, "depreciationAndAmortization": 157800000, "ebitda": 325600000, "ebitdaratio": 0.1740617984, "operatingIncome": 167800000, "operatingIncomeRatio": 0.0897038383, "totalOtherIncomeExpensesNet": -37200000, "incomeBeforeTax": 130600000, "incomeBeforeTaxRatio": 0.069817171, "incomeTaxExpense": 56500000, "netIncome": 70500000, "netIncomeRatio": 0.0376884422, "eps": 1.65, "epsdiluted": 1.64, "weightedAverageShsOut": 42600000, "weightedAverageShsOutDil": 42900000, "link": "https://www.sec.gov/Archives/edgar/data/1289419/000128941923000005/0001289419-23-000005-index.htm", "finalLink": "https://www.sec.gov/Archives/edgar/data/1289419/000128941923000005/morn-20221231.htm", "calculatedOtherExpenses": 102300000, "calculatedOperatingExpenses": 923500000, "calculatedNetInterest": -26700000, "calculatedOtherIncome": -10500000, "calculatedIncomeNonControlling": 3600000, "calculatedEbitda": 325600000}, {"date": "2021-12-31", "symbol": "MORN", "reportedCurrency": "USD", "cik": "0001289419", "fillingDate": "2022-02-25", "acceptedDate": "2022-02-25 15:33:03", "calendarYear": "2021", "period": "FY", "revenue": 1699300000, "costOfRevenue": 698400000, "grossProfit": 1000900000, "grossProfitRatio": 0.5890072383, "researchAndDevelopmentExpenses": 59900000, "generalAndAdministrativeExpenses": 318400000, "sellingAndMarketingExpenses": 274800000, "sellingGeneralAndAdministrativeExpenses": 593200000, "otherExpenses": 150700000, "operatingExpenses": 743900000, "costAndExpenses": 1442300000, "interestIncome": 1700000, "interestExpense": 8700000, "depreciationAndAmortization": 152000000, "ebitda": 409000000, "ebitdaratio": 0.2406873418, "operatingIncome": 257000000, "operatingIncomeRatio": 0.1512387454, "totalOtherIncomeExpensesNet": -6500000, "incomeBeforeTax": 250500000, "incomeBeforeTaxRatio": 0.1474136409, "incomeTaxExpense": 62600000, "netIncome": 193300000, "netIncomeRatio": 0.1137527217, "eps": 4.5, "epsdiluted": 4.45, "weightedAverageShsOut": 43000000, "weightedAverageShsOutDil": 43400000, "link": "https://www.sec.gov/Archives/edgar/data/1289419/000128941922000005/0001289419-22-000005-index.htm", "finalLink": "https://www.sec.gov/Archives/edgar/data/1289419/000128941922000005/morn-20211231.htm", "calculatedOtherExpenses": 90800000, "calculatedOperatingExpenses": 743900000, "calculatedNetInterest": -7000000, "calculatedOtherIncome": 500000, "calculatedIncomeNonControlling": -5400000, "calculatedEbitda": 409000000}, {"date": "2020-12-31", "symbol": "MORN", "reportedCurrency": "USD", "cik": "0001289419", "fillingDate": "2021-02-26", "acceptedDate": "2021-02-26 16:29:48", "calendarYear": "2020", "period": "FY", "revenue": 1389500000, "costOfRevenue": 556400000, "grossProfit": 833100000, "grossProfitRatio": 0.59956819, "researchAndDevelopmentExpenses": 53900000, "generalAndAdministrativeExpenses": 272000000, "sellingAndMarketingExpenses": 206400000, "sellingGeneralAndAdministrativeExpenses": 478400000, "otherExpenses": 139500000, "operatingExpenses": 617900000, "costAndExpenses": 1174300000, "interestIncome": 1600000, "interestExpense": 9500000, "depreciationAndAmortization": 135900000, "ebitda": 351100000, "ebitdaratio": 0.2526808204, "operatingIncome": 215200000, "operatingIncomeRatio": 0.1548758546, "totalOtherIncomeExpensesNet": 67800000, "incomeBeforeTax": 283000000, "incomeBeforeTaxRatio": 0.203670385, "incomeTaxExpense": 59700000, "netIncome": 223600000, "netIncomeRatio": 0.1609211947, "eps": 5.22, "epsdiluted": 5.18, "weightedAverageShsOut": 42900000, "weightedAverageShsOutDil": 43200000, "link": "https://www.sec.gov/Archives/edgar/data/1289419/000128941921000039/0001289419-21-000039-index.htm", "finalLink": "https://www.sec.gov/Archives/edgar/data/1289419/000128941921000039/morn-20201231.htm", "calculatedOtherExpenses": 85600000, "calculatedOperatingExpenses": 617900000, "calculatedNetInterest": -7900000, "calculatedOtherIncome": 75700000, "calculatedIncomeNonControlling": -300000, "calculatedEbitda": 351100000}, {"date": "2019-12-31", "symbol": "MORN", "reportedCurrency": "USD", "cik": "0001289419", "fillingDate": "2020-03-02", "acceptedDate": "2020-03-02 12:54:40", "calendarYear": "2019", "period": "FY", "revenue": 1179000000, "costOfRevenue": 483100000, "grossProfit": 695900000, "grossProfitRatio": 0.5902459712, "researchAndDevelopmentExpenses": 61100000, "generalAndAdministrativeExpenses": 210700000, "sellingAndMarketingExpenses": 177900000, "sellingGeneralAndAdministrativeExpenses": 388600000, "otherExpenses": 117700000, "operatingExpenses": 506300000, "costAndExpenses": 989400000, "interestIncome": 2400000, "interestExpense": 11100000, "depreciationAndAmortization": 98200000, "ebitda": 287800000, "ebitdaratio": 0.2441051739, "operatingIncome": 189600000, "operatingIncomeRatio": 0.1608142494, "totalOtherIncomeExpensesNet": 8900000, "incomeBeforeTax": 198500000, "incomeBeforeTaxRatio": 0.1683630195, "incomeTaxExpense": 45600000, "netIncome": 152000000, "netIncomeRatio": 0.1289228159, "eps": 3.56, "epsdiluted": 3.52, "weightedAverageShsOut": 42700000, "weightedAverageShsOutDil": 43200000, "link": "https://www.sec.gov/Archives/edgar/data/1289419/000128941920000041/0001289419-20-000041-index.htm", "finalLink": "https://www.sec.gov/Archives/edgar/data/1289419/000128941920000041/morn10k12312019.htm", "calculatedOtherExpenses": 56600000, "calculatedOperatingExpenses": 506300000, "calculatedNetInterest": -8700000, "calculatedOtherIncome": 17600000, "calculatedIncomeNonControlling": 900000, "calculatedEbitda": 287800000}, {"date": "2018-12-31", "symbol": "MORN", "reportedCurrency": "USD", "cik": "0001289419", "fillingDate": "2019-03-01", "acceptedDate": "2019-03-01 16:01:45", "calendarYear": "2018", "period": "FY", "revenue": 1019900000, "costOfRevenue": 411100000, "grossProfit": 608800000, "grossProfitRatio": 0.5969212668, "researchAndDevelopmentExpenses": 42800000, "generalAndAdministrativeExpenses": 147800000, "sellingAndMarketingExpenses": 148500000, "sellingGeneralAndAdministrativeExpenses": 296300000, "otherExpenses": 8400000, "operatingExpenses": 393000000, "costAndExpenses": 804100000, "interestIncome": 2300000, "interestExpense": 4100000, "depreciationAndAmortization": 96700000, "ebitda": 302000000, "ebitdaratio": 0.2961074615, "operatingIncome": 215800000, "operatingIncomeRatio": 0.2115893715, "totalOtherIncomeExpensesNet": 18900000, "incomeBeforeTax": 232900000, "incomeBeforeTaxRatio": 0.2283557211, "incomeTaxExpense": 47800000, "netIncome": 183000000, "netIncomeRatio": 0.1794293558, "eps": 4.3, "epsdiluted": 4.26, "weightedAverageShsOut": 42600000, "weightedAverageShsOutDil": 43000000, "link": "https://www.sec.gov/Archives/edgar/data/1289419/000128941919000035/0001289419-19-000035-index.htm", "finalLink": "https://www.sec.gov/Archives/edgar/data/1289419/000128941919000035/morn_10kx12312018.htm", "calculatedOtherExpenses": 53900000, "calculatedOperatingExpenses": 393000000, "calculatedNetInterest": -1800000, "calculatedOtherIncome": 18900000, "calculatedIncomeNonControlling": 2100000, "calculatedEbitda": 312500000}, {"date": "2017-12-31", "symbol": "MORN", "reportedCurrency": "USD", "cik": "0001289419", "fillingDate": "2018-03-01", "acceptedDate": "2018-03-01 17:16:41", "calendarYear": "2017", "period": "FY", "revenue": 911700000, "costOfRevenue": 386600000, "grossProfit": 525100000, "grossProfitRatio": 0.5759570034, "researchAndDevelopmentExpenses": 30600000, "generalAndAdministrativeExpenses": 129800000, "sellingAndMarketingExpenses": 134300000, "sellingGeneralAndAdministrativeExpenses": 264100000, "otherExpenses": -1800000, "operatingExpenses": 355300000, "costAndExpenses": 741900000, "interestIncome": 1900000, "interestExpense": 5500000, "depreciationAndAmortization": 91200000, "ebitda": 244300000, "ebitdaratio": 0.2679609521, "operatingIncome": 169800000, "operatingIncomeRatio": 0.1862454755, "totalOtherIncomeExpensesNet": 14900000, "incomeBeforeTax": 181100000, "incomeBeforeTaxRatio": 0.1986399035, "incomeTaxExpense": 42900000, "netIncome": 136900000, "netIncomeRatio": 0.1501590435, "eps": 3.21, "epsdiluted": 3.18, "weightedAverageShsOut": 42700000, "weightedAverageShsOutDil": 43000000, "link": "https://www.sec.gov/Archives/edgar/data/1289419/000128941918000008/0001289419-18-000008-index.htm", "finalLink": "https://www.sec.gov/Archives/edgar/data/1289419/000128941918000008/morn_10kx12312017.htm", "calculatedOtherExpenses": 60600000, "calculatedOperatingExpenses": 355300000, "calculatedNetInterest": -3600000, "calculatedOtherIncome": 14900000, "calculatedIncomeNonControlling": 1300000, "calculatedEbitda": 261000000}, {"date": "2016-12-31", "symbol": "MORN", "reportedCurrency": "USD", "cik": "0001289419", "fillingDate": "2017-03-01", "acceptedDate": "2017-02-28 18:25:14", "calendarYear": "2016", "period": "FY", "revenue": 798600000, "costOfRevenue": 344300000, "grossProfit": 454300000, "grossProfitRatio": 0.5688705234, "researchAndDevelopmentExpenses": 20000000, "generalAndAdministrativeExpenses": 105200000, "sellingAndMarketingExpenses": 97600000, "sellingGeneralAndAdministrativeExpenses": 202800000, "otherExpenses": 6700000, "operatingExpenses": 273500000, "costAndExpenses": 617800000, "interestIncome": 1800000, "interestExpense": 1500000, "depreciationAndAmortization": 70700000, "ebitda": 214400000, "ebitdaratio": 0.2684698222, "operatingIncome": 180800000, "operatingIncomeRatio": 0.2263961933, "totalOtherIncomeExpensesNet": 43800000, "incomeBeforeTax": 224900000, "incomeBeforeTaxRatio": 0.2816178312, "incomeTaxExpense": 63700000, "netIncome": 161000000, "netIncomeRatio": 0.2016028049, "eps": 3.74, "epsdiluted": 3.72, "weightedAverageShsOut": 43000000, "weightedAverageShsOutDil": 43300000, "link": "https://www.sec.gov/Archives/edgar/data/1289419/000128941917000009/0001289419-17-000009-index.htm", "finalLink": "https://www.sec.gov/Archives/edgar/data/1289419/000128941917000009/morn_10kx12312016.htm", "calculatedOtherExpenses": 50700000, "calculatedOperatingExpenses": 273500000, "calculatedNetInterest": 300000, "calculatedOtherIncome": 43800000, "calculatedIncomeNonControlling": 200000, "calculatedEbitda": 251500000}, {"date": "2015-12-31", "symbol": "MORN", "reportedCurrency": "USD", "cik": "0001289419", "fillingDate": "2016-02-26", "acceptedDate": "2016-02-26 14:55:12", "calendarYear": "2015", "period": "FY", "revenue": 788800000, "costOfRevenue": 330100000, "grossProfit": 458700000, "grossProfitRatio": 0.5815162272, "researchAndDevelopmentExpenses": 13000000, "generalAndAdministrativeExpenses": 107100000, "sellingAndMarketingExpenses": 96600000, "sellingGeneralAndAdministrativeExpenses": 203700000, "otherExpenses": 1800000, "operatingExpenses": 268100000, "costAndExpenses": 598200000, "interestIncome": 1800000, "interestExpense": 500000, "depreciationAndAmortization": 64400000, "ebitda": 255000000, "ebitdaratio": 0.3232758621, "operatingIncome": 190600000, "operatingIncomeRatio": 0.24163286, "totalOtherIncomeExpensesNet": 1800000, "incomeBeforeTax": 193700000, "incomeBeforeTaxRatio": 0.2455628803, "incomeTaxExpense": 62700000, "netIncome": 132600000, "netIncomeRatio": 0.1681034483, "eps": 3, "epsdiluted": 3, "weightedAverageShsOut": 44200000, "weightedAverageShsOutDil": 44300000, "link": "https://www.sec.gov/Archives/edgar/data/1289419/000128941916000250/0001289419-16-000250-index.htm", "finalLink": "https://www.sec.gov/Archives/edgar/data/1289419/000128941916000250/morn_10kx12312015.htm", "calculatedOtherExpenses": 51400000, "calculatedOperatingExpenses": 268100000, "calculatedNetInterest": 1300000, "calculatedOtherIncome": 1800000, "calculatedIncomeNonControlling": -1600000, "calculatedEbitda": 255000000}, {"date": "2014-12-31", "symbol": "MORN", "reportedCurrency": "USD", "cik": "0001289419", "fillingDate": "2015-02-27", "acceptedDate": "2015-02-27 12:50:16", "calendarYear": "2014", "period": "FY", "revenue": 760071000, "costOfRevenue": 318638000, "grossProfit": 441433000, "grossProfitRatio": 0.5807786378, "researchAndDevelopmentExpenses": 0, "generalAndAdministrativeExpenses": 108865000, "sellingAndMarketingExpenses": 111088000, "sellingGeneralAndAdministrativeExpenses": 219953000, "otherExpenses": 6254000, "operatingExpenses": 274839000, "costAndExpenses": 593477000, "interestIncome": 2562000, "interestExpense": 512000, "depreciationAndAmortization": 54886000, "ebitda": 282480000, "ebitdaratio": 0.3716494906, "operatingIncome": 105594000, "operatingIncomeRatio": 0.138926495, "totalOtherIncomeExpensesNet": -54746000, "incomeBeforeTax": 113898000, "incomeBeforeTaxRatio": 0.1498517902, "incomeTaxExpense": 35678000, "netIncome": 78301000, "netIncomeRatio": 0.1030180075, "eps": 1.75, "epsdiluted": 1.74, "weightedAverageShsOut": 44700000, "weightedAverageShsOutDil": 44900000, "link": "https://www.sec.gov/Archives/edgar/data/1289419/000128941915000044/0001289419-15-000044-index.htm", "finalLink": "https://www.sec.gov/Archives/edgar/data/1289419/000128941915000044/morn_10kx12312014.htm", "calculatedOtherExpenses": 115886000, "calculatedOperatingExpenses": 335839000, "calculatedNetInterest": 2050000, "calculatedOtherIncome": 6254000, "calculatedIncomeNonControlling": -81000, "calculatedEbitda": 160480000}, {"date": "2013-12-31", "symbol": "MORN", "reportedCurrency": "USD", "cik": "0001289419", "fillingDate": "2014-02-28", "acceptedDate": "2014-02-28 13:08:13", "calendarYear": "2013", "period": "FY", "revenue": 698266000, "costOfRevenue": 271437000, "grossProfit": 426829000, "grossProfitRatio": 0.6112699172, "researchAndDevelopmentExpenses": 0, "generalAndAdministrativeExpenses": 106868000, "sellingAndMarketingExpenses": 103614000, "sellingGeneralAndAdministrativeExpenses": 210482000, "otherExpenses": 4644000, "operatingExpenses": 256175000, "costAndExpenses": 527612000, "interestIncome": 2940000, "interestExpense": 228000, "depreciationAndAmortization": 45693000, "ebitda": 216347000, "ebitdaratio": 0.3098346475, "operatingIncome": 170654000, "operatingIncomeRatio": 0.2443968344, "totalOtherIncomeExpensesNet": 4644000, "incomeBeforeTax": 178010000, "incomeBeforeTaxRatio": 0.2549315017, "incomeTaxExpense": 56031000, "netIncome": 123529000, "netIncomeRatio": 0.176908227, "eps": 2.68, "epsdiluted": 2.66, "weightedAverageShsOut": 46200000, "weightedAverageShsOutDil": 46500000, "link": "https://www.sec.gov/Archives/edgar/data/1289419/000128941914000044/0001289419-14-000044-index.htm", "finalLink": "https://www.sec.gov/Archives/edgar/data/1289419/000128941914000044/morn_10kx12312013.htm", "calculatedOtherExpenses": 45693000, "calculatedOperatingExpenses": 256175000, "calculatedNetInterest": 2712000, "calculatedOtherIncome": 4644000, "calculatedIncomeNonControlling": -1550000, "calculatedEbitda": 216347000}, {"date": "2012-12-31", "symbol": "MORN", "reportedCurrency": "USD", "cik": "0001289419", "fillingDate": "2013-02-28", "acceptedDate": "2013-02-28 16:27:31", "calendarYear": "2012", "period": "FY", "revenue": 658288000, "costOfRevenue": 195347000, "grossProfit": 462941000, "grossProfitRatio": 0.7032499453, "researchAndDevelopmentExpenses": 51436000, "generalAndAdministrativeExpenses": 108857000, "sellingAndMarketingExpenses": 108884000, "sellingGeneralAndAdministrativeExpenses": 217741000, "otherExpenses": -2196000, "operatingExpenses": 312273000, "costAndExpenses": 507620000, "interestIncome": 5464000, "interestExpense": 311000, "depreciationAndAmortization": 43096000, "ebitda": 193764000, "ebitdaratio": 0.2943453321, "operatingIncome": 150668000, "operatingIncomeRatio": 0.2288785456, "totalOtherIncomeExpensesNet": -2196000, "incomeBeforeTax": 153625000, "incomeBeforeTaxRatio": 0.2333705004, "incomeTaxExpense": 52878000, "netIncome": 108079000, "netIncomeRatio": 0.1641819386, "eps": 2.23, "epsdiluted": 2.2, "weightedAverageShsOut": 48497000, "weightedAverageShsOutDil": 49148000, "link": "https://www.sec.gov/Archives/edgar/data/1289419/000128941913000059/0001289419-13-000059-index.htm", "finalLink": "https://www.sec.gov/Archives/edgar/data/1289419/000128941913000059/morn_10kx12312012.htm", "calculatedOtherExpenses": 43096000, "calculatedOperatingExpenses": 312273000, "calculatedNetInterest": 5153000, "calculatedOtherIncome": -2196000, "calculatedIncomeNonControlling": -7332000, "calculatedEbitda": 193764000}, {"date": "2011-12-31", "symbol": "MORN", "reportedCurrency": "USD", "cik": "0001289419", "fillingDate": "2012-02-24", "acceptedDate": "2012-02-24 14:46:17", "calendarYear": "2011", "period": "FY", "revenue": 631400000, "costOfRevenue": 182132000, "grossProfit": 449268000, "grossProfitRatio": 0.7115426037, "researchAndDevelopmentExpenses": 53157000, "generalAndAdministrativeExpenses": 108084000, "sellingAndMarketingExpenses": 106699000, "sellingGeneralAndAdministrativeExpenses": 214783000, "otherExpenses": -652000, "operatingExpenses": 310853000, "costAndExpenses": 492985000, "interestIncome": 3679000, "interestExpense": 1318000, "depreciationAndAmortization": 42913000, "ebitda": 181980000, "ebitdaratio": 0.2882166614, "operatingIncome": 138415000, "operatingIncomeRatio": 0.2192191954, "totalOtherIncomeExpensesNet": -652000, "incomeBeforeTax": 140124000, "incomeBeforeTaxRatio": 0.221925879, "incomeTaxExpense": 43658000, "netIncome": 98357000, "netIncomeRatio": 0.1557760532, "eps": 1.96, "epsdiluted": 1.92, "weightedAverageShsOut": 50032000, "weightedAverageShsOutDil": 50988000, "link": "https://www.sec.gov/Archives/edgar/data/1289419/000128941912000063/0001289419-12-000063-index.htm", "finalLink": "https://www.sec.gov/Archives/edgar/data/1289419/000128941912000063/morn_10kx12312011.htm", "calculatedOtherExpenses": 42913000, "calculatedOperatingExpenses": 310853000, "calculatedNetInterest": 2361000, "calculatedOtherIncome": -652000, "calculatedIncomeNonControlling": -1891000, "calculatedEbitda": 181328000}, {"date": "2010-12-31", "symbol": "MORN", "reportedCurrency": "USD", "cik": "0001289419", "fillingDate": "2011-02-28", "acceptedDate": "2011-02-28 16:53:04", "calendarYear": "2010", "period": "FY", "revenue": 555351000, "costOfRevenue": 157068000, "grossProfit": 398283000, "grossProfitRatio": 0.7171734633, "researchAndDevelopmentExpenses": 49244000, "generalAndAdministrativeExpenses": 92843000, "sellingAndMarketingExpenses": 95473000, "sellingGeneralAndAdministrativeExpenses": 188316000, "otherExpenses": 4295000, "operatingExpenses": 277224000, "costAndExpenses": 434292000, "interestIncome": 0, "interestExpense": 0, "depreciationAndAmortization": 39664000, "ebitda": 160723000, "ebitdaratio": 0.28940796, "operatingIncome": 121059000, "operatingIncomeRatio": 0.2179864626, "totalOtherIncomeExpensesNet": 4295000, "incomeBeforeTax": 127791000, "incomeBeforeTaxRatio": 0.230108526, "incomeTaxExpense": 42756000, "netIncome": 86370000, "netIncomeRatio": 0.1555232637, "eps": 1.75, "epsdiluted": 1.7, "weightedAverageShsOut": 49249000, "weightedAverageShsOutDil": 50555000, "link": "https://www.sec.gov/Archives/edgar/data/1289419/000110465911010974/0001104659-11-010974-index.htm", "finalLink": "https://www.sec.gov/Archives/edgar/data/1289419/000110465911010974/a10-23801_110k.htm", "calculatedOtherExpenses": 39664000, "calculatedOperatingExpenses": 277224000, "calculatedNetInterest": 0, "calculatedOtherIncome": 6732000, "calculatedIncomeNonControlling": -1335000, "calculatedEbitda": 160723000}, {"date": "2009-12-31", "symbol": "MORN", "reportedCurrency": "USD", "cik": "0001289419", "fillingDate": "2010-03-01", "acceptedDate": "2010-03-01 15:43:42", "calendarYear": "2009", "period": "FY", "revenue": 478996000, "costOfRevenue": 128616000, "grossProfit": 350380000, "grossProfitRatio": 0.7314883632, "researchAndDevelopmentExpenses": 38378000, "generalAndAdministrativeExpenses": 82949000, "sellingAndMarketingExpenses": 71772000, "sellingGeneralAndAdministrativeExpenses": 154721000, "otherExpenses": 31961000, "operatingExpenses": 225060000, "costAndExpenses": 353676000, "interestIncome": 3016000, "interestExpense": 82000, "depreciationAndAmortization": 31961000, "ebitda": 160297000, "ebitdaratio": 0.3346520639, "operatingIncome": 125320000, "operatingIncomeRatio": 0.2616305773, "totalOtherIncomeExpensesNet": -82000, "incomeBeforeTax": 128254000, "incomeBeforeTaxRatio": 0.2677558894, "incomeTaxExpense": 47095000, "netIncome": 82456000, "netIncomeRatio": 0.1721433999, "eps": 1.71, "epsdiluted": 1.65, "weightedAverageShsOut": 48112000, "weightedAverageShsOutDil": 49793000, "link": "https://www.sec.gov/Archives/edgar/data/1289419/000110465910010688/0001104659-10-010688-index.htm", "finalLink": "https://www.sec.gov/Archives/edgar/data/1289419/000110465910010688/a09-35963_110k.htm", "calculatedOtherExpenses": 31961000, "calculatedOperatingExpenses": 225060000, "calculatedNetInterest": 2934000, "calculatedOtherIncome": 0, "calculatedIncomeNonControlling": -1297000, "calculatedEbitda": 157281000}, {"date": "2008-12-31", "symbol": "MORN", "reportedCurrency": "USD", "cik": "0001289419", "fillingDate": "2009-03-05", "acceptedDate": "2009-03-05 17:28:19", "calendarYear": "2008", "period": "FY", "revenue": 502457000, "costOfRevenue": 130085000, "grossProfit": 372372000, "grossProfitRatio": 0.7411022237, "researchAndDevelopmentExpenses": 40340000, "generalAndAdministrativeExpenses": 85266000, "sellingAndMarketingExpenses": 81651000, "sellingGeneralAndAdministrativeExpenses": 166917000, "otherExpenses": 25996000, "operatingExpenses": 233253000, "costAndExpenses": 363338000, "interestIncome": 0, "interestExpense": 0, "depreciationAndAmortization": 25996000, "ebitda": 166947000, "ebitdaratio": 0.3322612681, "operatingIncome": 139119000, "operatingIncomeRatio": 0.2768774243, "totalOtherIncomeExpensesNet": -1832000, "incomeBeforeTax": 142974000, "incomeBeforeTaxRatio": 0.2845497227, "incomeTaxExpense": 51763000, "netIncome": 92532000, "netIncomeRatio": 0.1841590425, "eps": 2.01, "epsdiluted": 1.88, "weightedAverageShsOut": 46139000, "weightedAverageShsOutDil": 49213000, "link": "https://www.sec.gov/Archives/edgar/data/1289419/000110465909014752/0001104659-09-014752-index.htm", "finalLink": "https://www.sec.gov/Archives/edgar/data/1289419/000110465909014752/a09-1528_110k.htm", "calculatedOtherExpenses": 25996000, "calculatedOperatingExpenses": 233253000, "calculatedNetInterest": 0, "calculatedOtherIncome": 3855000, "calculatedIncomeNonControlling": -1321000, "calculatedEbitda": 165115000}, {"date": "2007-12-31", "symbol": "MORN", "reportedCurrency": "USD", "cik": "0001289419", "fillingDate": "2008-03-07", "acceptedDate": "2008-03-07 12:58:35", "calendarYear": "2007", "period": "FY", "revenue": 435107000, "costOfRevenue": 113777000, "grossProfit": 321330000, "grossProfitRatio": 0.7385079992, "researchAndDevelopmentExpenses": 35116000, "generalAndAdministrativeExpenses": 147703000, "sellingAndMarketingExpenses": 0, "sellingGeneralAndAdministrativeExpenses": 147703000, "otherExpenses": 21257000, "operatingExpenses": 204076000, "costAndExpenses": 317853000, "interestIncome": 0, "interestExpense": 0, "depreciationAndAmortization": 21257000, "ebitda": 139416000, "ebitdaratio": 0.3204177363, "operatingIncome": 117254000, "operatingIncomeRatio": 0.2694831386, "totalOtherIncomeExpensesNet": 789000, "incomeBeforeTax": 123483000, "incomeBeforeTaxRatio": 0.2837991574, "incomeTaxExpense": 51255000, "netIncome": 73922000, "netIncomeRatio": 0.1698938422, "eps": 1.71, "epsdiluted": 1.53, "weightedAverageShsOut": 43216000, "weightedAverageShsOutDil": 48165000, "link": "https://www.sec.gov/Archives/edgar/data/1289419/000110465908016092/0001104659-08-016092-index.htm", "finalLink": "https://www.sec.gov/Archives/edgar/data/1289419/000110465908016092/a08-2794_110k.htm", "calculatedOtherExpenses": 21257000, "calculatedOperatingExpenses": 204076000, "calculatedNetInterest": 0, "calculatedOtherIncome": 6229000, "calculatedIncomeNonControlling": -1694000, "calculatedEbitda": 138511000}, {"date": "2006-12-31", "symbol": "MORN", "reportedCurrency": "USD", "cik": "0001289419", "fillingDate": "2007-03-16", "acceptedDate": "2007-03-16 16:16:45", "calendarYear": "2006", "period": "FY", "revenue": 315175000, "costOfRevenue": 86975000, "grossProfit": 228200000, "grossProfitRatio": 0.7240421988, "researchAndDevelopmentExpenses": 29494000, "generalAndAdministrativeExpenses": 106204000, "sellingAndMarketingExpenses": 0, "sellingGeneralAndAdministrativeExpenses": 106204000, "otherExpenses": 14975000, "operatingExpenses": 150673000, "costAndExpenses": 237648000, "interestIncome": 0, "interestExpense": 0, "depreciationAndAmortization": 14975000, "ebitda": 92961000, "ebitdaratio": 0.2949504244, "operatingIncome": 77527000, "operatingIncomeRatio": 0.2459808043, "totalOtherIncomeExpensesNet": 2328000, "incomeBeforeTax": 81691000, "incomeBeforeTaxRatio": 0.2591925121, "incomeTaxExpense": 32975000, "netIncome": 51762000, "netIncomeRatio": 0.1642325692, "eps": 1.26, "epsdiluted": 1.11, "weightedAverageShsOut": 41176000, "weightedAverageShsOutDil": 46723000, "link": "https://www.sec.gov/Archives/edgar/data/1289419/000110465907020018/0001104659-07-020018-index.htm", "finalLink": "https://www.sec.gov/Archives/edgar/data/1289419/000110465907020018/a07-5934_110k.htm", "calculatedOtherExpenses": 14975000, "calculatedOperatingExpenses": 150673000, "calculatedNetInterest": 0, "calculatedOtherIncome": 4164000, "calculatedIncomeNonControlling": -3046000, "calculatedEbitda": 92502000}, {"date": "2005-12-31", "symbol": "MORN", "reportedCurrency": "USD", "cik": "0001289419", "fillingDate": "2006-03-16", "acceptedDate": "2006-03-16 16:59:34", "calendarYear": "2005", "period": "FY", "revenue": 227114000, "costOfRevenue": 64408000, "grossProfit": 162706000, "grossProfitRatio": 0.7164067385, "researchAndDevelopmentExpenses": 19654000, "generalAndAdministrativeExpenses": 88306000, "sellingAndMarketingExpenses": 0, "sellingGeneralAndAdministrativeExpenses": 88306000, "otherExpenses": 8266000, "operatingExpenses": 116226000, "costAndExpenses": 180634000, "interestIncome": 0, "interestExpense": 0, "depreciationAndAmortization": 8266000, "ebitda": 54625000, "ebitdaratio": 0.2405179778, "operatingIncome": 46480000, "operatingIncomeRatio": 0.204654931, "totalOtherIncomeExpensesNet": 1783000, "incomeBeforeTax": 49679000, "incomeBeforeTaxRatio": 0.2187403683, "incomeTaxExpense": 20224000, "netIncome": 31117000, "netIncomeRatio": 0.1370104881, "eps": 0.79, "epsdiluted": 0.7, "weightedAverageShsOut": 39392000, "weightedAverageShsOutDil": 44459000, "link": "https://www.sec.gov/Archives/edgar/data/1289419/000110465906017405/0001104659-06-017405-index.htm", "finalLink": "https://www.sec.gov/Archives/edgar/data/1289419/000110465906017405/a06-6523_110k.htm", "calculatedOtherExpenses": 8266000, "calculatedOperatingExpenses": 116226000, "calculatedNetInterest": 0, "calculatedOtherIncome": 3199000, "calculatedIncomeNonControlling": -1662000, "calculatedEbitda": 54746000}, {"date": "2004-12-31", "symbol": "MORN", "reportedCurrency": "USD", "cik": "0001289419", "fillingDate": "2004-12-31", "acceptedDate": "2004-12-30 19:00:00", "calendarYear": "2004", "period": "FY", "revenue": 179658000, "costOfRevenue": 54709000, "grossProfit": 124949000, "grossProfitRatio": 0.6954825279, "researchAndDevelopmentExpenses": 0, "generalAndAdministrativeExpenses": 0, "sellingAndMarketingExpenses": 0, "sellingGeneralAndAdministrativeExpenses": 98989000, "otherExpenses": 8225000, "operatingExpenses": 107214000, "costAndExpenses": 161923000, "interestIncome": 0, "interestExpense": 0, "depreciationAndAmortization": 8225000, "ebitda": 25366000, "ebitdaratio": 0.1411904841, "operatingIncome": 17735000, "operatingIncomeRatio": 0.0987153369, "totalOtherIncomeExpensesNet": 1437000, "incomeBeforeTax": 19540000, "incomeBeforeTaxRatio": 0.1087622037, "incomeTaxExpense": 11574000, "netIncome": 8809000, "netIncomeRatio": 0.0490320498, "eps": 0.23, "epsdiluted": 0.21, "weightedAverageShsOut": 38418000, "weightedAverageShsOutDil": 41858000, "link": "", "finalLink": "", "calculatedOtherExpenses": 8225000, "calculatedOperatingExpenses": 107214000, "calculatedNetInterest": 0, "calculatedOtherIncome": 1805000, "calculatedIncomeNonControlling": -843000, "calculatedEbitda": 25960000}, {"date": "2003-12-31", "symbol": "MORN", "reportedCurrency": "USD", "cik": "0001289419", "fillingDate": "2003-12-31", "acceptedDate": "2003-12-30 19:00:00", "calendarYear": "2003", "period": "FY", "revenue": 139496000, "costOfRevenue": 43521000, "grossProfit": 95975000, "grossProfitRatio": 0.6880125595, "researchAndDevelopmentExpenses": 14663000, "generalAndAdministrativeExpenses": 54145000, "sellingAndMarketingExpenses": 30798000, "sellingGeneralAndAdministrativeExpenses": 84943000, "otherExpenses": 7123000, "operatingExpenses": 106729000, "costAndExpenses": 150250000, "interestIncome": 0, "interestExpense": 0, "depreciationAndAmortization": 7123000, "ebitda": -4462000, "ebitdaratio": -0.0319865803, "operatingIncome": -10754000, "operatingIncomeRatio": -0.0770918163, "totalOtherIncomeExpensesNet": 831000, "incomeBeforeTax": -9644000, "incomeBeforeTaxRatio": -0.0691345988, "incomeTaxExpense": 2950000, "netIncome": -11897000, "netIncomeRatio": -0.0852855996, "eps": -0.31, "epsdiluted": -0.31, "weightedAverageShsOut": 38382000, "weightedAverageShsOutDil": 38382000, "link": "", "finalLink": "", "calculatedOtherExpenses": 7123000, "calculatedOperatingExpenses": 106729000, "calculatedNetInterest": 0, "calculatedOtherIncome": 1110000, "calculatedIncomeNonControlling": -697000, "calculatedEbitda": -3631000}, {"date": "2002-12-31", "symbol": "MORN", "reportedCurrency": "USD", "cik": "0001289419", "fillingDate": "2002-12-31", "acceptedDate": "2002-12-30 19:00:00", "calendarYear": "2002", "period": "FY", "revenue": 109619000, "costOfRevenue": 39035000, "grossProfit": 70584000, "grossProfitRatio": 0.643902973, "researchAndDevelopmentExpenses": 11881000, "generalAndAdministrativeExpenses": 36504000, "sellingAndMarketingExpenses": 24992000, "sellingGeneralAndAdministrativeExpenses": 61496000, "otherExpenses": 5547000, "operatingExpenses": 78924000, "costAndExpenses": 117959000, "interestIncome": 0, "interestExpense": 0, "depreciationAndAmortization": 5547000, "ebitda": -6214000, "ebitdaratio": -0.0566872531, "operatingIncome": -8340000, "operatingIncomeRatio": -0.0760817012, "totalOtherIncomeExpensesNet": 3421000, "incomeBeforeTax": -3877000, "incomeBeforeTaxRatio": -0.0353679563, "incomeTaxExpense": -311000, "netIncome": 446000, "netIncomeRatio": 0.0040686377, "eps": 0.01, "epsdiluted": -0.09, "weightedAverageShsOut": 38345000, "weightedAverageShsOutDil": 40361000, "link": "", "finalLink": "", "calculatedOtherExpenses": 5547000, "calculatedOperatingExpenses": 78924000, "calculatedNetInterest": 0, "calculatedOtherIncome": 4463000, "calculatedIncomeNonControlling": -4012000, "calculatedEbitda": -2793000}, {"date": "2001-12-31", "symbol": "MORN", "reportedCurrency": "USD", "cik": "0001289419", "fillingDate": "2001-12-31", "acceptedDate": "2001-12-30 19:00:00", "calendarYear": "2001", "period": "FY", "revenue": 91230000, "costOfRevenue": 0, "grossProfit": 91230000, "grossProfitRatio": 1, "researchAndDevelopmentExpenses": 0, "generalAndAdministrativeExpenses": 0, "sellingAndMarketingExpenses": 0, "sellingGeneralAndAdministrativeExpenses": 0, "otherExpenses": -107621000, "operatingExpenses": -107621000, "costAndExpenses": -107621000, "interestIncome": 0, "interestExpense": 0, "depreciationAndAmortization": 107621000, "ebitda": 91230000, "ebitdaratio": 1, "operatingIncome": -16391000, "operatingIncomeRatio": -0.1796667763, "totalOtherIncomeExpensesNet": 676000, "incomeBeforeTax": -15715000, "incomeBeforeTaxRatio": -0.172256933, "incomeTaxExpense": -5276000, "netIncome": -9295000, "netIncomeRatio": -0.1018853447, "eps": -0.24, "epsdiluted": -0.22, "weightedAverageShsOut": 38298000, "weightedAverageShsOutDil": 41364000, "link": "", "finalLink": "", "calculatedOtherExpenses": 107621000, "calculatedOperatingExpenses": 107621000, "calculatedNetInterest": 0, "calculatedOtherIncome": 676000, "calculatedIncomeNonControlling": -1144000, "calculatedEbitda": 91230000}, {"date": "2000-12-31", "symbol": "MORN", "reportedCurrency": "USD", "cik": "0001289419", "fillingDate": "2000-12-31", "acceptedDate": "2000-12-30 19:00:00", "calendarYear": "2000", "period": "FY", "revenue": 74973000, "costOfRevenue": 0, "grossProfit": 74973000, "grossProfitRatio": 1, "researchAndDevelopmentExpenses": 0, "generalAndAdministrativeExpenses": 0, "sellingAndMarketingExpenses": 0, "sellingGeneralAndAdministrativeExpenses": 0, "otherExpenses": -137047000, "operatingExpenses": -137047000, "costAndExpenses": -137047000, "interestIncome": 0, "interestExpense": 0, "depreciationAndAmortization": 137047000, "ebitda": 74973000, "ebitdaratio": 1, "operatingIncome": -62074000, "operatingIncomeRatio": -0.8279513958, "totalOtherIncomeExpensesNet": 20728000, "incomeBeforeTax": -41346000, "incomeBeforeTaxRatio": -0.5514785323, "incomeTaxExpense": -10511000, "netIncome": -28638000, "netIncomeRatio": -0.3819775119, "eps": -0.75, "epsdiluted": -0.75, "weightedAverageShsOut": 38389000, "weightedAverageShsOutDil": 38389000, "link": "", "finalLink": "", "calculatedOtherExpenses": 137047000, "calculatedOperatingExpenses": 137047000, "calculatedNetInterest": 0, "calculatedOtherIncome": 20728000, "calculatedIncomeNonControlling": -2197000, "calculatedEbitda": 74973000}]}