{"originalCurrency": "USD", "convertedCurrency": "USD", "report": [{"date": "2023-12-31", "symbol": "MPC", "reportedCurrency": "USD", "cik": "0001510295", "fillingDate": "2024-02-28", "acceptedDate": "2024-02-28 14:31:30", "calendarYear": "2023", "period": "FY", "revenue": 148458000000, "costOfRevenue": 131858000000, "grossProfit": 16600000000, "grossProfitRatio": 0.1118161366, "researchAndDevelopmentExpenses": 0, "generalAndAdministrativeExpenses": 3039000000, "sellingAndMarketingExpenses": 0, "sellingGeneralAndAdministrativeExpenses": 3039000000, "otherExpenses": 969000000, "operatingExpenses": 3039000000, "costAndExpenses": 134897000000, "interestIncome": 672000000, "interestExpense": 1337000000, "depreciationAndAmortization": 3380000000, "ebitda": 16941000000, "ebitdaratio": 0.1141130825, "operatingIncome": 13561000000, "operatingIncomeRatio": 0.0913457005, "totalOtherIncomeExpensesNet": 428000000, "incomeBeforeTax": 13989000000, "incomeBeforeTaxRatio": 0.0942286707, "incomeTaxExpense": 2817000000, "netIncome": 9681000000, "netIncomeRatio": 0.0652103625, "eps": 23.76, "epsdiluted": 23.65, "weightedAverageShsOut": 407000000, "weightedAverageShsOutDil": 409000000, "link": "https://www.sec.gov/Archives/edgar/data/1510295/000151029524000015/0001510295-24-000015-index.htm", "finalLink": "https://www.sec.gov/Archives/edgar/data/1510295/000151029524000015/mpc-20231231.htm", "calculatedOtherExpenses": 0, "calculatedOperatingExpenses": 3039000000, "calculatedNetInterest": -665000000, "calculatedOtherIncome": 1093000000, "calculatedIncomeNonControlling": 1491000000, "calculatedEbitda": 16941000000}, {"date": "2022-12-31", "symbol": "MPC", "reportedCurrency": "USD", "cik": "0001510295", "fillingDate": "2023-02-23", "acceptedDate": "2023-02-23 13:32:52", "calendarYear": "2022", "period": "FY", "revenue": 178236000000, "costOfRevenue": 151671000000, "grossProfit": 26565000000, "grossProfitRatio": 0.1490439642, "researchAndDevelopmentExpenses": 0, "generalAndAdministrativeExpenses": 2772000000, "sellingAndMarketingExpenses": 3000000, "sellingGeneralAndAdministrativeExpenses": 2775000000, "otherExpenses": 2317000000, "operatingExpenses": 5092000000, "costAndExpenses": 156763000000, "interestIncome": 221000000, "interestExpense": -1004000000, "depreciationAndAmortization": 3215000000, "ebitda": 22965000000, "ebitdaratio": 0.1288460244, "operatingIncome": 19750000000, "operatingIncomeRatio": 0.110808142, "totalOtherIncomeExpensesNet": 719000000, "incomeBeforeTax": 20469000000, "incomeBeforeTaxRatio": 0.1148421194, "incomeTaxExpense": 4491000000, "netIncome": 14516000000, "netIncomeRatio": 0.0814425817, "eps": 28.34, "epsdiluted": 28.12, "weightedAverageShsOut": 512000000, "weightedAverageShsOutDil": 516000000, "link": "https://www.sec.gov/Archives/edgar/data/1510295/000151029523000012/0001510295-23-000012-index.htm", "finalLink": "https://www.sec.gov/Archives/edgar/data/1510295/000151029523000012/mpc-20221231.htm", "calculatedOtherExpenses": 4040000000, "calculatedOperatingExpenses": 6815000000, "calculatedNetInterest": 1225000000, "calculatedOtherIncome": -506000000, "calculatedIncomeNonControlling": 1462000000, "calculatedEbitda": 22965000000}, {"date": "2021-12-31", "symbol": "MPC", "reportedCurrency": "USD", "cik": "0001510295", "fillingDate": "2022-02-24", "acceptedDate": "2022-02-24 13:07:50", "calendarYear": "2021", "period": "FY", "revenue": 120451000000, "costOfRevenue": 110008000000, "grossProfit": 10443000000, "grossProfitRatio": 0.0866991557, "researchAndDevelopmentExpenses": 0, "generalAndAdministrativeExpenses": 2537000000, "sellingAndMarketingExpenses": 64000000, "sellingGeneralAndAdministrativeExpenses": 2601000000, "otherExpenses": 3772000000, "operatingExpenses": 6373000000, "costAndExpenses": 116381000000, "interestIncome": 14000000, "interestExpense": -1253000000, "depreciationAndAmortization": 3364000000, "ebitda": 7121000000, "ebitdaratio": 0.059119476, "operatingIncome": 3757000000, "operatingIncomeRatio": 0.0311911068, "totalOtherIncomeExpensesNet": -940000000, "incomeBeforeTax": 2817000000, "incomeBeforeTaxRatio": 0.0233871035, "incomeTaxExpense": 264000000, "netIncome": 1288000000, "netIncomeRatio": 0.0106931449, "eps": 2.03, "epsdiluted": 2.02, "weightedAverageShsOut": 634000000, "weightedAverageShsOutDil": 638000000, "link": "https://www.sec.gov/Archives/edgar/data/1510295/000151029522000011/0001510295-22-000011-index.htm", "finalLink": "https://www.sec.gov/Archives/edgar/data/1510295/000151029522000011/mpc-20211231.htm", "calculatedOtherExpenses": 4085000000, "calculatedOperatingExpenses": 6686000000, "calculatedNetInterest": 1267000000, "calculatedOtherIncome": -2207000000, "calculatedIncomeNonControlling": 1265000000, "calculatedEbitda": 7121000000}, {"date": "2020-12-31", "symbol": "MPC", "reportedCurrency": "USD", "cik": "0001510295", "fillingDate": "2021-02-26", "acceptedDate": "2021-02-26 08:25:25", "calendarYear": "2020", "period": "FY", "revenue": 69896000000, "costOfRevenue": 65733000000, "grossProfit": 4163000000, "grossProfitRatio": 0.0595599176, "researchAndDevelopmentExpenses": 0, "generalAndAdministrativeExpenses": 2710000000, "sellingAndMarketingExpenses": 11000000, "sellingGeneralAndAdministrativeExpenses": 2721000000, "otherExpenses": 13730000000, "operatingExpenses": 16451000000, "costAndExpenses": 82184000000, "interestIncome": 9000000, "interestExpense": -1324000000, "depreciationAndAmortization": 3375000000, "ebitda": 775000000, "ebitdaratio": 0.011087902, "operatingIncome": -2600000000, "operatingIncomeRatio": -0.0371981229, "totalOtherIncomeExpensesNet": -11012000000, "incomeBeforeTax": -13612000000, "incomeBeforeTaxRatio": -0.1947464805, "incomeTaxExpense": 2430000000, "netIncome": -11032000000, "netIncomeRatio": -0.157834497, "eps": -17, "epsdiluted": -17, "weightedAverageShsOut": 649000000, "weightedAverageShsOutDil": 649000000, "link": "https://www.sec.gov/Archives/edgar/data/1510295/000151029521000027/0001510295-21-000027-index.htm", "finalLink": "https://www.sec.gov/Archives/edgar/data/1510295/000151029521000027/mpc-20201231.htm", "calculatedOtherExpenses": 4042000000, "calculatedOperatingExpenses": 6763000000, "calculatedNetInterest": 1333000000, "calculatedOtherIncome": -12345000000, "calculatedIncomeNonControlling": -5010000000, "calculatedEbitda": 775000000}, {"date": "2019-12-31", "symbol": "MPC", "reportedCurrency": "USD", "cik": "0001510295", "fillingDate": "2020-02-28", "acceptedDate": "2020-02-28 16:23:56", "calendarYear": "2019", "period": "FY", "revenue": 111275000000, "costOfRevenue": 99228000000, "grossProfit": 12047000000, "grossProfitRatio": 0.1082633116, "researchAndDevelopmentExpenses": 0, "generalAndAdministrativeExpenses": 0, "sellingAndMarketingExpenses": 0, "sellingGeneralAndAdministrativeExpenses": 3196000000, "otherExpenses": 4427000000, "operatingExpenses": 7623000000, "costAndExpenses": 106851000000, "interestIncome": 40000000, "interestExpense": -1191000000, "depreciationAndAmortization": 3225000000, "ebitda": 8290000000, "ebitdaratio": 0.0745001123, "operatingIncome": 5065000000, "operatingIncomeRatio": 0.0455178612, "totalOtherIncomeExpensesNet": -1832000000, "incomeBeforeTax": 3233000000, "incomeBeforeTaxRatio": 0.0290541451, "incomeTaxExpense": 784000000, "netIncome": 1830000000, "netIncomeRatio": 0.0164457425, "eps": 2.78, "epsdiluted": 2.76, "weightedAverageShsOut": 659000000, "weightedAverageShsOutDil": 664000000, "link": "https://www.sec.gov/Archives/edgar/data/1510295/000151029520000006/0001510295-20-000006-index.htm", "finalLink": "https://www.sec.gov/Archives/edgar/data/1510295/000151029520000006/mpc-20191231x10k.htm", "calculatedOtherExpenses": 3786000000, "calculatedOperatingExpenses": 6982000000, "calculatedNetInterest": 1231000000, "calculatedOtherIncome": -3063000000, "calculatedIncomeNonControlling": 619000000, "calculatedEbitda": 8290000000}, {"date": "2018-12-31", "symbol": "MPC", "reportedCurrency": "USD", "cik": "0001510295", "fillingDate": "2019-02-28", "acceptedDate": "2019-02-28 14:17:56", "calendarYear": "2018", "period": "FY", "revenue": 86284000000, "costOfRevenue": 77047000000, "grossProfit": 9237000000, "grossProfitRatio": 0.1070534514, "researchAndDevelopmentExpenses": 0, "generalAndAdministrativeExpenses": 2418000000, "sellingAndMarketingExpenses": -333000000, "sellingGeneralAndAdministrativeExpenses": 2085000000, "otherExpenses": 2597000000, "operatingExpenses": 4682000000, "costAndExpenses": 81729000000, "interestIncome": 87000000, "interestExpense": -858000000, "depreciationAndAmortization": 2170000000, "ebitda": 6746000000, "ebitdaratio": 0.0781836725, "operatingIncome": 4576000000, "operatingIncomeRatio": 0.0530341662, "totalOtherIncomeExpensesNet": -879000000, "incomeBeforeTax": 3697000000, "incomeBeforeTaxRatio": 0.0428468778, "incomeTaxExpense": 764000000, "netIncome": 2106000000, "netIncomeRatio": 0.0244077697, "eps": 4.07, "epsdiluted": 4, "weightedAverageShsOut": 518000000, "weightedAverageShsOutDil": 526000000, "link": "https://www.sec.gov/Archives/edgar/data/1510295/000151029519000014/0001510295-19-000014-index.htm", "finalLink": "https://www.sec.gov/Archives/edgar/data/1510295/000151029519000014/mpc-20181231x10k.htm", "calculatedOtherExpenses": 2576000000, "calculatedOperatingExpenses": 4661000000, "calculatedNetInterest": 945000000, "calculatedOtherIncome": -1824000000, "calculatedIncomeNonControlling": 827000000, "calculatedEbitda": 6746000000}, {"date": "2017-12-31", "symbol": "MPC", "reportedCurrency": "USD", "cik": "0001510295", "fillingDate": "2018-02-28", "acceptedDate": "2018-02-28 15:37:13", "calendarYear": "2017", "period": "FY", "revenue": 75053000000, "costOfRevenue": 67089000000, "grossProfit": 7964000000, "grossProfitRatio": 0.1061116811, "researchAndDevelopmentExpenses": 0, "generalAndAdministrativeExpenses": 1743000000, "sellingAndMarketingExpenses": 0, "sellingGeneralAndAdministrativeExpenses": 1743000000, "otherExpenses": 2279000000, "operatingExpenses": 4022000000, "costAndExpenses": 71111000000, "interestIncome": 27000000, "interestExpense": -598000000, "depreciationAndAmortization": 2114000000, "ebitda": 5767000000, "ebitdaratio": 0.0768390337, "operatingIncome": 3653000000, "operatingIncomeRatio": 0.0486722716, "totalOtherIncomeExpensesNet": -309000000, "incomeBeforeTax": 3344000000, "incomeBeforeTaxRatio": 0.044555181, "incomeTaxExpense": 460000000, "netIncome": 3432000000, "netIncomeRatio": 0.0457276858, "eps": 6.77, "epsdiluted": 6.7, "weightedAverageShsOut": 511940298, "weightedAverageShsOutDil": 512000000, "link": "https://www.sec.gov/Archives/edgar/data/1510295/000151029518000024/0001510295-18-000024-index.htm", "finalLink": "https://www.sec.gov/Archives/edgar/data/1510295/000151029518000024/mpc-20171231x10k.htm", "calculatedOtherExpenses": 2568000000, "calculatedOperatingExpenses": 4311000000, "calculatedNetInterest": 625000000, "calculatedOtherIncome": -934000000, "calculatedIncomeNonControlling": -548000000, "calculatedEbitda": 5767000000}, {"date": "2016-12-31", "symbol": "MPC", "reportedCurrency": "USD", "cik": "0001510295", "fillingDate": "2017-02-24", "acceptedDate": "2017-02-24 14:17:13", "calendarYear": "2016", "period": "FY", "revenue": 63517000000, "costOfRevenue": 56815000000, "grossProfit": 6702000000, "grossProfitRatio": 0.105515059, "researchAndDevelopmentExpenses": 0, "generalAndAdministrativeExpenses": 1605000000, "sellingAndMarketingExpenses": 0, "sellingGeneralAndAdministrativeExpenses": 1605000000, "otherExpenses": 2743000000, "operatingExpenses": 4348000000, "costAndExpenses": 61163000000, "interestIncome": 6000000, "interestExpense": -532000000, "depreciationAndAmortization": 2001000000, "ebitda": 4662000000, "ebitdaratio": 0.0733976731, "operatingIncome": 2661000000, "operatingIncomeRatio": 0.041894296, "totalOtherIncomeExpensesNet": -839000000, "incomeBeforeTax": 1822000000, "incomeBeforeTaxRatio": 0.0286852339, "incomeTaxExpense": 609000000, "netIncome": 1174000000, "netIncomeRatio": 0.0184832407, "eps": 2.22, "epsdiluted": 2.21, "weightedAverageShsOut": 530000000, "weightedAverageShsOutDil": 530769230, "link": "https://www.sec.gov/Archives/edgar/data/1510295/000151029517000017/0001510295-17-000017-index.htm", "finalLink": "https://www.sec.gov/Archives/edgar/data/1510295/000151029517000017/mpc-20161231x10k.htm", "calculatedOtherExpenses": 2436000000, "calculatedOperatingExpenses": 4041000000, "calculatedNetInterest": 538000000, "calculatedOtherIncome": -1377000000, "calculatedIncomeNonControlling": 39000000, "calculatedEbitda": 4662000000}, {"date": "2015-12-31", "symbol": "MPC", "reportedCurrency": "USD", "cik": "0001510295", "fillingDate": "2016-02-26", "acceptedDate": "2016-02-26 14:59:20", "calendarYear": "2015", "period": "FY", "revenue": 64471000000, "costOfRevenue": 56261000000, "grossProfit": 8210000000, "grossProfitRatio": 0.1273440772, "researchAndDevelopmentExpenses": 0, "generalAndAdministrativeExpenses": 1576000000, "sellingAndMarketingExpenses": -30000000, "sellingGeneralAndAdministrativeExpenses": 1546000000, "otherExpenses": 2008000000, "operatingExpenses": 3554000000, "costAndExpenses": 59815000000, "interestIncome": 6000000, "interestExpense": -282000000, "depreciationAndAmortization": 1502000000, "ebitda": 6273000000, "ebitdaratio": 0.097299561, "operatingIncome": 4771000000, "operatingIncomeRatio": 0.0740022646, "totalOtherIncomeExpensesNet": -397000000, "incomeBeforeTax": 4374000000, "incomeBeforeTaxRatio": 0.0678444572, "incomeTaxExpense": 1506000000, "netIncome": 2852000000, "netIncomeRatio": 0.0442369437, "eps": 5.29, "epsdiluted": 5.26, "weightedAverageShsOut": 541444866, "weightedAverageShsOutDil": 542000000, "link": "https://www.sec.gov/Archives/edgar/data/1510295/000151029516000078/0001510295-16-000078-index.htm", "finalLink": "https://www.sec.gov/Archives/edgar/data/1510295/000151029516000078/mpc-20151231x10k.htm", "calculatedOtherExpenses": 1893000000, "calculatedOperatingExpenses": 3439000000, "calculatedNetInterest": 288000000, "calculatedOtherIncome": -685000000, "calculatedIncomeNonControlling": 16000000, "calculatedEbitda": 6273000000}, {"date": "2014-12-31", "symbol": "MPC", "reportedCurrency": "USD", "cik": "0001510295", "fillingDate": "2015-02-27", "acceptedDate": "2015-02-27 13:44:04", "calendarYear": "2014", "period": "FY", "revenue": 91254000000, "costOfRevenue": 84275000000, "grossProfit": 6979000000, "grossProfitRatio": 0.0764788393, "researchAndDevelopmentExpenses": 0, "generalAndAdministrativeExpenses": 1375000000, "sellingAndMarketingExpenses": -14000000, "sellingGeneralAndAdministrativeExpenses": 1361000000, "otherExpenses": 1588000000, "operatingExpenses": 2949000000, "costAndExpenses": 87224000000, "interestIncome": 7000000, "interestExpense": -195000000, "depreciationAndAmortization": 1326000000, "ebitda": 5228000000, "ebitdaratio": 0.0572906393, "operatingIncome": 3902000000, "operatingIncomeRatio": 0.0427597694, "totalOtherIncomeExpensesNet": -67000000, "incomeBeforeTax": 3835000000, "incomeBeforeTaxRatio": 0.042025555, "incomeTaxExpense": 1280000000, "netIncome": 2524000000, "netIncomeRatio": 0.0276590615, "eps": 4.42, "epsdiluted": 4.39, "weightedAverageShsOut": 574000000, "weightedAverageShsOutDil": 574031890, "link": "https://www.sec.gov/Archives/edgar/data/1510295/000151029515000007/0001510295-15-000007-index.htm", "finalLink": "https://www.sec.gov/Archives/edgar/data/1510295/000151029515000007/mpc-20141231x10k.htm", "calculatedOtherExpenses": 1716000000, "calculatedOperatingExpenses": 3077000000, "calculatedNetInterest": 202000000, "calculatedOtherIncome": -269000000, "calculatedIncomeNonControlling": 31000000, "calculatedEbitda": 5228000000}, {"date": "2013-12-31", "symbol": "MPC", "reportedCurrency": "USD", "cik": "0001510295", "fillingDate": "2014-02-28", "acceptedDate": "2014-02-28 14:59:24", "calendarYear": "2013", "period": "FY", "revenue": 93949000000, "costOfRevenue": 87758000000, "grossProfit": 6191000000, "grossProfitRatio": 0.065897455, "researchAndDevelopmentExpenses": 0, "generalAndAdministrativeExpenses": 1248000000, "sellingAndMarketingExpenses": 0, "sellingGeneralAndAdministrativeExpenses": 1248000000, "otherExpenses": 1539000000, "operatingExpenses": 2787000000, "costAndExpenses": 90545000000, "interestIncome": 9000000, "interestExpense": -158000000, "depreciationAndAmortization": 1212000000, "ebitda": 4603000000, "ebitdaratio": 0.0489946673, "operatingIncome": 3391000000, "operatingIncomeRatio": 0.036094051, "totalOtherIncomeExpensesNet": -145000000, "incomeBeforeTax": 3246000000, "incomeBeforeTaxRatio": 0.0345506605, "incomeTaxExpense": 1113000000, "netIncome": 2112000000, "netIncomeRatio": 0.0224802819, "eps": 3.35, "epsdiluted": 3.32, "weightedAverageShsOut": 634000000, "weightedAverageShsOutDil": 634939759, "link": "https://www.sec.gov/Archives/edgar/data/1510295/000151029514000004/0001510295-14-000004-index.htm", "finalLink": "https://www.sec.gov/Archives/edgar/data/1510295/000151029514000004/mpc-20131231x10k.htm", "calculatedOtherExpenses": 1552000000, "calculatedOperatingExpenses": 2800000000, "calculatedNetInterest": 167000000, "calculatedOtherIncome": -312000000, "calculatedIncomeNonControlling": 21000000, "calculatedEbitda": 4603000000}, {"date": "2012-12-31", "symbol": "MPC", "reportedCurrency": "USD", "cik": "0001510295", "fillingDate": "2013-02-28", "acceptedDate": "2013-02-28 17:04:19", "calendarYear": "2012", "period": "FY", "revenue": 76568000000, "costOfRevenue": 68948000000, "grossProfit": 7620000000, "grossProfitRatio": 0.0995193815, "researchAndDevelopmentExpenses": 0, "generalAndAdministrativeExpenses": 1223000000, "sellingAndMarketingExpenses": 0, "sellingGeneralAndAdministrativeExpenses": 1223000000, "otherExpenses": 1087000000, "operatingExpenses": 2310000000, "costAndExpenses": 71258000000, "interestIncome": 6000000, "interestExpense": -72000000, "depreciationAndAmortization": 995000000, "ebitda": 6127000000, "ebitdaratio": 0.080020374, "operatingIncome": 5132000000, "operatingIncomeRatio": 0.0670253892, "totalOtherIncomeExpensesNet": 106000000, "incomeBeforeTax": 5238000000, "incomeBeforeTaxRatio": 0.0684097795, "incomeTaxExpense": 1845000000, "netIncome": 3389000000, "netIncomeRatio": 0.0442613102, "eps": 4.97, "epsdiluted": 4.95, "weightedAverageShsOut": 684000000, "weightedAverageShsOutDil": 684125379, "link": "https://www.sec.gov/Archives/edgar/data/1510295/000119312513084698/0001193125-13-084698-index.htm", "finalLink": "https://www.sec.gov/Archives/edgar/data/1510295/000119312513084698/d445389d10k.htm", "calculatedOtherExpenses": 1265000000, "calculatedOperatingExpenses": 2488000000, "calculatedNetInterest": 78000000, "calculatedOtherIncome": 28000000, "calculatedIncomeNonControlling": 4000000, "calculatedEbitda": 6127000000}, {"date": "2011-12-31", "symbol": "MPC", "reportedCurrency": "USD", "cik": "0001510295", "fillingDate": "2012-02-29", "acceptedDate": "2012-02-29 15:01:51", "calendarYear": "2011", "period": "FY", "revenue": 78709000000, "costOfRevenue": 72778000000, "grossProfit": 5931000000, "grossProfitRatio": 0.0753535174, "researchAndDevelopmentExpenses": 0, "generalAndAdministrativeExpenses": 1106000000, "sellingAndMarketingExpenses": 0, "sellingGeneralAndAdministrativeExpenses": 1106000000, "otherExpenses": 1130000000, "operatingExpenses": 2236000000, "costAndExpenses": 75014000000, "interestIncome": 0, "interestExpense": 61000000, "depreciationAndAmortization": 891000000, "ebitda": 4636000000, "ebitdaratio": 0.0589005069, "operatingIncome": 3745000000, "operatingIncomeRatio": 0.0475803275, "totalOtherIncomeExpensesNet": 85000000, "incomeBeforeTax": 3719000000, "incomeBeforeTaxRatio": 0.0472499968, "incomeTaxExpense": 1330000000, "netIncome": 2389000000, "netIncomeRatio": 0.0303523104, "eps": 3.35, "epsdiluted": 3.34, "weightedAverageShsOut": 712000000, "weightedAverageShsOutDil": 714000000, "link": "https://www.sec.gov/Archives/edgar/data/1510295/000119312512088690/0001193125-12-088690-index.htm", "finalLink": "https://www.sec.gov/Archives/edgar/data/1510295/000119312512088690/d260652d10k.htm", "calculatedOtherExpenses": 1080000000, "calculatedOperatingExpenses": 2186000000, "calculatedNetInterest": -61000000, "calculatedOtherIncome": 35000000, "calculatedIncomeNonControlling": 0, "calculatedEbitda": 4636000000}, {"date": "2010-12-31", "symbol": "MPC", "reportedCurrency": "USD", "cik": "0001510295", "fillingDate": "2010-12-31", "acceptedDate": "2010-12-30 19:00:00", "calendarYear": "2010", "period": "FY", "revenue": 62605000000, "costOfRevenue": 54278000000, "grossProfit": 8327000000, "grossProfitRatio": 0.1330085456, "researchAndDevelopmentExpenses": 0, "generalAndAdministrativeExpenses": 0, "sellingAndMarketingExpenses": 0, "sellingGeneralAndAdministrativeExpenses": 920000000, "otherExpenses": 2108000000, "operatingExpenses": 2108000000, "costAndExpenses": 56386000000, "interestIncome": 2000000, "interestExpense": 7000000, "depreciationAndAmortization": 941000000, "ebitda": 1954000000, "ebitdaratio": 0.0312115646, "operatingIncome": 1011000000, "operatingIncomeRatio": 0.0161488699, "totalOtherIncomeExpensesNet": 87000000, "incomeBeforeTax": 1023000000, "incomeBeforeTaxRatio": 0.0163405479, "incomeTaxExpense": 400000000, "netIncome": 623000000, "netIncomeRatio": 0.0099512818, "eps": 0.87, "epsdiluted": 0.87, "weightedAverageShsOut": 712000000, "weightedAverageShsOutDil": 716000000, "link": "", "finalLink": "", "calculatedOtherExpenses": 6396000000, "calculatedOperatingExpenses": 7316000000, "calculatedNetInterest": -5000000, "calculatedOtherIncome": 17000000, "calculatedIncomeNonControlling": 0, "calculatedEbitda": 1952000000}, {"date": "2009-12-31", "symbol": "MPC", "reportedCurrency": "USD", "cik": "0001510295", "fillingDate": "2009-12-31", "acceptedDate": "2009-12-30 19:00:00", "calendarYear": "2009", "period": "FY", "revenue": 45639000000, "costOfRevenue": 38320000000, "grossProfit": 7319000000, "grossProfitRatio": 0.1603672298, "researchAndDevelopmentExpenses": 0, "generalAndAdministrativeExpenses": 0, "sellingAndMarketingExpenses": 0, "sellingGeneralAndAdministrativeExpenses": 842000000, "otherExpenses": 1741000000, "operatingExpenses": 1741000000, "costAndExpenses": 40061000000, "interestIncome": 3000000, "interestExpense": 8000000, "depreciationAndAmortization": 670000000, "ebitda": 1327000000, "ebitdaratio": 0.0290760096, "operatingIncome": 654000000, "operatingIncomeRatio": 0.0143298495, "totalOtherIncomeExpensesNet": 66000000, "incomeBeforeTax": 685000000, "incomeBeforeTaxRatio": 0.0150090931, "incomeTaxExpense": 236000000, "netIncome": 449000000, "netIncomeRatio": 0.0098380771, "eps": 0.63, "epsdiluted": 0.63, "weightedAverageShsOut": 712000000, "weightedAverageShsOutDil": 716000000, "link": "", "finalLink": "", "calculatedOtherExpenses": 5823000000, "calculatedOperatingExpenses": 6665000000, "calculatedNetInterest": -5000000, "calculatedOtherIncome": 36000000, "calculatedIncomeNonControlling": 0, "calculatedEbitda": 1324000000}, {"date": "2008-12-31", "symbol": "MPC", "reportedCurrency": "USD", "cik": "0001510295", "fillingDate": "2008-12-31", "acceptedDate": "2008-12-30 19:00:00", "calendarYear": "2008", "period": "FY", "revenue": 65258000000, "costOfRevenue": 56527000000, "grossProfit": 8731000000, "grossProfitRatio": 0.1337920255, "researchAndDevelopmentExpenses": 0, "generalAndAdministrativeExpenses": 0, "sellingAndMarketingExpenses": 0, "sellingGeneralAndAdministrativeExpenses": 961000000, "otherExpenses": 1811000000, "operatingExpenses": 1811000000, "costAndExpenses": 58338000000, "interestIncome": 6000000, "interestExpense": 8000000, "depreciationAndAmortization": 606000000, "ebitda": 2467000000, "ebitdaratio": 0.0378037942, "operatingIncome": 1855000000, "operatingIncomeRatio": 0.0284256336, "totalOtherIncomeExpensesNet": 153000000, "incomeBeforeTax": 1885000000, "incomeBeforeTaxRatio": 0.0288853474, "incomeTaxExpense": 670000000, "netIncome": 1215000000, "netIncomeRatio": 0.0186184069, "eps": 1.71, "epsdiluted": 1.7, "weightedAverageShsOut": 712000000, "weightedAverageShsOutDil": 716000000, "link": "", "finalLink": "", "calculatedOtherExpenses": 5915000000, "calculatedOperatingExpenses": 6876000000, "calculatedNetInterest": -2000000, "calculatedOtherIncome": 32000000, "calculatedIncomeNonControlling": 0, "calculatedEbitda": 2461000000}]}