{"originalCurrency": "USD", "convertedCurrency": "USD", "report": [{"date": "2023-12-31", "symbol": "MPLX", "reportedCurrency": "USD", "cik": "0001552000", "fillingDate": "2024-02-28", "acceptedDate": "2024-02-28 14:35:11", "calendarYear": "2023", "period": "FY", "revenue": 10692000000, "costOfRevenue": 5860000000, "grossProfit": 4832000000, "grossProfitRatio": 0.4519266741, "researchAndDevelopmentExpenses": 0, "generalAndAdministrativeExpenses": 379000000, "sellingAndMarketingExpenses": -9000000, "sellingGeneralAndAdministrativeExpenses": 370000000, "otherExpenses": -131000000, "operatingExpenses": 501000000, "costAndExpenses": 6361000000, "interestIncome": 0, "interestExpense": 938000000, "depreciationAndAmortization": 1213000000, "ebitda": 5544000000, "ebitdaratio": 0.5185185185, "operatingIncome": 4331000000, "operatingIncomeRatio": 0.4050692106, "totalOtherIncomeExpensesNet": -354000000, "incomeBeforeTax": 3977000000, "incomeBeforeTaxRatio": 0.3719603442, "incomeTaxExpense": 11000000, "netIncome": 3928000000, "netIncomeRatio": 0.3673774785, "eps": 3.83, "epsdiluted": 3.82, "weightedAverageShsOut": 1001000000, "weightedAverageShsOutDil": 1002000000, "link": "https://www.sec.gov/Archives/edgar/data/1552000/000155200024000007/0001552000-24-000007-index.htm", "finalLink": "https://www.sec.gov/Archives/edgar/data/1552000/000155200024000007/mplx-20231231.htm", "calculatedOtherExpenses": 131000000, "calculatedOperatingExpenses": 501000000, "calculatedNetInterest": -938000000, "calculatedOtherIncome": 584000000, "calculatedIncomeNonControlling": 38000000, "calculatedEbitda": 5544000000}, {"date": "2022-12-31", "symbol": "MPLX", "reportedCurrency": "USD", "cik": "0001552000", "fillingDate": "2023-02-23", "acceptedDate": "2023-02-23 13:35:25", "calendarYear": "2022", "period": "FY", "revenue": 10541000000, "costOfRevenue": 6252000000, "grossProfit": 4289000000, "grossProfitRatio": 0.4068873921, "researchAndDevelopmentExpenses": 0, "generalAndAdministrativeExpenses": 335000000, "sellingAndMarketingExpenses": 0, "sellingGeneralAndAdministrativeExpenses": 335000000, "otherExpenses": -481000000, "operatingExpenses": -146000000, "costAndExpenses": 6106000000, "interestIncome": 848000000, "interestExpense": 925000000, "depreciationAndAmortization": 1230000000, "ebitda": 4911000000, "ebitdaratio": 0.4658950764, "operatingIncome": 3681000000, "operatingIncomeRatio": 0.349207855, "totalOtherIncomeExpensesNet": 305000000, "incomeBeforeTax": 3986000000, "incomeBeforeTaxRatio": 0.3781424912, "incomeTaxExpense": 8000000, "netIncome": 3944000000, "netIncomeRatio": 0.3741580495, "eps": 3.75, "epsdiluted": 3.75, "weightedAverageShsOut": 1010000000, "weightedAverageShsOutDil": 1010000000, "link": "https://www.sec.gov/Archives/edgar/data/1552000/000155200023000008/0001552000-23-000008-index.htm", "finalLink": "https://www.sec.gov/Archives/edgar/data/1552000/000155200023000008/mplx-20221231.htm", "calculatedOtherExpenses": 273000000, "calculatedOperatingExpenses": 608000000, "calculatedNetInterest": -77000000, "calculatedOtherIncome": 382000000, "calculatedIncomeNonControlling": 34000000, "calculatedEbitda": 4911000000}, {"date": "2021-12-31", "symbol": "MPLX", "reportedCurrency": "USD", "cik": "0001552000", "fillingDate": "2022-02-24", "acceptedDate": "2022-02-24 13:10:28", "calendarYear": "2021", "period": "FY", "revenue": 9575000000, "costOfRevenue": 5520000000, "grossProfit": 4055000000, "grossProfitRatio": 0.4234986945, "researchAndDevelopmentExpenses": 0, "generalAndAdministrativeExpenses": 353000000, "sellingAndMarketingExpenses": 0, "sellingGeneralAndAdministrativeExpenses": 353000000, "otherExpenses": -11000000, "operatingExpenses": 342000000, "costAndExpenses": 5862000000, "interestIncome": 793000000, "interestExpense": 879000000, "depreciationAndAmortization": 1287000000, "ebitda": 4034000000, "ebitdaratio": 0.421305483, "operatingIncome": 2747000000, "operatingIncomeRatio": 0.2868929504, "totalOtherIncomeExpensesNet": 366000000, "incomeBeforeTax": 3113000000, "incomeBeforeTaxRatio": 0.3251174935, "incomeTaxExpense": 1000000, "netIncome": 3077000000, "netIncomeRatio": 0.3213577023, "eps": 2.86, "epsdiluted": 2.86, "weightedAverageShsOut": 1027000000, "weightedAverageShsOutDil": 1027000000, "link": "https://www.sec.gov/Archives/edgar/data/1552000/000155200022000007/0001552000-22-000007-index.htm", "finalLink": "https://www.sec.gov/Archives/edgar/data/1552000/000155200022000007/mplx-20211231.htm", "calculatedOtherExpenses": 955000000, "calculatedOperatingExpenses": 1308000000, "calculatedNetInterest": -86000000, "calculatedOtherIncome": 452000000, "calculatedIncomeNonControlling": 35000000, "calculatedEbitda": 4034000000}, {"date": "2020-12-31", "symbol": "MPLX", "reportedCurrency": "USD", "cik": "0001552000", "fillingDate": "2021-02-26", "acceptedDate": "2021-02-26 08:27:39", "calendarYear": "2020", "period": "FY", "revenue": 8246000000, "costOfRevenue": 4653000000, "grossProfit": 3593000000, "grossProfitRatio": 0.4357264128, "researchAndDevelopmentExpenses": 0, "generalAndAdministrativeExpenses": 378000000, "sellingAndMarketingExpenses": 0, "sellingGeneralAndAdministrativeExpenses": 378000000, "otherExpenses": -134000000, "operatingExpenses": 244000000, "costAndExpenses": 4897000000, "interestIncome": 834000000, "interestExpense": 896000000, "depreciationAndAmortization": 1377000000, "ebitda": 2413000000, "ebitdaratio": 0.2926267281, "operatingIncome": 1036000000, "operatingIncomeRatio": 0.1256366723, "totalOtherIncomeExpensesNet": -1721000000, "incomeBeforeTax": -685000000, "incomeBeforeTaxRatio": -0.0830705797, "incomeTaxExpense": 2000000, "netIncome": -687000000, "netIncomeRatio": -0.0833131215, "eps": -0.65, "epsdiluted": -0.65, "weightedAverageShsOut": 1051000000, "weightedAverageShsOutDil": 1051000000, "link": "https://www.sec.gov/Archives/edgar/data/1552000/000155200021000017/0001552000-21-000017-index.htm", "finalLink": "https://www.sec.gov/Archives/edgar/data/1552000/000155200021000017/mplx-20201231.htm", "calculatedOtherExpenses": 2179000000, "calculatedOperatingExpenses": 2557000000, "calculatedNetInterest": -62000000, "calculatedOtherIncome": -1659000000, "calculatedIncomeNonControlling": 0, "calculatedEbitda": 2413000000}, {"date": "2019-12-31", "symbol": "MPLX", "reportedCurrency": "USD", "cik": "0001552000", "fillingDate": "2020-02-28", "acceptedDate": "2020-02-28 16:34:45", "calendarYear": "2019", "period": "FY", "revenue": 8625000000, "costOfRevenue": 4966000000, "grossProfit": 3659000000, "grossProfitRatio": 0.4242318841, "researchAndDevelopmentExpenses": 0, "generalAndAdministrativeExpenses": 388000000, "sellingAndMarketingExpenses": 0, "sellingGeneralAndAdministrativeExpenses": 388000000, "otherExpenses": -13000000, "operatingExpenses": 375000000, "costAndExpenses": 5341000000, "interestIncome": 862000000, "interestExpense": 915000000, "depreciationAndAmortization": 1197000000, "ebitda": 3574000000, "ebitdaratio": 0.4143768116, "operatingIncome": 2377000000, "operatingIncomeRatio": 0.2755942029, "totalOtherIncomeExpensesNet": -915000000, "incomeBeforeTax": 1462000000, "incomeBeforeTaxRatio": 0.1695072464, "incomeTaxExpense": 380000000, "netIncome": 1033000000, "netIncomeRatio": 0.1197681159, "eps": 1.03, "epsdiluted": 1.03, "weightedAverageShsOut": 906000000, "weightedAverageShsOutDil": 907000000, "link": "https://www.sec.gov/Archives/edgar/data/1552000/000155200020000007/0001552000-20-000007-index.htm", "finalLink": "https://www.sec.gov/Archives/edgar/data/1552000/000155200020000007/mplx-20191231x10k.htm", "calculatedOtherExpenses": 894000000, "calculatedOperatingExpenses": 1282000000, "calculatedNetInterest": -53000000, "calculatedOtherIncome": -862000000, "calculatedIncomeNonControlling": 49000000, "calculatedEbitda": 3574000000}, {"date": "2018-12-31", "symbol": "MPLX", "reportedCurrency": "USD", "cik": "0001552000", "fillingDate": "2019-02-28", "acceptedDate": "2019-02-28 14:23:30", "calendarYear": "2018", "period": "FY", "revenue": 6079000000, "costOfRevenue": 3559000000, "grossProfit": 2520000000, "grossProfitRatio": 0.4145418654, "researchAndDevelopmentExpenses": 0, "generalAndAdministrativeExpenses": 291000000, "sellingAndMarketingExpenses": 0, "sellingGeneralAndAdministrativeExpenses": 291000000, "otherExpenses": -34000000, "operatingExpenses": 257000000, "costAndExpenses": 3816000000, "interestIncome": 0, "interestExpense": 661000000, "depreciationAndAmortization": 766000000, "ebitda": 2503000000, "ebitdaratio": 0.4117453529, "operatingIncome": 2503000000, "operatingIncomeRatio": 0.4117453529, "totalOtherIncomeExpensesNet": 240000000, "incomeBeforeTax": 1842000000, "incomeBeforeTaxRatio": 0.3030103635, "incomeTaxExpense": 8000000, "netIncome": 1818000000, "netIncomeRatio": 0.2990623458, "eps": 2.39, "epsdiluted": 2.39, "weightedAverageShsOut": 761000000, "weightedAverageShsOutDil": 761000000, "link": "https://www.sec.gov/Archives/edgar/data/1552000/000155200019000006/0001552000-19-000006-index.htm", "finalLink": "https://www.sec.gov/Archives/edgar/data/1552000/000155200019000006/mplx-20181231x10k.htm", "calculatedOtherExpenses": -274000000, "calculatedOperatingExpenses": 17000000, "calculatedNetInterest": -661000000, "calculatedOtherIncome": 0, "calculatedIncomeNonControlling": 16000000, "calculatedEbitda": 3269000000}, {"date": "2017-12-31", "symbol": "MPLX", "reportedCurrency": "USD", "cik": "0001552000", "fillingDate": "2018-02-28", "acceptedDate": "2018-02-28 15:43:09", "calendarYear": "2017", "period": "FY", "revenue": 3691000000, "costOfRevenue": 2381000000, "grossProfit": 1310000000, "grossProfitRatio": 0.3549173666, "researchAndDevelopmentExpenses": 0, "generalAndAdministrativeExpenses": 241000000, "sellingAndMarketingExpenses": 0, "sellingGeneralAndAdministrativeExpenses": 241000000, "otherExpenses": -44000000, "operatingExpenses": 197000000, "costAndExpenses": 2578000000, "interestIncome": -2000000, "interestExpense": 354000000, "depreciationAndAmortization": 683000000, "ebitda": 1191000000, "ebitdaratio": 0.3226767814, "operatingIncome": 1191000000, "operatingIncomeRatio": 0.3226767814, "totalOtherIncomeExpensesNet": 78000000, "incomeBeforeTax": 837000000, "incomeBeforeTaxRatio": 0.2267678136, "incomeTaxExpense": 1000000, "netIncome": 794000000, "netIncomeRatio": 0.2151178542, "eps": 1.07, "epsdiluted": 1.06, "weightedAverageShsOut": 385000000, "weightedAverageShsOutDil": 388000000, "link": "https://www.sec.gov/Archives/edgar/data/1552000/000155200018000020/0001552000-18-000020-index.htm", "finalLink": "https://www.sec.gov/Archives/edgar/data/1552000/000155200018000020/mplx-20171231x10k.htm", "calculatedOtherExpenses": -122000000, "calculatedOperatingExpenses": 119000000, "calculatedNetInterest": -356000000, "calculatedOtherIncome": 2000000, "calculatedIncomeNonControlling": 42000000, "calculatedEbitda": 1874000000}, {"date": "2016-12-31", "symbol": "MPLX", "reportedCurrency": "USD", "cik": "0001552000", "fillingDate": "2017-02-24", "acceptedDate": "2017-02-24 14:23:44", "calendarYear": "2016", "period": "FY", "revenue": 2556000000, "costOfRevenue": 1717000000, "grossProfit": 839000000, "grossProfitRatio": 0.3282472613, "researchAndDevelopmentExpenses": 0, "generalAndAdministrativeExpenses": 193000000, "sellingAndMarketingExpenses": 0, "sellingGeneralAndAdministrativeExpenses": 193000000, "otherExpenses": -64000000, "operatingExpenses": 129000000, "costAndExpenses": 1846000000, "interestIncome": 0, "interestExpense": 211000000, "depreciationAndAmortization": 546000000, "ebitda": 586000000, "ebitdaratio": 0.2292644757, "operatingIncome": 507000000, "operatingIncomeRatio": 0.1983568075, "totalOtherIncomeExpensesNet": -203000000, "incomeBeforeTax": 246000000, "incomeBeforeTaxRatio": 0.0962441315, "incomeTaxExpense": -12000000, "netIncome": 233000000, "netIncomeRatio": 0.0911580595, "eps": 0.003, "epsdiluted": 0.003, "weightedAverageShsOut": 331000000, "weightedAverageShsOutDil": 338000000, "link": "https://www.sec.gov/Archives/edgar/data/1552000/000155200017000012/0001552000-17-000012-index.htm", "finalLink": "https://www.sec.gov/Archives/edgar/data/1552000/000155200017000012/mplx-20161231x10k.htm", "calculatedOtherExpenses": 139000000, "calculatedOperatingExpenses": 332000000, "calculatedNetInterest": -211000000, "calculatedOtherIncome": -50000000, "calculatedIncomeNonControlling": 25000000, "calculatedEbitda": 1053000000}, {"date": "2015-12-31", "symbol": "MPLX", "reportedCurrency": "USD", "cik": "0001552000", "fillingDate": "2016-02-26", "acceptedDate": "2016-02-26 15:03:41", "calendarYear": "2015", "period": "FY", "revenue": 668000000, "costOfRevenue": 383000000, "grossProfit": 285000000, "grossProfitRatio": 0.4266467066, "researchAndDevelopmentExpenses": 0, "generalAndAdministrativeExpenses": 104000000, "sellingAndMarketingExpenses": 0, "sellingGeneralAndAdministrativeExpenses": 104000000, "otherExpenses": -25000000, "operatingExpenses": 79000000, "costAndExpenses": 462000000, "interestIncome": 0, "interestExpense": 35000000, "depreciationAndAmortization": 89000000, "ebitda": 194000000, "ebitdaratio": 0.2904191617, "operatingIncome": 206000000, "operatingIncomeRatio": 0.3083832335, "totalOtherIncomeExpensesNet": -47000000, "incomeBeforeTax": 159000000, "incomeBeforeTaxRatio": 0.2380239521, "incomeTaxExpense": 2000000, "netIncome": 156000000, "netIncomeRatio": 0.2335329341, "eps": 1.02, "epsdiluted": 1.01, "weightedAverageShsOut": 97000000, "weightedAverageShsOutDil": 98000000, "link": "https://www.sec.gov/Archives/edgar/data/1552000/000155200016000136/0001552000-16-000136-index.htm", "finalLink": "https://www.sec.gov/Archives/edgar/data/1552000/000155200016000136/mplx-20151231x10k.htm", "calculatedOtherExpenses": -25000000, "calculatedOperatingExpenses": 79000000, "calculatedNetInterest": -35000000, "calculatedOtherIncome": -12000000, "calculatedIncomeNonControlling": 1000000, "calculatedEbitda": 295000000}, {"date": "2014-12-31", "symbol": "MPLX", "reportedCurrency": "USD", "cik": "0001552000", "fillingDate": "2015-02-27", "acceptedDate": "2015-02-27 13:49:16", "calendarYear": "2014", "period": "FY", "revenue": 520100000, "costOfRevenue": 293000000, "grossProfit": 227100000, "grossProfitRatio": 0.4366467987, "researchAndDevelopmentExpenses": 0, "generalAndAdministrativeExpenses": 64800000, "sellingAndMarketingExpenses": 0, "sellingGeneralAndAdministrativeExpenses": 64800000, "otherExpenses": -21000000, "operatingExpenses": 43800000, "costAndExpenses": 336800000, "interestIncome": 0, "interestExpense": 4100000, "depreciationAndAmortization": 50200000, "ebitda": 183300000, "ebitdaratio": 0.3524322246, "operatingIncome": 183300000, "operatingIncomeRatio": 0.3524322246, "totalOtherIncomeExpensesNet": -5300000, "incomeBeforeTax": 178000000, "incomeBeforeTaxRatio": 0.3422418766, "incomeTaxExpense": -100000, "netIncome": 121300000, "netIncomeRatio": 0.2332243799, "eps": 1.55, "epsdiluted": 1.55, "weightedAverageShsOut": 74000002, "weightedAverageShsOutDil": 74400000, "link": "https://www.sec.gov/Archives/edgar/data/1552000/000155200015000006/0001552000-15-000006-index.htm", "finalLink": "https://www.sec.gov/Archives/edgar/data/1552000/000155200015000006/mplx-20141231x10k.htm", "calculatedOtherExpenses": -21000000, "calculatedOperatingExpenses": 43800000, "calculatedNetInterest": -4100000, "calculatedOtherIncome": -1200000, "calculatedIncomeNonControlling": 56800000, "calculatedEbitda": 233500000}, {"date": "2013-12-31", "symbol": "MPLX", "reportedCurrency": "USD", "cik": "0001552000", "fillingDate": "2014-02-28", "acceptedDate": "2014-02-28 15:56:22", "calendarYear": "2013", "period": "FY", "revenue": 463100000, "costOfRevenue": 279400000, "grossProfit": 183700000, "grossProfitRatio": 0.3966745843, "researchAndDevelopmentExpenses": 0, "generalAndAdministrativeExpenses": 53700000, "sellingAndMarketingExpenses": 0, "sellingGeneralAndAdministrativeExpenses": 53700000, "otherExpenses": -17000000, "operatingExpenses": 36700000, "costAndExpenses": 316100000, "interestIncome": 300000, "interestExpense": 200000, "depreciationAndAmortization": 48900000, "ebitda": 147000000, "ebitdaratio": 0.3174260419, "operatingIncome": 147000000, "operatingIncomeRatio": 0.3174260419, "totalOtherIncomeExpensesNet": -1100000, "incomeBeforeTax": 145900000, "incomeBeforeTaxRatio": 0.315050745, "incomeTaxExpense": -200000, "netIncome": 77900000, "netIncomeRatio": 0.1682142086, "eps": 1.05, "epsdiluted": 1.05, "weightedAverageShsOut": 74000000, "weightedAverageShsOutDil": 74000000, "link": "https://www.sec.gov/Archives/edgar/data/1552000/000155200014000004/0001552000-14-000004-index.htm", "finalLink": "https://www.sec.gov/Archives/edgar/data/1552000/000155200014000004/mplx-20131231x10k.htm", "calculatedOtherExpenses": -17000000, "calculatedOperatingExpenses": 36700000, "calculatedNetInterest": 100000, "calculatedOtherIncome": -1200000, "calculatedIncomeNonControlling": 68200000, "calculatedEbitda": 195900000}, {"date": "2012-12-31", "symbol": "MPLX", "reportedCurrency": "USD", "cik": "0001552000", "fillingDate": "2013-03-25", "acceptedDate": "2013-03-25 17:09:08", "calendarYear": "2012", "period": "FY", "revenue": 442200000, "costOfRevenue": 257600000, "grossProfit": 184600000, "grossProfitRatio": 0.4174581637, "researchAndDevelopmentExpenses": 0, "generalAndAdministrativeExpenses": 49800000, "sellingAndMarketingExpenses": 0, "sellingGeneralAndAdministrativeExpenses": 49800000, "otherExpenses": -8700000, "operatingExpenses": 41100000, "costAndExpenses": 298700000, "interestIncome": 1300000, "interestExpense": 200000, "depreciationAndAmortization": 39400000, "ebitda": 184200000, "ebitdaratio": 0.4165535957, "operatingIncome": 143200000, "operatingIncomeRatio": 0.3238353686, "totalOtherIncomeExpensesNet": -300000, "incomeBeforeTax": 144300000, "incomeBeforeTaxRatio": 0.3263229308, "incomeTaxExpense": 300000, "netIncome": 13100000, "netIncomeRatio": 0.0296246043, "eps": 0.17, "epsdiluted": 0.17, "weightedAverageShsOut": 74000000, "weightedAverageShsOutDil": 74000000, "link": "https://www.sec.gov/Archives/edgar/data/1552000/000119312513124428/0001193125-13-124428-index.htm", "finalLink": "https://www.sec.gov/Archives/edgar/data/1552000/000119312513124428/d453381d10k.htm", "calculatedOtherExpenses": -8400000, "calculatedOperatingExpenses": 41400000, "calculatedNetInterest": 1100000, "calculatedOtherIncome": 0, "calculatedIncomeNonControlling": 130900000, "calculatedEbitda": 182600000}, {"date": "2011-12-31", "symbol": "MPLX", "reportedCurrency": "USD", "cik": "0001552000", "fillingDate": "2011-12-31", "acceptedDate": "2011-12-30 19:00:00", "calendarYear": "2011", "period": "FY", "revenue": 410600000, "costOfRevenue": 162900000, "grossProfit": 247700000, "grossProfitRatio": 0.6032635168, "researchAndDevelopmentExpenses": 0, "generalAndAdministrativeExpenses": 0, "sellingAndMarketingExpenses": 0, "sellingGeneralAndAdministrativeExpenses": 67500000, "otherExpenses": 115700000, "operatingExpenses": 115700000, "costAndExpenses": 278600000, "interestIncome": 2300000, "interestExpense": 200000, "depreciationAndAmortization": 36300000, "ebitda": 170600000, "ebitdaratio": 0.4154895275, "operatingIncome": 132000000, "operatingIncomeRatio": 0.3214807599, "totalOtherIncomeExpensesNet": 2100000, "incomeBeforeTax": 134100000, "incomeBeforeTaxRatio": 0.3265952265, "incomeTaxExpense": 100000, "netIncome": 134000000, "netIncomeRatio": 0.3263516805, "eps": 3.63, "epsdiluted": 3.63, "weightedAverageShsOut": 36951515, "weightedAverageShsOutDil": 36951515, "link": "", "finalLink": "", "calculatedOtherExpenses": 48200000, "calculatedOperatingExpenses": 115700000, "calculatedNetInterest": 2100000, "calculatedOtherIncome": 0, "calculatedIncomeNonControlling": 0, "calculatedEbitda": 168300000}, {"date": "2010-12-31", "symbol": "MPLX", "reportedCurrency": "USD", "cik": "0001552000", "fillingDate": "2010-12-31", "acceptedDate": "2010-12-30 19:00:00", "calendarYear": "2010", "period": "FY", "revenue": 395900000, "costOfRevenue": 259700000, "grossProfit": 136200000, "grossProfitRatio": 0.3440262693, "researchAndDevelopmentExpenses": 0, "generalAndAdministrativeExpenses": 30300000, "sellingAndMarketingExpenses": 0, "sellingGeneralAndAdministrativeExpenses": 30300000, "otherExpenses": 2500000, "operatingExpenses": 32800000, "costAndExpenses": 292500000, "interestIncome": 200000, "interestExpense": 0, "depreciationAndAmortization": 52600000, "ebitda": 156200000, "ebitdaratio": 0.3945440768, "operatingIncome": 103400000, "operatingIncomeRatio": 0.2611770649, "totalOtherIncomeExpensesNet": 200000, "incomeBeforeTax": 103600000, "incomeBeforeTaxRatio": 0.261682243, "incomeTaxExpense": 300000, "netIncome": 103300000, "netIncomeRatio": 0.2609244759, "eps": 2.8, "epsdiluted": 2.8, "weightedAverageShsOut": 36951515, "weightedAverageShsOutDil": 36951515, "link": "", "finalLink": "", "calculatedOtherExpenses": 2500000, "calculatedOperatingExpenses": 32800000, "calculatedNetInterest": 200000, "calculatedOtherIncome": 0, "calculatedIncomeNonControlling": 0, "calculatedEbitda": 156000000}]}