{"originalCurrency": "USD", "convertedCurrency": "USD", "report": [{"date": "2023-12-31", "symbol": "MPW", "reportedCurrency": "USD", "cik": "0001287865", "fillingDate": "2024-02-29", "acceptedDate": "2024-02-29 17:08:06", "calendarYear": "2023", "period": "FY", "revenue": 871799000, "costOfRevenue": 41567000, "grossProfit": 830232000, "grossProfitRatio": 0.9523204317, "researchAndDevelopmentExpenses": 0, "generalAndAdministrativeExpenses": 145588000, "sellingAndMarketingExpenses": 0, "sellingGeneralAndAdministrativeExpenses": 145588000, "otherExpenses": 603360000, "operatingExpenses": 748948000, "costAndExpenses": 790515000, "interestIncome": 0, "interestExpense": 0, "depreciationAndAmortization": 616127000, "ebitda": -534843000, "ebitdaratio": -0.6134934773, "operatingIncome": 81284000, "operatingIncomeRatio": 0.0932370879, "totalOtherIncomeExpensesNet": -357169000, "incomeBeforeTax": -686771000, "incomeBeforeTaxRatio": -0.787763005, "incomeTaxExpense": -130679000, "netIncome": -556476000, "netIncomeRatio": -0.6383076833, "eps": -0.93, "epsdiluted": -0.93, "weightedAverageShsOut": 598518000, "weightedAverageShsOutDil": 598518000, "link": "https://www.sec.gov/Archives/edgar/data/1287865/000095017024023248/0000950170-24-023248-index.htm", "finalLink": "https://www.sec.gov/Archives/edgar/data/1287865/000095017024023248/mpw-20231231.htm", "calculatedOtherExpenses": 603360000, "calculatedOperatingExpenses": 748948000, "calculatedNetInterest": 0, "calculatedOtherIncome": -768055000, "calculatedIncomeNonControlling": 384000, "calculatedEbitda": 697411000}, {"date": "2022-12-31", "symbol": "MPW", "reportedCurrency": "USD", "cik": "0001287865", "fillingDate": "2023-03-01", "acceptedDate": "2023-03-01 16:36:52", "calendarYear": "2022", "period": "FY", "revenue": 1542851000, "costOfRevenue": 45697000, "grossProfit": 1497154000, "grossProfitRatio": 0.9703814561, "researchAndDevelopmentExpenses": 0, "generalAndAdministrativeExpenses": 160494000, "sellingAndMarketingExpenses": 0, "sellingGeneralAndAdministrativeExpenses": 160494000, "otherExpenses": 332977000, "operatingExpenses": 493471000, "costAndExpenses": 539168000, "interestIncome": 0, "interestExpense": 0, "depreciationAndAmortization": 345577000, "ebitda": 658106000, "ebitdaratio": 0.4265518835, "operatingIncome": 1003683000, "operatingIncomeRatio": 0.6505378679, "totalOtherIncomeExpensesNet": 324524000, "incomeBeforeTax": 959719000, "incomeBeforeTaxRatio": 0.6220425692, "incomeTaxExpense": 55900000, "netIncome": 902597000, "netIncomeRatio": 0.5850189033, "eps": 1.5, "epsdiluted": 1.5, "weightedAverageShsOut": 598634000, "weightedAverageShsOutDil": 598837000, "link": "https://www.sec.gov/Archives/edgar/data/1287865/000095017023005575/0000950170-23-005575-index.htm", "finalLink": "https://www.sec.gov/Archives/edgar/data/1287865/000095017023005575/mpw-20221231.htm", "calculatedOtherExpenses": 332977000, "calculatedOperatingExpenses": 493471000, "calculatedNetInterest": 0, "calculatedOtherIncome": -43964000, "calculatedIncomeNonControlling": 1222000, "calculatedEbitda": 1349260000}, {"date": "2021-12-31", "symbol": "MPW", "reportedCurrency": "USD", "cik": "0001287865", "fillingDate": "2022-03-01", "acceptedDate": "2022-03-01 17:11:12", "calendarYear": "2021", "period": "FY", "revenue": 1544669000, "costOfRevenue": 39098000, "grossProfit": 1505571000, "grossProfitRatio": 0.9746884284, "researchAndDevelopmentExpenses": 0, "generalAndAdministrativeExpenses": 145638000, "sellingAndMarketingExpenses": 0, "sellingGeneralAndAdministrativeExpenses": 145638000, "otherExpenses": 321249000, "operatingExpenses": 466887000, "costAndExpenses": 505985000, "interestIncome": 0, "interestExpense": 0, "depreciationAndAmortization": 333781000, "ebitda": 704903000, "ebitdaratio": 0.4563456637, "operatingIncome": 1038684000, "operatingIncomeRatio": 0.67243144, "totalOtherIncomeExpensesNet": 87247000, "incomeBeforeTax": 730888000, "incomeBeforeTaxRatio": 0.4731680379, "incomeTaxExpense": 73948000, "netIncome": 656021000, "netIncomeRatio": 0.424700049, "eps": 1.11, "epsdiluted": 1.11, "weightedAverageShsOut": 588817000, "weightedAverageShsOutDil": 590139000, "link": "https://www.sec.gov/Archives/edgar/data/1287865/000156459022008100/0001564590-22-008100-index.htm", "finalLink": "https://www.sec.gov/Archives/edgar/data/1287865/000156459022008100/mpw-10k_20211231.htm", "calculatedOtherExpenses": 321249000, "calculatedOperatingExpenses": 466887000, "calculatedNetInterest": 0, "calculatedOtherIncome": -307796000, "calculatedIncomeNonControlling": 919000, "calculatedEbitda": 1372465000}, {"date": "2020-12-31", "symbol": "MPW", "reportedCurrency": "USD", "cik": "0001287865", "fillingDate": "2021-03-01", "acceptedDate": "2021-03-01 16:40:40", "calendarYear": "2020", "period": "FY", "revenue": 1249238000, "costOfRevenue": 24890000, "grossProfit": 1224348000, "grossProfitRatio": 0.9800758542, "researchAndDevelopmentExpenses": 0, "generalAndAdministrativeExpenses": 131663000, "sellingAndMarketingExpenses": 0, "sellingGeneralAndAdministrativeExpenses": 131663000, "otherExpenses": 264245000, "operatingExpenses": 395908000, "costAndExpenses": 420798000, "interestIncome": 0, "interestExpense": 0, "depreciationAndAmortization": 275953000, "ebitda": 552487000, "ebitdaratio": 0.4422592012, "operatingIncome": 828440000, "operatingIncomeRatio": 0.6631562601, "totalOtherIncomeExpensesNet": -8204000, "incomeBeforeTax": 463328000, "incomeBeforeTaxRatio": 0.3708884936, "incomeTaxExpense": 31056000, "netIncome": 431450000, "netIncomeRatio": 0.3453705379, "eps": 0.81, "epsdiluted": 0.81, "weightedAverageShsOut": 529239000, "weightedAverageShsOutDil": 530461000, "link": "https://www.sec.gov/Archives/edgar/data/1287865/000156459021009901/0001564590-21-009901-index.htm", "finalLink": "https://www.sec.gov/Archives/edgar/data/1287865/000156459021009901/mpw-10k_20201231.htm", "calculatedOtherExpenses": 264245000, "calculatedOperatingExpenses": 395908000, "calculatedNetInterest": 0, "calculatedOtherIncome": -365112000, "calculatedIncomeNonControlling": 822000, "calculatedEbitda": 1104393000}, {"date": "2019-12-31", "symbol": "MPW", "reportedCurrency": "USD", "cik": "0001287865", "fillingDate": "2020-02-27", "acceptedDate": "2020-02-26 21:07:18", "calendarYear": "2019", "period": "FY", "revenue": 854197000, "costOfRevenue": 23992000, "grossProfit": 830205000, "grossProfitRatio": 0.9719128023, "researchAndDevelopmentExpenses": 0, "generalAndAdministrativeExpenses": 96411000, "sellingAndMarketingExpenses": 0, "sellingGeneralAndAdministrativeExpenses": 96411000, "otherExpenses": 152313000, "operatingExpenses": 248724000, "costAndExpenses": 272716000, "interestIncome": 0, "interestExpense": 237830000, "depreciationAndAmortization": 152313000, "ebitda": 429168000, "ebitdaratio": 0.5024227432, "operatingIncome": 581481000, "operatingIncomeRatio": 0.6807340695, "totalOtherIncomeExpensesNet": 36235000, "incomeBeforeTax": 373780000, "incomeBeforeTaxRatio": 0.4375805581, "incomeTaxExpense": -2621000, "netIncome": 374684000, "netIncomeRatio": 0.438638862, "eps": 0.87, "epsdiluted": 0.87, "weightedAverageShsOut": 427075000, "weightedAverageShsOutDil": 428299000, "link": "https://www.sec.gov/Archives/edgar/data/1287865/000156459020006950/0001564590-20-006950-index.htm", "finalLink": "https://www.sec.gov/Archives/edgar/data/1287865/000156459020006950/mpw-10k_20191231.htm", "calculatedOtherExpenses": 152313000, "calculatedOperatingExpenses": 248724000, "calculatedNetInterest": -237830000, "calculatedOtherIncome": 30129000, "calculatedIncomeNonControlling": 1717000, "calculatedEbitda": 733794000}, {"date": "2018-12-31", "symbol": "MPW", "reportedCurrency": "USD", "cik": "0001287865", "fillingDate": "2019-03-01", "acceptedDate": "2019-03-01 17:24:50", "calendarYear": "2018", "period": "FY", "revenue": 784522000, "costOfRevenue": 9237000, "grossProfit": 775285000, "grossProfitRatio": 0.9882259516, "researchAndDevelopmentExpenses": 0, "generalAndAdministrativeExpenses": 80086000, "sellingAndMarketingExpenses": 0, "sellingGeneralAndAdministrativeExpenses": 80086000, "otherExpenses": 133083000, "operatingExpenses": 213169000, "costAndExpenses": 222406000, "interestIncome": 0, "interestExpense": 223274000, "depreciationAndAmortization": 133083000, "ebitda": 429033000, "ebitdaratio": 0.5468718532, "operatingIncome": 562116000, "operatingIncomeRatio": 0.7165076314, "totalOtherIncomeExpensesNet": 680562000, "incomeBeforeTax": 1019404000, "incomeBeforeTaxRatio": 1.2993950456, "incomeTaxExpense": 927000, "netIncome": 1016685000, "netIncomeRatio": 1.295929241, "eps": 2.78, "epsdiluted": 2.78, "weightedAverageShsOut": 365364000, "weightedAverageShsOutDil": 366271000, "link": "https://www.sec.gov/Archives/edgar/data/1287865/000156459019005843/0001564590-19-005843-index.htm", "finalLink": "https://www.sec.gov/Archives/edgar/data/1287865/000156459019005843/mpw-10k_20181231.htm", "calculatedOtherExpenses": 133083000, "calculatedOperatingExpenses": 213169000, "calculatedNetInterest": -223274000, "calculatedOtherIncome": 680562000, "calculatedIncomeNonControlling": 1792000, "calculatedEbitda": 695199000}, {"date": "2017-12-31", "symbol": "MPW", "reportedCurrency": "USD", "cik": "0001287865", "fillingDate": "2018-03-01", "acceptedDate": "2018-03-01 17:18:01", "calendarYear": "2017", "period": "FY", "revenue": 704745000, "costOfRevenue": 5811000, "grossProfit": 698934000, "grossProfitRatio": 0.9917544644, "researchAndDevelopmentExpenses": 0, "generalAndAdministrativeExpenses": 58599000, "sellingAndMarketingExpenses": 0, "sellingGeneralAndAdministrativeExpenses": 58599000, "otherExpenses": 125106000, "operatingExpenses": 183705000, "costAndExpenses": 189516000, "interestIncome": 0, "interestExpense": 176954000, "depreciationAndAmortization": 125106000, "ebitda": 390123000, "ebitdaratio": 0.5535661835, "operatingIncome": 515229000, "operatingIncomeRatio": 0.7310857119, "totalOtherIncomeExpensesNet": -11782000, "incomeBeforeTax": 293919000, "incomeBeforeTaxRatio": 0.4170572335, "incomeTaxExpense": 2681000, "netIncome": 289793000, "netIncomeRatio": 0.4112026336, "eps": 0.82, "epsdiluted": 0.82, "weightedAverageShsOut": 349902000, "weightedAverageShsOutDil": 350441000, "link": "https://www.sec.gov/Archives/edgar/data/1287865/000119312518067584/0001193125-18-067584-index.htm", "finalLink": "https://www.sec.gov/Archives/edgar/data/1287865/000119312518067584/d506699d10k.htm", "calculatedOtherExpenses": 125106000, "calculatedOperatingExpenses": 183705000, "calculatedNetInterest": -176954000, "calculatedOtherIncome": -44356000, "calculatedIncomeNonControlling": 1445000, "calculatedEbitda": 640335000}, {"date": "2016-12-31", "symbol": "MPW", "reportedCurrency": "USD", "cik": "0001287865", "fillingDate": "2017-03-01", "acceptedDate": "2017-03-01 17:02:09", "calendarYear": "2016", "period": "FY", "revenue": 541137000, "costOfRevenue": 2712000, "grossProfit": 538425000, "grossProfitRatio": 0.9949883301, "researchAndDevelopmentExpenses": 0, "generalAndAdministrativeExpenses": 48911000, "sellingAndMarketingExpenses": 0, "sellingGeneralAndAdministrativeExpenses": 48911000, "otherExpenses": 94374000, "operatingExpenses": 143285000, "costAndExpenses": 145997000, "interestIncome": 0, "interestExpense": 159597000, "depreciationAndAmortization": 94374000, "ebitda": 300766000, "ebitdaratio": 0.5558037983, "operatingIncome": 395140000, "operatingIncomeRatio": 0.7302032572, "totalOtherIncomeExpensesNet": 6104000, "incomeBeforeTax": 219108000, "incomeBeforeTaxRatio": 0.4049030098, "incomeTaxExpense": -6830000, "netIncome": 225048000, "netIncomeRatio": 0.4158798973, "eps": 0.86, "epsdiluted": 0.86, "weightedAverageShsOut": 260414000, "weightedAverageShsOutDil": 261072000, "link": "https://www.sec.gov/Archives/edgar/data/1287865/000119312517065943/0001193125-17-065943-index.htm", "finalLink": "https://www.sec.gov/Archives/edgar/data/1287865/000119312517065943/d295656d10k.htm", "calculatedOtherExpenses": 94374000, "calculatedOperatingExpenses": 143285000, "calculatedNetInterest": -159597000, "calculatedOtherIncome": -16435000, "calculatedIncomeNonControlling": 890000, "calculatedEbitda": 489514000}, {"date": "2015-12-31", "symbol": "MPW", "reportedCurrency": "USD", "cik": "0001287865", "fillingDate": "2016-02-29", "acceptedDate": "2016-02-29 17:16:26", "calendarYear": "2015", "period": "FY", "revenue": 441878000, "costOfRevenue": 3792000, "grossProfit": 438086000, "grossProfitRatio": 0.9914184458, "researchAndDevelopmentExpenses": 0, "generalAndAdministrativeExpenses": 43639000, "sellingAndMarketingExpenses": 0, "sellingGeneralAndAdministrativeExpenses": 43639000, "otherExpenses": 69867000, "operatingExpenses": 113506000, "costAndExpenses": 117298000, "interestIncome": 0, "interestExpense": 120884000, "depreciationAndAmortization": 69867000, "ebitda": 254713000, "ebitdaratio": 0.5764328616, "operatingIncome": 324580000, "operatingIncomeRatio": 0.7345466396, "totalOtherIncomeExpensesNet": -183150000, "incomeBeforeTax": 141430000, "incomeBeforeTaxRatio": 0.3200657195, "incomeTaxExpense": 1503000, "netIncome": 139598000, "netIncomeRatio": 0.3159197788, "eps": 0.64, "epsdiluted": 0.63, "weightedAverageShsOut": 217997000, "weightedAverageShsOutDil": 218304000, "link": "https://www.sec.gov/Archives/edgar/data/1287865/000119312516485612/0001193125-16-485612-index.htm", "finalLink": "https://www.sec.gov/Archives/edgar/data/1287865/000119312516485612/d88578d10k.htm", "calculatedOtherExpenses": 69867000, "calculatedOperatingExpenses": 113506000, "calculatedNetInterest": -120884000, "calculatedOtherIncome": -62266000, "calculatedIncomeNonControlling": 329000, "calculatedEbitda": 394447000}, {"date": "2014-12-31", "symbol": "MPW", "reportedCurrency": "USD", "cik": "0001287865", "fillingDate": "2015-03-02", "acceptedDate": "2015-03-02 17:28:01", "calendarYear": "2014", "period": "FY", "revenue": 312531643, "costOfRevenue": 1850659, "grossProfit": 310680984, "grossProfitRatio": 0.9940784908, "researchAndDevelopmentExpenses": 0, "generalAndAdministrativeExpenses": 37274269, "sellingAndMarketingExpenses": 0, "sellingGeneralAndAdministrativeExpenses": 37274269, "otherExpenses": 53937810, "operatingExpenses": 91212079, "costAndExpenses": 93062738, "interestIncome": 0, "interestExpense": 98156000, "depreciationAndAmortization": 53937810, "ebitda": 165531095, "ebitdaratio": 0.5296458733, "operatingIncome": 219468905, "operatingIncomeRatio": 0.7022293899, "totalOtherIncomeExpensesNet": -168330289, "incomeBeforeTax": 51138616, "incomeBeforeTaxRatio": 0.1636270027, "incomeTaxExpense": 340368, "netIncome": 50522727, "netIncomeRatio": 0.1616563575, "eps": 0.29, "epsdiluted": 0.29, "weightedAverageShsOut": 169998971, "weightedAverageShsOutDil": 170540178, "link": "https://www.sec.gov/Archives/edgar/data/1287865/000119312515073689/0001193125-15-073689-index.htm", "finalLink": "https://www.sec.gov/Archives/edgar/data/1287865/000119312515073689/d825221d10k.htm", "calculatedOtherExpenses": 53937810, "calculatedOperatingExpenses": 91212079, "calculatedNetInterest": -98156000, "calculatedOtherIncome": -70174289, "calculatedIncomeNonControlling": 275521, "calculatedEbitda": 273406715}, {"date": "2013-12-31", "symbol": "MPW", "reportedCurrency": "USD", "cik": "0001287865", "fillingDate": "2014-03-03", "acceptedDate": "2014-03-03 17:30:35", "calendarYear": "2013", "period": "FY", "revenue": 242523563, "costOfRevenue": 2450521, "grossProfit": 240073042, "grossProfitRatio": 0.9898957406, "researchAndDevelopmentExpenses": 0, "generalAndAdministrativeExpenses": 30063409, "sellingAndMarketingExpenses": 0, "sellingGeneralAndAdministrativeExpenses": 30063409, "otherExpenses": 36977724, "operatingExpenses": 67041133, "costAndExpenses": 69491654, "interestIncome": 0, "interestExpense": 66746000, "depreciationAndAmortization": 36977724, "ebitda": 136054185, "ebitdaratio": 0.5609936755, "operatingIncome": 173031909, "operatingIncomeRatio": 0.7134643202, "totalOtherIncomeExpensesNet": -83004659, "incomeBeforeTax": 90027250, "incomeBeforeTaxRatio": 0.3712103224, "incomeTaxExpense": 725707, "netIncome": 96991110, "netIncomeRatio": 0.3999244807, "eps": 0.64, "epsdiluted": 0.63, "weightedAverageShsOut": 151439002, "weightedAverageShsOutDil": 152597666, "link": "https://www.sec.gov/Archives/edgar/data/1287865/000119312514080657/0001193125-14-080657-index.htm", "finalLink": "https://www.sec.gov/Archives/edgar/data/1287865/000119312514080657/d630681d10k.htm", "calculatedOtherExpenses": 36977724, "calculatedOperatingExpenses": 67041133, "calculatedNetInterest": -66746000, "calculatedOtherIncome": -16258659, "calculatedIncomeNonControlling": -7689567, "calculatedEbitda": 210009633}, {"date": "2012-12-31", "symbol": "MPW", "reportedCurrency": "USD", "cik": "0001287865", "fillingDate": "2013-02-22", "acceptedDate": "2013-02-22 16:57:10", "calendarYear": "2012", "period": "FY", "revenue": 201397418, "costOfRevenue": 1495448, "grossProfit": 199901970, "grossProfitRatio": 0.9925746416, "researchAndDevelopmentExpenses": 0, "generalAndAdministrativeExpenses": 28581455, "sellingAndMarketingExpenses": 0, "sellingGeneralAndAdministrativeExpenses": 28581455, "otherExpenses": 33545383, "operatingExpenses": 62126838, "costAndExpenses": 63622286, "interestIncome": 0, "interestExpense": 58243000, "depreciationAndAmortization": 33545383, "ebitda": 104229749, "ebitdaratio": 0.5175326975, "operatingIncome": 137775132, "operatingIncomeRatio": 0.6840958209, "totalOtherIncomeExpensesNet": -62382282, "incomeBeforeTax": 75392850, "incomeBeforeTaxRatio": 0.3743486423, "incomeTaxExpense": 0, "netIncome": 89899695, "netIncomeRatio": 0.4463795807, "eps": 0.67, "epsdiluted": 0.67, "weightedAverageShsOut": 132331091, "weightedAverageShsOutDil": 132333157, "link": "https://www.sec.gov/Archives/edgar/data/1287865/000119312513071643/0001193125-13-071643-index.htm", "finalLink": "https://www.sec.gov/Archives/edgar/data/1287865/000119312513071643/d446455d10k.htm", "calculatedOtherExpenses": 33545383, "calculatedOperatingExpenses": 62126838, "calculatedNetInterest": -58243000, "calculatedOtherIncome": -4139282, "calculatedIncomeNonControlling": -14506845, "calculatedEbitda": 171320515}, {"date": "2011-12-31", "symbol": "MPW", "reportedCurrency": "USD", "cik": "0001287865", "fillingDate": "2012-02-29", "acceptedDate": "2012-02-29 16:44:19", "calendarYear": "2011", "period": "FY", "revenue": 143319000, "costOfRevenue": 1090000, "grossProfit": 142229000, "grossProfitRatio": 0.9923945883, "researchAndDevelopmentExpenses": 0, "generalAndAdministrativeExpenses": 0, "sellingAndMarketingExpenses": 0, "sellingGeneralAndAdministrativeExpenses": 27219000, "otherExpenses": 32901000, "operatingExpenses": 60120000, "costAndExpenses": 61210000, "interestIncome": 96000, "interestExpense": 43812000, "depreciationAndAmortization": 35477000, "ebitda": 46632000, "ebitdaratio": 0.3253720721, "operatingIncome": 82109000, "operatingIncomeRatio": 0.5729107795, "totalOtherIncomeExpensesNet": -18962000, "incomeBeforeTax": 19431000, "incomeBeforeTaxRatio": 0.1355786741, "incomeTaxExpense": 0, "netIncome": 26536000, "netIncomeRatio": 0.1851533991, "eps": 0.23, "epsdiluted": 0.23, "weightedAverageShsOut": 110623000, "weightedAverageShsOutDil": 110629000, "link": "https://www.sec.gov/Archives/edgar/data/1287865/000119312512089355/0001193125-12-089355-index.htm", "finalLink": "https://www.sec.gov/Archives/edgar/data/1287865/000119312512089355/d267169d10k.htm", "calculatedOtherExpenses": 32901000, "calculatedOperatingExpenses": 60120000, "calculatedNetInterest": -43716000, "calculatedOtherIncome": -18962000, "calculatedIncomeNonControlling": -7105000, "calculatedEbitda": 117586000}, {"date": "2010-12-31", "symbol": "MPW", "reportedCurrency": "USD", "cik": "0001287865", "fillingDate": "2011-02-28", "acceptedDate": "2011-02-25 17:45:17", "calendarYear": "2010", "period": "FY", "revenue": 121847270, "costOfRevenue": 4406987, "grossProfit": 117440283, "grossProfitRatio": 0.9638318774, "researchAndDevelopmentExpenses": 0, "generalAndAdministrativeExpenses": 0, "sellingAndMarketingExpenses": 0, "sellingGeneralAndAdministrativeExpenses": 28534961, "otherExpenses": 24485909, "operatingExpenses": 53020870, "costAndExpenses": 57427857, "interestIncome": 1518285, "interestExpense": 33993058, "depreciationAndAmortization": 24485909, "ebitda": 39933504, "ebitdaratio": 0.3277340887, "operatingIncome": 64419413, "operatingIncomeRatio": 0.5286898344, "totalOtherIncomeExpensesNet": -18715638, "incomeBeforeTax": 13228000, "incomeBeforeTaxRatio": 0.1085621368, "incomeTaxExpense": 0, "netIncome": 22913231, "netIncomeRatio": 0.1880487844, "eps": 0.22, "epsdiluted": 0.22, "weightedAverageShsOut": 100706000, "weightedAverageShsOutDil": 100708000, "link": "https://www.sec.gov/Archives/edgar/data/1287865/000095012311018950/0000950123-11-018950-index.htm", "finalLink": "https://www.sec.gov/Archives/edgar/data/1287865/000095012311018950/g25672e10vk.htm", "calculatedOtherExpenses": 24485909, "calculatedOperatingExpenses": 53020870, "calculatedNetInterest": -32474773, "calculatedOtherIncome": -18716640, "calculatedIncomeNonControlling": -9685231, "calculatedEbitda": 88905322}, {"date": "2009-12-31", "symbol": "MPW", "reportedCurrency": "USD", "cik": "0001287865", "fillingDate": "2010-02-12", "acceptedDate": "2010-02-12 16:53:01", "calendarYear": "2009", "period": "FY", "revenue": 129751430, "costOfRevenue": 6113057, "grossProfit": 123638373, "grossProfitRatio": 0.9528863998, "researchAndDevelopmentExpenses": 0, "generalAndAdministrativeExpenses": 0, "sellingAndMarketingExpenses": 0, "sellingGeneralAndAdministrativeExpenses": 21095970, "otherExpenses": 25648042, "operatingExpenses": 46744012, "costAndExpenses": 52857069, "interestIncome": 43021, "interestExpense": 37662501, "depreciationAndAmortization": 25648042, "ebitda": 51246319, "ebitdaratio": 0.3949576432, "operatingIncome": 76894361, "operatingIncomeRatio": 0.5926282354, "totalOtherIncomeExpensesNet": 0, "incomeBeforeTax": 0, "incomeBeforeTaxRatio": 0, "incomeTaxExpense": 0, "netIncome": 36330198, "netIncomeRatio": 0.2799984401, "eps": 0.45, "epsdiluted": 0.45, "weightedAverageShsOut": 78117000, "weightedAverageShsOutDil": 78117000, "link": "https://www.sec.gov/Archives/edgar/data/1287865/000095012310012354/0000950123-10-012354-index.htm", "finalLink": "https://www.sec.gov/Archives/edgar/data/1287865/000095012310012354/g21808e10vk.htm", "calculatedOtherExpenses": 25648042, "calculatedOperatingExpenses": 46744012, "calculatedNetInterest": -37619480, "calculatedOtherIncome": -39274881, "calculatedIncomeNonControlling": -36330198, "calculatedEbitda": 102542403}, {"date": "2008-12-31", "symbol": "MPW", "reportedCurrency": "USD", "cik": "0001287865", "fillingDate": "2009-03-13", "acceptedDate": "2009-03-13 17:28:23", "calendarYear": "2008", "period": "FY", "revenue": 117563237, "costOfRevenue": 0, "grossProfit": 117563000, "grossProfitRatio": 0.9999979841, "researchAndDevelopmentExpenses": 0, "generalAndAdministrativeExpenses": 0, "sellingAndMarketingExpenses": 0, "sellingGeneralAndAdministrativeExpenses": 24198129, "otherExpenses": 25560996, "operatingExpenses": 49759125, "costAndExpenses": 49759125, "interestIncome": 53227, "interestExpense": 40652716, "depreciationAndAmortization": 25560996, "ebitda": 42243116, "ebitdaratio": 0.3593224981, "operatingIncome": 67804112, "operatingIncomeRatio": 0.5767458751, "totalOtherIncomeExpensesNet": 0, "incomeBeforeTax": 0, "incomeBeforeTaxRatio": 0, "incomeTaxExpense": 0, "netIncome": 34486994, "netIncomeRatio": 0.2933484555, "eps": 0.5, "epsdiluted": 0.5, "weightedAverageShsOut": 62027000, "weightedAverageShsOutDil": 62035000, "link": "https://www.sec.gov/Archives/edgar/data/1287865/000095014409002209/0000950144-09-002209-index.htm", "finalLink": "https://www.sec.gov/Archives/edgar/data/1287865/000095014409002209/g17977e10vk.htm", "calculatedOtherExpenses": 25560759, "calculatedOperatingExpenses": 49758888, "calculatedNetInterest": -40599489, "calculatedOtherIncome": -27204623, "calculatedIncomeNonControlling": -34486994, "calculatedEbitda": 93365108}, {"date": "2007-12-31", "symbol": "MPW", "reportedCurrency": "USD", "cik": "0001287865", "fillingDate": "2008-03-14", "acceptedDate": "2008-03-13 21:52:31", "calendarYear": "2007", "period": "FY", "revenue": 96287363, "costOfRevenue": 0, "grossProfit": 0, "grossProfitRatio": 0, "researchAndDevelopmentExpenses": 0, "generalAndAdministrativeExpenses": 15791840, "sellingAndMarketingExpenses": 0, "sellingGeneralAndAdministrativeExpenses": 15791840, "otherExpenses": 12612630, "operatingExpenses": 28404470, "costAndExpenses": 28404470, "interestIncome": 0, "interestExpense": 0, "depreciationAndAmortization": 13172548, "ebitda": 54710345, "ebitdaratio": 0.5681986015, "operatingIncome": 67882893, "operatingIncomeRatio": 0.7050031373, "totalOtherIncomeExpensesNet": 0, "incomeBeforeTax": 0, "incomeBeforeTaxRatio": 0, "incomeTaxExpense": 0, "netIncome": 41239639, "netIncomeRatio": 0.4282975223, "eps": 0.86, "epsdiluted": 0.86, "weightedAverageShsOut": 47717000, "weightedAverageShsOutDil": 47903000, "link": "https://www.sec.gov/Archives/edgar/data/1287865/000095014408001915/0000950144-08-001915-index.htm", "finalLink": "https://www.sec.gov/Archives/edgar/data/1287865/000095014408001915/g12255e10vk.htm", "calculatedOtherExpenses": -83674733, "calculatedOperatingExpenses": -67882893, "calculatedNetInterest": 0, "calculatedOtherIncome": -67882893, "calculatedIncomeNonControlling": -41239639, "calculatedEbitda": 81055441}, {"date": "2006-12-31", "symbol": "MPW", "reportedCurrency": "USD", "cik": "0001287865", "fillingDate": "2007-03-16", "acceptedDate": "2007-03-15 21:58:22", "calendarYear": "2006", "period": "FY", "revenue": 50471432, "costOfRevenue": 0, "grossProfit": 0, "grossProfitRatio": 0, "researchAndDevelopmentExpenses": 0, "generalAndAdministrativeExpenses": 0, "sellingAndMarketingExpenses": 0, "sellingGeneralAndAdministrativeExpenses": 10190850, "otherExpenses": 6704924, "operatingExpenses": 16895774, "costAndExpenses": 16895774, "interestIncome": 0, "interestExpense": 0, "depreciationAndAmortization": 8318303, "ebitda": 25257355, "ebitdaratio": 0.5004287376, "operatingIncome": 33575658, "operatingIncomeRatio": 0.6652408436, "totalOtherIncomeExpensesNet": 0, "incomeBeforeTax": 0, "incomeBeforeTaxRatio": 0, "incomeTaxExpense": 0, "netIncome": 30159698, "netIncomeRatio": 0.5975597839, "eps": 0.76, "epsdiluted": 0.76, "weightedAverageShsOut": 39537877, "weightedAverageShsOutDil": 39701976, "link": "https://www.sec.gov/Archives/edgar/data/1287865/000095014407002280/0000950144-07-002280-index.htm", "finalLink": "https://www.sec.gov/Archives/edgar/data/1287865/000095014407002280/g06021e10vk.htm", "calculatedOtherExpenses": -43766508, "calculatedOperatingExpenses": -33575658, "calculatedNetInterest": 0, "calculatedOtherIncome": -33575658, "calculatedIncomeNonControlling": -30159698, "calculatedEbitda": 41893961}, {"date": "2005-12-31", "symbol": "MPW", "reportedCurrency": "USD", "cik": "0001287865", "fillingDate": "2006-03-31", "acceptedDate": "2006-03-31 13:08:26", "calendarYear": "2005", "period": "FY", "revenue": 31549199, "costOfRevenue": 0, "grossProfit": 0, "grossProfitRatio": 0, "researchAndDevelopmentExpenses": 0, "generalAndAdministrativeExpenses": 0, "sellingAndMarketingExpenses": 0, "sellingGeneralAndAdministrativeExpenses": 8016992, "otherExpenses": 4404361, "operatingExpenses": 12421353, "costAndExpenses": 12421353, "interestIncome": 0, "interestExpense": 0, "depreciationAndAmortization": 4567675, "ebitda": 14560171, "ebitdaratio": 0.4615068357, "operatingIncome": 19127846, "operatingIncomeRatio": 0.6062862642, "totalOtherIncomeExpensesNet": 0, "incomeBeforeTax": 0, "incomeBeforeTaxRatio": 0, "incomeTaxExpense": 0, "netIncome": 19640347, "netIncomeRatio": 0.6225307654, "eps": 0.61, "epsdiluted": 0.61, "weightedAverageShsOut": 32343019, "weightedAverageShsOutDil": 32370089, "link": "https://www.sec.gov/Archives/edgar/data/1287865/000095014406003009/0000950144-06-003009-index.htm", "finalLink": "https://www.sec.gov/Archives/edgar/data/1287865/000095014406003009/g00476e10vk.htm", "calculatedOtherExpenses": -27144838, "calculatedOperatingExpenses": -19127846, "calculatedNetInterest": 0, "calculatedOtherIncome": -19127846, "calculatedIncomeNonControlling": -19640347, "calculatedEbitda": 23695521}, {"date": "2004-12-31", "symbol": "MPW", "reportedCurrency": "USD", "cik": "0001287865", "fillingDate": "2004-12-31", "acceptedDate": "2004-12-30 19:00:00", "calendarYear": "2004", "period": "FY", "revenue": 10893459, "costOfRevenue": 0, "grossProfit": 0, "grossProfitRatio": 0, "researchAndDevelopmentExpenses": 0, "generalAndAdministrativeExpenses": 5057284, "sellingAndMarketingExpenses": 0, "sellingGeneralAndAdministrativeExpenses": 5057284, "otherExpenses": 2157317, "operatingExpenses": 7214601, "costAndExpenses": 7214601, "interestIncome": 0, "interestExpense": 0, "depreciationAndAmortization": 1517530, "ebitda": 2161328, "ebitdaratio": 0.1984060343, "operatingIncome": 3678858, "operatingIncomeRatio": 0.3377125668, "totalOtherIncomeExpensesNet": 0, "incomeBeforeTax": 0, "incomeBeforeTaxRatio": 0, "incomeTaxExpense": 0, "netIncome": 4576349, "netIncomeRatio": 0.420100631, "eps": 0.24, "epsdiluted": 0.24, "weightedAverageShsOut": 17033911, "weightedAverageShsOutDil": 19312634, "link": "", "finalLink": "", "calculatedOtherExpenses": -8736142, "calculatedOperatingExpenses": -3678858, "calculatedNetInterest": 0, "calculatedOtherIncome": -3678858, "calculatedIncomeNonControlling": -4576349, "calculatedEbitda": 5196388}]}