{"originalCurrency": "USD", "convertedCurrency": "USD", "report": [{"date": "2023-12-31", "symbol": "MRNA", "reportedCurrency": "USD", "cik": "0001682852", "fillingDate": "2024-02-23", "acceptedDate": "2024-02-23 16:03:10", "calendarYear": "2023", "period": "FY", "revenue": 6754000000, "costOfRevenue": 4693000000, "grossProfit": 2061000000, "grossProfitRatio": 0.3051525022, "researchAndDevelopmentExpenses": 4845000000, "generalAndAdministrativeExpenses": 1345000000, "sellingAndMarketingExpenses": 204000000, "sellingGeneralAndAdministrativeExpenses": 1549000000, "otherExpenses": -14000000, "operatingExpenses": 6300000000, "costAndExpenses": 10993000000, "interestIncome": 421000000, "interestExpense": 38000000, "depreciationAndAmortization": 621000000, "ebitda": -3211000000, "ebitdaratio": -0.4754219722, "operatingIncome": -4239000000, "operatingIncomeRatio": -0.6276280723, "totalOtherIncomeExpensesNet": -86000000, "incomeBeforeTax": -3942000000, "incomeBeforeTaxRatio": -0.5836541309, "incomeTaxExpense": 772000000, "netIncome": -4714000000, "netIncomeRatio": -0.6979567664, "eps": -12.34, "epsdiluted": -12.34, "weightedAverageShsOut": 382000000, "weightedAverageShsOutDil": 382000000, "link": "https://www.sec.gov/Archives/edgar/data/1682852/000168285224000015/0001682852-24-000015-index.htm", "finalLink": "https://www.sec.gov/Archives/edgar/data/1682852/000168285224000015/mrna-20231231.htm", "calculatedOtherExpenses": -94000000, "calculatedOperatingExpenses": 6300000000, "calculatedNetInterest": 383000000, "calculatedOtherIncome": -86000000, "calculatedIncomeNonControlling": 0, "calculatedEbitda": -3618000000}, {"date": "2022-12-31", "symbol": "MRNA", "reportedCurrency": "USD", "cik": "0001682852", "fillingDate": "2023-02-24", "acceptedDate": "2023-02-24 16:03:35", "calendarYear": "2022", "period": "FY", "revenue": 19263000000, "costOfRevenue": 5416000000, "grossProfit": 13847000000, "grossProfitRatio": 0.7188392255, "researchAndDevelopmentExpenses": 3295000000, "generalAndAdministrativeExpenses": 1011000000, "sellingAndMarketingExpenses": 121000000, "sellingGeneralAndAdministrativeExpenses": 1132000000, "otherExpenses": -45000000, "operatingExpenses": 4427000000, "costAndExpenses": 9843000000, "interestIncome": 200000000, "interestExpense": 29000000, "depreciationAndAmortization": 348000000, "ebitda": 9768000000, "ebitdaratio": 0.5070861237, "operatingIncome": 9420000000, "operatingIncomeRatio": 0.4890204018, "totalOtherIncomeExpensesNet": 155000000, "incomeBeforeTax": 9575000000, "incomeBeforeTaxRatio": 0.4970669158, "incomeTaxExpense": 1213000000, "netIncome": 8362000000, "netIncomeRatio": 0.4340964543, "eps": 21.22, "epsdiluted": 20.1, "weightedAverageShsOut": 394000000, "weightedAverageShsOutDil": 416000000, "link": "https://www.sec.gov/Archives/edgar/data/1682852/000168285223000011/0001682852-23-000011-index.htm", "finalLink": "https://www.sec.gov/Archives/edgar/data/1682852/000168285223000011/mrna-20221231.htm", "calculatedOtherExpenses": 0, "calculatedOperatingExpenses": 4427000000, "calculatedNetInterest": 171000000, "calculatedOtherIncome": -16000000, "calculatedIncomeNonControlling": 0, "calculatedEbitda": 9768000000}, {"date": "2021-12-31", "symbol": "MRNA", "reportedCurrency": "USD", "cik": "0001682852", "fillingDate": "2022-02-25", "acceptedDate": "2022-02-25 08:07:15", "calendarYear": "2021", "period": "FY", "revenue": 17736000000, "costOfRevenue": 2617000000, "grossProfit": 15119000000, "grossProfitRatio": 0.8524470005, "researchAndDevelopmentExpenses": 1991000000, "generalAndAdministrativeExpenses": 0, "sellingAndMarketingExpenses": 0, "sellingGeneralAndAdministrativeExpenses": 567000000, "otherExpenses": -735000000, "operatingExpenses": 1823000000, "costAndExpenses": 4440000000, "interestIncome": 18000000, "interestExpense": 18000000, "depreciationAndAmortization": 232000000, "ebitda": 13296000000, "ebitdaratio": 0.749661705, "operatingIncome": 13296000000, "operatingIncomeRatio": 0.749661705, "totalOtherIncomeExpensesNet": -11000000, "incomeBeforeTax": 13285000000, "incomeBeforeTaxRatio": 0.7490414975, "incomeTaxExpense": 1083000000, "netIncome": 12202000000, "netIncomeRatio": 0.6879792512, "eps": 30.28, "epsdiluted": 28.31, "weightedAverageShsOut": 403000000, "weightedAverageShsOutDil": 431000000, "link": "https://www.sec.gov/Archives/edgar/data/1682852/000168285222000012/0001682852-22-000012-index.htm", "finalLink": "https://www.sec.gov/Archives/edgar/data/1682852/000168285222000012/mrna-20211231.htm", "calculatedOtherExpenses": -735000000, "calculatedOperatingExpenses": 1823000000, "calculatedNetInterest": 0, "calculatedOtherIncome": -11000000, "calculatedIncomeNonControlling": 0, "calculatedEbitda": 13528000000}, {"date": "2020-12-31", "symbol": "MRNA", "reportedCurrency": "USD", "cik": "0001682852", "fillingDate": "2021-02-26", "acceptedDate": "2021-02-26 16:30:28", "calendarYear": "2020", "period": "FY", "revenue": 274490000, "costOfRevenue": 7933000, "grossProfit": 266557000, "grossProfitRatio": 0.9710991293, "researchAndDevelopmentExpenses": 1370339000, "generalAndAdministrativeExpenses": 0, "sellingAndMarketingExpenses": 0, "sellingGeneralAndAdministrativeExpenses": 188267000, "otherExpenses": -528905000, "operatingExpenses": 1029701000, "costAndExpenses": 1037634000, "interestIncome": 24715000, "interestExpense": 9886000, "depreciationAndAmortization": 31251000, "ebitda": -763144000, "ebitdaratio": -2.7802251448, "operatingIncome": -763144000, "operatingIncomeRatio": -2.7802251448, "totalOtherIncomeExpensesNet": 18631000, "incomeBeforeTax": -744513000, "incomeBeforeTaxRatio": -2.7123501767, "incomeTaxExpense": 2551000, "netIncome": -747064000, "netIncomeRatio": -2.7216437757, "eps": -1.96, "epsdiluted": -1.96, "weightedAverageShsOut": 381333059, "weightedAverageShsOutDil": 381333059, "link": "https://www.sec.gov/Archives/edgar/data/1682852/000168285221000006/0001682852-21-000006-index.htm", "finalLink": "https://www.sec.gov/Archives/edgar/data/1682852/000168285221000006/mrna-20201231.htm", "calculatedOtherExpenses": -528905000, "calculatedOperatingExpenses": 1029701000, "calculatedNetInterest": 14829000, "calculatedOtherIncome": 3802000, "calculatedIncomeNonControlling": 0, "calculatedEbitda": -731893000}, {"date": "2019-12-31", "symbol": "MRNA", "reportedCurrency": "USD", "cik": "0001682852", "fillingDate": "2020-02-27", "acceptedDate": "2020-02-27 16:33:58", "calendarYear": "2019", "period": "FY", "revenue": 48036000, "costOfRevenue": 31021000, "grossProfit": 17015000, "grossProfitRatio": 0.3542135065, "researchAndDevelopmentExpenses": 496309000, "generalAndAdministrativeExpenses": 109620000, "sellingAndMarketingExpenses": 0, "sellingGeneralAndAdministrativeExpenses": 109620000, "otherExpenses": -12173000, "operatingExpenses": 593756000, "costAndExpenses": 593756000, "interestIncome": 38530000, "interestExpense": 6612000, "depreciationAndAmortization": 31021000, "ebitda": -545720000, "ebitdaratio": -11.360646182, "operatingIncome": -545720000, "operatingIncomeRatio": -11.360646182, "totalOtherIncomeExpensesNet": 31004000, "incomeBeforeTax": -514716000, "incomeBeforeTaxRatio": -10.7152135898, "incomeTaxExpense": -695000, "netIncome": -514021000, "netIncomeRatio": -10.7007452744, "eps": -1.55, "epsdiluted": -1.55, "weightedAverageShsOut": 330802136, "weightedAverageShsOutDil": 330802136, "link": "https://www.sec.gov/Archives/edgar/data/1682852/000168285220000006/0001682852-20-000006-index.htm", "finalLink": "https://www.sec.gov/Archives/edgar/data/1682852/000168285220000006/moderna10-k12312019.htm", "calculatedOtherExpenses": -43194000, "calculatedOperatingExpenses": 562735000, "calculatedNetInterest": 31918000, "calculatedOtherIncome": -914000, "calculatedIncomeNonControlling": 0, "calculatedEbitda": -514699000}, {"date": "2018-12-31", "symbol": "MRNA", "reportedCurrency": "USD", "cik": "0001682852", "fillingDate": "2019-03-13", "acceptedDate": "2019-03-13 16:22:39", "calendarYear": "2018", "period": "FY", "revenue": 122512000, "costOfRevenue": 454082000, "grossProfit": -331570000, "grossProfitRatio": -2.706428758, "researchAndDevelopmentExpenses": 454082000, "generalAndAdministrativeExpenses": 94252000, "sellingAndMarketingExpenses": 0, "sellingGeneralAndAdministrativeExpenses": 94252000, "otherExpenses": 1835000, "operatingExpenses": 535778000, "costAndExpenses": 535778000, "interestIncome": 27023000, "interestExpense": 0, "depreciationAndAmortization": 24862000, "ebitda": -413266000, "ebitdaratio": -3.3732695573, "operatingIncome": -413266000, "operatingIncomeRatio": -3.3732695573, "totalOtherIncomeExpensesNet": 1835000, "incomeBeforeTax": -384408000, "incomeBeforeTaxRatio": -3.1377171216, "incomeTaxExpense": 326000, "netIncome": -384734000, "netIncomeRatio": -3.1403780854, "eps": -4.74, "epsdiluted": -4.74, "weightedAverageShsOut": 81114183, "weightedAverageShsOutDil": 81114183, "link": "https://www.sec.gov/Archives/edgar/data/1682852/000168285219000009/0001682852-19-000009-index.htm", "finalLink": "https://www.sec.gov/Archives/edgar/data/1682852/000168285219000009/moderna10-k12312018.htm", "calculatedOtherExpenses": -466638000, "calculatedOperatingExpenses": 81696000, "calculatedNetInterest": 27023000, "calculatedOtherIncome": 1835000, "calculatedIncomeNonControlling": 0, "calculatedEbitda": -388404000}, {"date": "2017-12-31", "symbol": "MRNA", "reportedCurrency": "USD", "cik": "0001682852", "fillingDate": "2017-12-31", "acceptedDate": "2017-12-30 19:00:00", "calendarYear": "2017", "period": "FY", "revenue": 176974000, "costOfRevenue": 0, "grossProfit": 176974000, "grossProfitRatio": 1, "researchAndDevelopmentExpenses": 410459000, "generalAndAdministrativeExpenses": 64722000, "sellingAndMarketingExpenses": 0, "sellingGeneralAndAdministrativeExpenses": 64722000, "otherExpenses": -1875000, "operatingExpenses": 446330000, "costAndExpenses": 446330000, "interestIncome": 15235000, "interestExpense": 0, "depreciationAndAmortization": 20537000, "ebitda": -248819000, "ebitdaratio": -1.4059635879, "operatingIncome": -269356000, "operatingIncomeRatio": -1.5220088827, "totalOtherIncomeExpensesNet": -1875000, "incomeBeforeTax": -255996000, "incomeBeforeTaxRatio": -1.4465175676, "incomeTaxExpense": -80000, "netIncome": -255916000, "netIncomeRatio": -1.4460655237, "eps": -0.68, "epsdiluted": -0.68, "weightedAverageShsOut": 376000000, "weightedAverageShsOutDil": 376000000, "link": "", "finalLink": "", "calculatedOtherExpenses": -28851000, "calculatedOperatingExpenses": 446330000, "calculatedNetInterest": 15235000, "calculatedOtherIncome": -1875000, "calculatedIncomeNonControlling": 0, "calculatedEbitda": -248819000}, {"date": "2016-12-31", "symbol": "MRNA", "reportedCurrency": "USD", "cik": "0001682852", "fillingDate": "2016-12-31", "acceptedDate": "2016-12-30 19:00:00", "calendarYear": "2016", "period": "FY", "revenue": 101536000, "costOfRevenue": 0, "grossProfit": 101536000, "grossProfitRatio": 1, "researchAndDevelopmentExpenses": 274717000, "generalAndAdministrativeExpenses": 57450000, "sellingAndMarketingExpenses": 0, "sellingGeneralAndAdministrativeExpenses": 57450000, "otherExpenses": -2709000, "operatingExpenses": 325307000, "costAndExpenses": 325307000, "interestIncome": 11312000, "interestExpense": 0, "depreciationAndAmortization": 15114000, "ebitda": -208657000, "ebitdaratio": -2.0550051213, "operatingIncome": -223771000, "operatingIncomeRatio": -2.2038587299, "totalOtherIncomeExpensesNet": -2709000, "incomeBeforeTax": -215168000, "incomeBeforeTaxRatio": -2.1191301607, "incomeTaxExpense": 1043000, "netIncome": -216211000, "netIncomeRatio": -2.1294023795, "eps": -0.58, "epsdiluted": -0.58, "weightedAverageShsOut": 376000000, "weightedAverageShsOutDil": 376000000, "link": "", "finalLink": "", "calculatedOtherExpenses": -6860000, "calculatedOperatingExpenses": 325307000, "calculatedNetInterest": 11312000, "calculatedOtherIncome": -2709000, "calculatedIncomeNonControlling": 0, "calculatedEbitda": -208657000}]}