{"originalCurrency": "USD", "convertedCurrency": "USD", "report": [{"date": "2023-12-31", "symbol": "MRO", "reportedCurrency": "USD", "cik": "0000101778", "fillingDate": "2024-02-22", "acceptedDate": "2024-02-22 16:33:31", "calendarYear": "2023", "period": "FY", "revenue": 6407000000, "costOfRevenue": 3728000000, "grossProfit": 2679000000, "grossProfitRatio": 0.4181364133, "researchAndDevelopmentExpenses": 0, "generalAndAdministrativeExpenses": 297000000, "sellingAndMarketingExpenses": 0, "sellingGeneralAndAdministrativeExpenses": 297000000, "otherExpenses": -2000000, "operatingExpenses": 673000000, "costAndExpenses": 4401000000, "interestIncome": 7000000, "interestExpense": 343000000, "depreciationAndAmortization": 2211000000, "ebitda": 4407000000, "ebitdaratio": 0.6878414234, "operatingIncome": 2248000000, "operatingIncomeRatio": 0.35086624, "totalOtherIncomeExpensesNet": 241000000, "incomeBeforeTax": 1911000000, "incomeBeforeTaxRatio": 0.2982675199, "incomeTaxExpense": 357000000, "netIncome": 1554000000, "netIncomeRatio": 0.242547214, "eps": 2.56, "epsdiluted": 2.56, "weightedAverageShsOut": 607000000, "weightedAverageShsOutDil": 608000000, "link": "https://www.sec.gov/Archives/edgar/data/101778/000010177824000023/0000101778-24-000023-index.htm", "finalLink": "https://www.sec.gov/Archives/edgar/data/101778/000010177824000023/mro-20231231.htm", "calculatedOtherExpenses": 134000000, "calculatedOperatingExpenses": 431000000, "calculatedNetInterest": -336000000, "calculatedOtherIncome": -1000000, "calculatedIncomeNonControlling": 0, "calculatedEbitda": 4459000000}, {"date": "2022-12-31", "symbol": "MRO", "reportedCurrency": "USD", "cik": "0000101778", "fillingDate": "2023-02-16", "acceptedDate": "2023-02-16 16:12:52", "calendarYear": "2022", "period": "FY", "revenue": 7540000000, "costOfRevenue": 3176000000, "grossProfit": 4364000000, "grossProfitRatio": 0.5787798408, "researchAndDevelopmentExpenses": 0, "generalAndAdministrativeExpenses": 308000000, "sellingAndMarketingExpenses": 0, "sellingGeneralAndAdministrativeExpenses": 308000000, "otherExpenses": 559000000, "operatingExpenses": 867000000, "costAndExpenses": 4043000000, "interestIncome": 15000000, "interestExpense": 227000000, "depreciationAndAmortization": 1753000000, "ebitda": 3656000000, "ebitdaratio": 0.4848806366, "operatingIncome": 1903000000, "operatingIncomeRatio": 0.2523872679, "totalOtherIncomeExpensesNet": 1876000000, "incomeBeforeTax": 3779000000, "incomeBeforeTaxRatio": 0.501193634, "incomeTaxExpense": 167000000, "netIncome": 3612000000, "netIncomeRatio": 0.4790450928, "eps": 5.27, "epsdiluted": 5.26, "weightedAverageShsOut": 685000000, "weightedAverageShsOutDil": 687000000, "link": "https://www.sec.gov/Archives/edgar/data/101778/000010177823000030/0000101778-23-000030-index.htm", "finalLink": "https://www.sec.gov/Archives/edgar/data/101778/000010177823000030/mro-20221231.htm", "calculatedOtherExpenses": 2153000000, "calculatedOperatingExpenses": 2461000000, "calculatedNetInterest": -212000000, "calculatedOtherIncome": 2088000000, "calculatedIncomeNonControlling": 0, "calculatedEbitda": 3656000000}, {"date": "2021-12-31", "symbol": "MRO", "reportedCurrency": "USD", "cik": "0000101778", "fillingDate": "2022-02-17", "acceptedDate": "2022-02-17 16:18:00", "calendarYear": "2021", "period": "FY", "revenue": 5601000000, "costOfRevenue": 3327000000, "grossProfit": 2274000000, "grossProfitRatio": 0.4059989288, "researchAndDevelopmentExpenses": 0, "generalAndAdministrativeExpenses": 291000000, "sellingAndMarketingExpenses": 0, "sellingGeneralAndAdministrativeExpenses": 291000000, "otherExpenses": 466000000, "operatingExpenses": 757000000, "costAndExpenses": 4084000000, "interestIncome": 1000000, "interestExpense": 257000000, "depreciationAndAmortization": 2066000000, "ebitda": 2100000000, "ebitdaratio": 0.3749330477, "operatingIncome": 34000000, "operatingIncomeRatio": 0.0060703446, "totalOtherIncomeExpensesNet": 970000000, "incomeBeforeTax": 1004000000, "incomeBeforeTaxRatio": 0.1792537047, "incomeTaxExpense": 58000000, "netIncome": 946000000, "netIncomeRatio": 0.168898411, "eps": 1.2, "epsdiluted": 1.2, "weightedAverageShsOut": 787000000, "weightedAverageShsOutDil": 788000000, "link": "https://www.sec.gov/Archives/edgar/data/101778/000010177822000016/0000101778-22-000016-index.htm", "finalLink": "https://www.sec.gov/Archives/edgar/data/101778/000010177822000016/mro-20211231.htm", "calculatedOtherExpenses": 1949000000, "calculatedOperatingExpenses": 2240000000, "calculatedNetInterest": -256000000, "calculatedOtherIncome": 1226000000, "calculatedIncomeNonControlling": 0, "calculatedEbitda": 2100000000}, {"date": "2020-12-31", "symbol": "MRO", "reportedCurrency": "USD", "cik": "0000101778", "fillingDate": "2021-02-23", "acceptedDate": "2021-02-23 16:11:47", "calendarYear": "2020", "period": "FY", "revenue": 3097000000, "costOfRevenue": 3467000000, "grossProfit": -370000000, "grossProfitRatio": -0.1194704553, "researchAndDevelopmentExpenses": 0, "generalAndAdministrativeExpenses": 274000000, "sellingAndMarketingExpenses": 0, "sellingGeneralAndAdministrativeExpenses": 274000000, "otherExpenses": 381000000, "operatingExpenses": 655000000, "costAndExpenses": 4122000000, "interestIncome": 5000000, "interestExpense": 279000000, "depreciationAndAmortization": 202000000, "ebitda": -978000000, "ebitdaratio": -0.3157894737, "operatingIncome": -1180000000, "operatingIncomeRatio": -0.3810138844, "totalOtherIncomeExpensesNet": -285000000, "incomeBeforeTax": -1465000000, "incomeBeforeTaxRatio": -0.4730384243, "incomeTaxExpense": -14000000, "netIncome": -1451000000, "netIncomeRatio": -0.4685179206, "eps": -1.83, "epsdiluted": -1.83, "weightedAverageShsOut": 792000000, "weightedAverageShsOutDil": 792000000, "link": "https://www.sec.gov/Archives/edgar/data/101778/000010177821000018/0000101778-21-000018-index.htm", "finalLink": "https://www.sec.gov/Archives/edgar/data/101778/000010177821000018/mro-20201231.htm", "calculatedOtherExpenses": 536000000, "calculatedOperatingExpenses": 810000000, "calculatedNetInterest": -274000000, "calculatedOtherIncome": -11000000, "calculatedIncomeNonControlling": 0, "calculatedEbitda": -978000000}, {"date": "2019-12-31", "symbol": "MRO", "reportedCurrency": "USD", "cik": "0000101778", "fillingDate": "2020-02-20", "acceptedDate": "2020-02-20 16:42:06", "calendarYear": "2019", "period": "FY", "revenue": 5063000000, "costOfRevenue": 3714000000, "grossProfit": 1349000000, "grossProfitRatio": 0.2664428205, "researchAndDevelopmentExpenses": 0, "generalAndAdministrativeExpenses": 356000000, "sellingAndMarketingExpenses": 0, "sellingGeneralAndAdministrativeExpenses": 356000000, "otherExpenses": 460000000, "operatingExpenses": 816000000, "costAndExpenses": 4530000000, "interestIncome": 25000000, "interestExpense": 280000000, "depreciationAndAmortization": 2397000000, "ebitda": 582000000, "ebitdaratio": 0.1149516097, "operatingIncome": -1815000000, "operatingIncomeRatio": -0.3584831128, "totalOtherIncomeExpensesNet": 2207000000, "incomeBeforeTax": 392000000, "incomeBeforeTaxRatio": 0.0774244519, "incomeTaxExpense": -88000000, "netIncome": 480000000, "netIncomeRatio": 0.0948054513, "eps": 0.59, "epsdiluted": 0.59, "weightedAverageShsOut": 810000000, "weightedAverageShsOutDil": 810000000, "link": "https://www.sec.gov/Archives/edgar/data/101778/000010177820000023/0000101778-20-000023-index.htm", "finalLink": "https://www.sec.gov/Archives/edgar/data/101778/000010177820000023/mro-20191231x10k2019.htm", "calculatedOtherExpenses": 2808000000, "calculatedOperatingExpenses": 3164000000, "calculatedNetInterest": -255000000, "calculatedOtherIncome": 2462000000, "calculatedIncomeNonControlling": 0, "calculatedEbitda": 582000000}, {"date": "2018-12-31", "symbol": "MRO", "reportedCurrency": "USD", "cik": "0000101778", "fillingDate": "2019-02-21", "acceptedDate": "2019-02-21 16:53:44", "calendarYear": "2018", "period": "FY", "revenue": 5902000000, "costOfRevenue": 3858000000, "grossProfit": 2044000000, "grossProfitRatio": 0.3463232802, "researchAndDevelopmentExpenses": 0, "generalAndAdministrativeExpenses": 394000000, "sellingAndMarketingExpenses": 0, "sellingGeneralAndAdministrativeExpenses": 394000000, "otherExpenses": 136000000, "operatingExpenses": 982000000, "costAndExpenses": 4840000000, "interestIncome": 32000000, "interestExpense": 280000000, "depreciationAndAmortization": 2441000000, "ebitda": 832000000, "ebitdaratio": 0.140969163, "operatingIncome": 1667000000, "operatingIncomeRatio": 0.2824466283, "totalOtherIncomeExpensesNet": 591000000, "incomeBeforeTax": 1427000000, "incomeBeforeTaxRatio": 0.2417824466, "incomeTaxExpense": 331000000, "netIncome": 1096000000, "netIncomeRatio": 0.1856997628, "eps": 1.3, "epsdiluted": 1.29, "weightedAverageShsOut": 846000000, "weightedAverageShsOutDil": 847000000, "link": "https://www.sec.gov/Archives/edgar/data/101778/000010177819000022/0000101778-19-000022-index.htm", "finalLink": "https://www.sec.gov/Archives/edgar/data/101778/000010177819000022/mro-20181231x10kq42018.htm", "calculatedOtherExpenses": -17000000, "calculatedOperatingExpenses": 377000000, "calculatedNetInterest": -248000000, "calculatedOtherIncome": 8000000, "calculatedIncomeNonControlling": 0, "calculatedEbitda": 4108000000}, {"date": "2017-12-31", "symbol": "MRO", "reportedCurrency": "USD", "cik": "0000101778", "fillingDate": "2018-02-22", "acceptedDate": "2018-02-22 17:14:17", "calendarYear": "2017", "period": "FY", "revenue": 4373000000, "costOfRevenue": 3677000000, "grossProfit": 696000000, "grossProfitRatio": 0.1591584724, "researchAndDevelopmentExpenses": 0, "generalAndAdministrativeExpenses": 400000000, "sellingAndMarketingExpenses": 162000000, "sellingGeneralAndAdministrativeExpenses": 400000000, "otherExpenses": 78000000, "operatingExpenses": 992000000, "costAndExpenses": 4669000000, "interestIncome": 34000000, "interestExpense": 377000000, "depreciationAndAmortization": 2372000000, "ebitda": -74000000, "ebitdaratio": -0.0169220215, "operatingIncome": -133000000, "operatingIncomeRatio": -0.0304139035, "totalOtherIncomeExpensesNet": 112000000, "incomeBeforeTax": -454000000, "incomeBeforeTaxRatio": -0.1038188886, "incomeTaxExpense": 376000000, "netIncome": -5723000000, "netIncomeRatio": -1.3087125543, "eps": -6.73, "epsdiluted": -6.73, "weightedAverageShsOut": 850000000, "weightedAverageShsOutDil": 850000000, "link": "https://www.sec.gov/Archives/edgar/data/101778/000010177818000026/0000101778-18-000026-index.htm", "finalLink": "https://www.sec.gov/Archives/edgar/data/101778/000010177818000026/mro-20171231x10kq42017.htm", "calculatedOtherExpenses": 429000000, "calculatedOperatingExpenses": 829000000, "calculatedNetInterest": -343000000, "calculatedOtherIncome": 22000000, "calculatedIncomeNonControlling": 4893000000, "calculatedEbitda": 2239000000}, {"date": "2016-12-31", "symbol": "MRO", "reportedCurrency": "USD", "cik": "0000101778", "fillingDate": "2017-02-24", "acceptedDate": "2017-02-24 08:14:39", "calendarYear": "2016", "period": "FY", "revenue": 4031000000, "costOfRevenue": 4501000000, "grossProfit": -470000000, "grossProfitRatio": -0.1165963781, "researchAndDevelopmentExpenses": 0, "generalAndAdministrativeExpenses": 484000000, "sellingAndMarketingExpenses": 278000000, "sellingGeneralAndAdministrativeExpenses": 484000000, "otherExpenses": 55000000, "operatingExpenses": 982000000, "costAndExpenses": 5483000000, "interestIncome": 14000000, "interestExpense": 379000000, "depreciationAndAmortization": 2395000000, "ebitda": -1774000000, "ebitdaratio": -0.4400893079, "operatingIncome": -900000000, "operatingIncomeRatio": -0.2232696601, "totalOtherIncomeExpensesNet": 552000000, "incomeBeforeTax": -1235000000, "incomeBeforeTaxRatio": -0.3063755892, "incomeTaxExpense": 905000000, "netIncome": -2140000000, "netIncomeRatio": -0.5308856363, "eps": -2.61, "epsdiluted": -2.61, "weightedAverageShsOut": 818431372, "weightedAverageShsOutDil": 819000000, "link": "https://www.sec.gov/Archives/edgar/data/101778/000010177817000046/0000101778-17-000046-index.htm", "finalLink": "https://www.sec.gov/Archives/edgar/data/101778/000010177817000046/mro-20161231x10k.htm", "calculatedOtherExpenses": -54000000, "calculatedOperatingExpenses": 430000000, "calculatedNetInterest": -365000000, "calculatedOtherIncome": 30000000, "calculatedIncomeNonControlling": 0, "calculatedEbitda": 1495000000}, {"date": "2015-12-31", "symbol": "MRO", "reportedCurrency": "USD", "cik": "0000101778", "fillingDate": "2016-02-25", "acceptedDate": "2016-02-25 13:48:08", "calendarYear": "2015", "period": "FY", "revenue": 5522000000, "costOfRevenue": 5658000000, "grossProfit": -136000000, "grossProfitRatio": -0.0246287577, "researchAndDevelopmentExpenses": 0, "generalAndAdministrativeExpenses": 590000000, "sellingAndMarketingExpenses": 571000000, "sellingGeneralAndAdministrativeExpenses": 590000000, "otherExpenses": 74000000, "operatingExpenses": 2142000000, "costAndExpenses": 7800000000, "interestIncome": 9000000, "interestExpense": 332000000, "depreciationAndAmortization": 2957000000, "ebitda": -1646000000, "ebitdaratio": -0.2980804057, "operatingIncome": -2691000000, "operatingIncomeRatio": -0.4873234335, "totalOtherIncomeExpensesNet": -413000000, "incomeBeforeTax": -2958000000, "incomeBeforeTaxRatio": -0.5356754799, "incomeTaxExpense": -754000000, "netIncome": -2204000000, "netIncomeRatio": -0.3991307497, "eps": -3.26, "epsdiluted": -3.26, "weightedAverageShsOut": 677000000, "weightedAverageShsOutDil": 677000000, "link": "https://www.sec.gov/Archives/edgar/data/101778/000010177816000047/0000101778-16-000047-index.htm", "finalLink": "https://www.sec.gov/Archives/edgar/data/101778/000010177816000047/mro-20151231x10k.htm", "calculatedOtherExpenses": 1965000000, "calculatedOperatingExpenses": 2555000000, "calculatedNetInterest": -323000000, "calculatedOtherIncome": 56000000, "calculatedIncomeNonControlling": 0, "calculatedEbitda": 266000000}, {"date": "2014-12-31", "symbol": "MRO", "reportedCurrency": "USD", "cik": "0000101778", "fillingDate": "2015-03-02", "acceptedDate": "2015-03-02 09:06:42", "calendarYear": "2014", "period": "FY", "revenue": 10846000000, "costOfRevenue": 7674000000, "grossProfit": 3172000000, "grossProfitRatio": 0.2924580491, "researchAndDevelopmentExpenses": 0, "generalAndAdministrativeExpenses": 654000000, "sellingAndMarketingExpenses": 2110000000, "sellingGeneralAndAdministrativeExpenses": 654000000, "otherExpenses": 78000000, "operatingExpenses": 1853000000, "costAndExpenses": 9527000000, "interestIncome": 7000000, "interestExpense": 277000000, "depreciationAndAmortization": 2861000000, "ebitda": 1541000000, "ebitdaratio": 0.1420800295, "operatingIncome": 1599000000, "operatingIncomeRatio": 0.1474276231, "totalOtherIncomeExpensesNet": 280000000, "incomeBeforeTax": 1361000000, "incomeBeforeTaxRatio": 0.1254840494, "incomeTaxExpense": 392000000, "netIncome": 3046000000, "netIncomeRatio": 0.280840863, "eps": 4.48, "epsdiluted": 4.46, "weightedAverageShsOut": 680000000, "weightedAverageShsOutDil": 683000000, "link": "https://www.sec.gov/Archives/edgar/data/101778/000010177815000007/0000101778-15-000007-index.htm", "finalLink": "https://www.sec.gov/Archives/edgar/data/101778/000010177815000007/mro-20141231x10k.htm", "calculatedOtherExpenses": 919000000, "calculatedOperatingExpenses": 1573000000, "calculatedNetInterest": -270000000, "calculatedOtherIncome": 32000000, "calculatedIncomeNonControlling": -2077000000, "calculatedEbitda": 4460000000}, {"date": "2013-12-31", "symbol": "MRO", "reportedCurrency": "USD", "cik": "0000101778", "fillingDate": "2014-02-28", "acceptedDate": "2014-02-28 08:20:38", "calendarYear": "2013", "period": "FY", "revenue": 14501000000, "costOfRevenue": 7632000000, "grossProfit": 6869000000, "grossProfitRatio": 0.4736914696, "researchAndDevelopmentExpenses": 0, "generalAndAdministrativeExpenses": 687000000, "sellingAndMarketingExpenses": 0, "sellingGeneralAndAdministrativeExpenses": 687000000, "otherExpenses": 64000000, "operatingExpenses": 2027000000, "costAndExpenses": 9659000000, "interestIncome": 6000000, "interestExpense": 286000000, "depreciationAndAmortization": 2790000000, "ebitda": 4967000000, "ebitdaratio": 0.3425281015, "operatingIncome": 5204000000, "operatingIncomeRatio": 0.3588718019, "totalOtherIncomeExpensesNet": 362000000, "incomeBeforeTax": 4930000000, "incomeBeforeTaxRatio": 0.3399765533, "incomeTaxExpense": 3337000000, "netIncome": 1753000000, "netIncomeRatio": 0.1208882146, "eps": 2.49, "epsdiluted": 2.47, "weightedAverageShsOut": 705000000, "weightedAverageShsOutDil": 709000000, "link": "https://www.sec.gov/Archives/edgar/data/101778/000010177814000014/0000101778-14-000014-index.htm", "finalLink": "https://www.sec.gov/Archives/edgar/data/101778/000010177814000014/mro-20131231x10k.htm", "calculatedOtherExpenses": 978000000, "calculatedOperatingExpenses": 1665000000, "calculatedNetInterest": -280000000, "calculatedOtherIncome": 6000000, "calculatedIncomeNonControlling": -160000000, "calculatedEbitda": 7994000000}, {"date": "2012-12-31", "symbol": "MRO", "reportedCurrency": "USD", "cik": "0000101778", "fillingDate": "2013-02-22", "acceptedDate": "2013-02-22 12:40:55", "calendarYear": "2012", "period": "FY", "revenue": 15688000000, "costOfRevenue": 7945000000, "grossProfit": 7743000000, "grossProfitRatio": 0.4935619582, "researchAndDevelopmentExpenses": 0, "generalAndAdministrativeExpenses": 555000000, "sellingAndMarketingExpenses": 0, "sellingGeneralAndAdministrativeExpenses": 555000000, "otherExpenses": 36000000, "operatingExpenses": 1573000000, "costAndExpenses": 9518000000, "interestIncome": 13000000, "interestExpense": 232000000, "depreciationAndAmortization": 2478000000, "ebitda": 6414000000, "ebitdaratio": 0.4088475268, "operatingIncome": 6332000000, "operatingIncomeRatio": 0.4036206017, "totalOtherIncomeExpensesNet": 162000000, "incomeBeforeTax": 6113000000, "incomeBeforeTaxRatio": 0.3896608873, "incomeTaxExpense": 4531000000, "netIncome": 1582000000, "netIncomeRatio": 0.1008414074, "eps": 2.24, "epsdiluted": 2.23, "weightedAverageShsOut": 706000000, "weightedAverageShsOutDil": 710000000, "link": "https://www.sec.gov/Archives/edgar/data/101778/000010177813000006/0000101778-13-000006-index.htm", "finalLink": "https://www.sec.gov/Archives/edgar/data/101778/000010177813000006/mro-20121231x10k.htm", "calculatedOtherExpenses": 856000000, "calculatedOperatingExpenses": 1411000000, "calculatedNetInterest": -219000000, "calculatedOtherIncome": 0, "calculatedIncomeNonControlling": 0, "calculatedEbitda": 8810000000}, {"date": "2011-12-31", "symbol": "MRO", "reportedCurrency": "USD", "cik": "0000101778", "fillingDate": "2012-02-29", "acceptedDate": "2012-02-29 15:09:41", "calendarYear": "2011", "period": "FY", "revenue": 14820000000, "costOfRevenue": 7119000000, "grossProfit": 7701000000, "grossProfitRatio": 0.5196356275, "researchAndDevelopmentExpenses": 0, "generalAndAdministrativeExpenses": 0, "sellingAndMarketingExpenses": 0, "sellingGeneralAndAdministrativeExpenses": 544000000, "otherExpenses": 2496000000, "operatingExpenses": 3040000000, "costAndExpenses": 10159000000, "interestIncome": 0, "interestExpense": 107000000, "depreciationAndAmortization": 2266000000, "ebitda": 7389000000, "ebitdaratio": 0.498582996, "operatingIncome": 4813000000, "operatingIncomeRatio": 0.3247638327, "totalOtherIncomeExpensesNet": -127000000, "incomeBeforeTax": 4427000000, "incomeBeforeTaxRatio": 0.2987179487, "incomeTaxExpense": 2720000000, "netIncome": 2946000000, "netIncomeRatio": 0.1987854251, "eps": 4.15, "epsdiluted": 4.13, "weightedAverageShsOut": 710000000, "weightedAverageShsOutDil": 714000000, "link": "https://www.sec.gov/Archives/edgar/data/101778/000119312512088742/0001193125-12-088742-index.htm", "finalLink": "https://www.sec.gov/Archives/edgar/data/101778/000119312512088742/d270787d10k.htm", "calculatedOtherExpenses": 2344000000, "calculatedOperatingExpenses": 2888000000, "calculatedNetInterest": -107000000, "calculatedOtherIncome": -279000000, "calculatedIncomeNonControlling": -1239000000, "calculatedEbitda": 7079000000}, {"date": "2010-12-31", "symbol": "MRO", "reportedCurrency": "USD", "cik": "0000101778", "fillingDate": "2011-02-28", "acceptedDate": "2011-02-25 19:57:38", "calendarYear": "2010", "period": "FY", "revenue": 73621000000, "costOfRevenue": 63064000000, "grossProfit": 10557000000, "grossProfitRatio": 0.1433965852, "researchAndDevelopmentExpenses": 0, "generalAndAdministrativeExpenses": 0, "sellingAndMarketingExpenses": 0, "sellingGeneralAndAdministrativeExpenses": 1363000000, "otherExpenses": 3398000000, "operatingExpenses": 4761000000, "costAndExpenses": 67825000000, "interestIncome": 12000000, "interestExpense": 103000000, "depreciationAndAmortization": 2965000000, "ebitda": 8761000000, "ebitdaratio": 0.1190013719, "operatingIncome": 5317000000, "operatingIncomeRatio": 0.0722212412, "totalOtherIncomeExpensesNet": -571000000, "incomeBeforeTax": 5122000000, "incomeBeforeTaxRatio": 0.0695725404, "incomeTaxExpense": 2554000000, "netIncome": 2568000000, "netIncomeRatio": 0.0348813518, "eps": 3.62, "epsdiluted": 3.61, "weightedAverageShsOut": 710000000, "weightedAverageShsOutDil": 712000000, "link": "https://www.sec.gov/Archives/edgar/data/101778/000119312511047891/0001193125-11-047891-index.htm", "finalLink": "https://www.sec.gov/Archives/edgar/data/101778/000119312511047891/d10k.htm", "calculatedOtherExpenses": 3877000000, "calculatedOperatingExpenses": 5240000000, "calculatedNetInterest": -91000000, "calculatedOtherIncome": -104000000, "calculatedIncomeNonControlling": 0, "calculatedEbitda": 8282000000}, {"date": "2009-12-31", "symbol": "MRO", "reportedCurrency": "USD", "cik": "0000101778", "fillingDate": "2010-02-26", "acceptedDate": "2010-02-26 16:09:10", "calendarYear": "2009", "period": "FY", "revenue": 54139000000, "costOfRevenue": 45484000000, "grossProfit": 8655000000, "grossProfitRatio": 0.1598662702, "researchAndDevelopmentExpenses": 307000000, "generalAndAdministrativeExpenses": 0, "sellingAndMarketingExpenses": 0, "sellingGeneralAndAdministrativeExpenses": 1263000000, "otherExpenses": 2703000000, "operatingExpenses": 5065000000, "costAndExpenses": 50549000000, "interestIncome": 11000000, "interestExpense": 149000000, "depreciationAndAmortization": 2623000000, "ebitda": 6213000000, "ebitdaratio": 0.1147601544, "operatingIncome": 3590000000, "operatingIncomeRatio": 0.0663107926, "totalOtherIncomeExpensesNet": -91000000, "incomeBeforeTax": 3441000000, "incomeBeforeTaxRatio": 0.0635586176, "incomeTaxExpense": 2257000000, "netIncome": 1463000000, "netIncomeRatio": 0.0270230333, "eps": 2.06, "epsdiluted": 2.06, "weightedAverageShsOut": 709000000, "weightedAverageShsOutDil": 711000000, "link": "https://www.sec.gov/Archives/edgar/data/101778/000119312510042898/0001193125-10-042898-index.htm", "finalLink": "https://www.sec.gov/Archives/edgar/data/101778/000119312510042898/d10k.htm", "calculatedOtherExpenses": 3495000000, "calculatedOperatingExpenses": 5065000000, "calculatedNetInterest": -138000000, "calculatedOtherIncome": -11000000, "calculatedIncomeNonControlling": -279000000, "calculatedEbitda": 6213000000}, {"date": "2008-12-31", "symbol": "MRO", "reportedCurrency": "USD", "cik": "0000101778", "fillingDate": "2009-02-27", "acceptedDate": "2009-02-27 16:24:33", "calendarYear": "2008", "period": "FY", "revenue": 78569000000, "costOfRevenue": 60532000000, "grossProfit": 18037000000, "grossProfitRatio": 0.2295689139, "researchAndDevelopmentExpenses": 0, "generalAndAdministrativeExpenses": 0, "sellingAndMarketingExpenses": 0, "sellingGeneralAndAdministrativeExpenses": 1877000000, "otherExpenses": 7725000000, "operatingExpenses": 9602000000, "costAndExpenses": 70134000000, "interestIncome": 0, "interestExpense": 0, "depreciationAndAmortization": 2178000000, "ebitda": 12826000000, "ebitdaratio": 0.1632450458, "operatingIncome": 7023000000, "operatingIncomeRatio": 0.0893863992, "totalOtherIncomeExpensesNet": -1448000000, "incomeBeforeTax": 6973000000, "incomeBeforeTaxRatio": 0.0887500159, "incomeTaxExpense": 3445000000, "netIncome": 3528000000, "netIncomeRatio": 0.0449032061, "eps": 4.97, "epsdiluted": 4.95, "weightedAverageShsOut": 709000000, "weightedAverageShsOutDil": 713000000, "link": "https://www.sec.gov/Archives/edgar/data/101778/000119312509041003/0001193125-09-041003-index.htm", "finalLink": "https://www.sec.gov/Archives/edgar/data/101778/000119312509041003/d10k.htm", "calculatedOtherExpenses": 9137000000, "calculatedOperatingExpenses": 11014000000, "calculatedNetInterest": 0, "calculatedOtherIncome": -50000000, "calculatedIncomeNonControlling": 0, "calculatedEbitda": 9201000000}, {"date": "2007-12-31", "symbol": "MRO", "reportedCurrency": "USD", "cik": "0000101778", "fillingDate": "2008-02-29", "acceptedDate": "2008-02-29 16:18:51", "calendarYear": "2007", "period": "FY", "revenue": 59389000000, "costOfRevenue": 50070000000, "grossProfit": 9319000000, "grossProfitRatio": 0.1569145801, "researchAndDevelopmentExpenses": 0, "generalAndAdministrativeExpenses": 0, "sellingAndMarketingExpenses": 0, "sellingGeneralAndAdministrativeExpenses": 1327000000, "otherExpenses": 1335000000, "operatingExpenses": 2662000000, "costAndExpenses": 52732000000, "interestIncome": 0, "interestExpense": 0, "depreciationAndAmortization": 1613000000, "ebitda": 8012000000, "ebitdaratio": 0.1349071377, "operatingIncome": 6640000000, "operatingIncomeRatio": 0.1118052165, "totalOtherIncomeExpensesNet": 803000000, "incomeBeforeTax": 6849000000, "incomeBeforeTaxRatio": 0.1153243867, "incomeTaxExpense": 2901000000, "netIncome": 3956000000, "netIncomeRatio": 0.0666116621, "eps": 5.73, "epsdiluted": 5.69, "weightedAverageShsOut": 690000000, "weightedAverageShsOutDil": 690000000, "link": "https://www.sec.gov/Archives/edgar/data/101778/000119312508043692/0001193125-08-043692-index.htm", "finalLink": "https://www.sec.gov/Archives/edgar/data/101778/000119312508043692/d10k.htm", "calculatedOtherExpenses": 1352000000, "calculatedOperatingExpenses": 2679000000, "calculatedNetInterest": 0, "calculatedOtherIncome": 209000000, "calculatedIncomeNonControlling": -8000000, "calculatedEbitda": 8253000000}, {"date": "2006-12-31", "symbol": "MRO", "reportedCurrency": "USD", "cik": "0000101778", "fillingDate": "2007-03-01", "acceptedDate": "2007-03-01 16:19:31", "calendarYear": "2006", "period": "FY", "revenue": 64896000000, "costOfRevenue": 53365000000, "grossProfit": 11531000000, "grossProfitRatio": 0.1776842949, "researchAndDevelopmentExpenses": 0, "generalAndAdministrativeExpenses": 0, "sellingAndMarketingExpenses": 0, "sellingGeneralAndAdministrativeExpenses": 1228000000, "otherExpenses": 1336000000, "operatingExpenses": 2564000000, "costAndExpenses": 55929000000, "interestIncome": 0, "interestExpense": 0, "depreciationAndAmortization": 1518000000, "ebitda": 10368000000, "ebitdaratio": 0.1597633136, "operatingIncome": 8967000000, "operatingIncomeRatio": 0.138174926, "totalOtherIncomeExpensesNet": 508000000, "incomeBeforeTax": 8979000000, "incomeBeforeTaxRatio": 0.1383598373, "incomeTaxExpense": 4022000000, "netIncome": 5234000000, "netIncomeRatio": 0.0806521203, "eps": 7.31, "epsdiluted": 7.25, "weightedAverageShsOut": 716000000, "weightedAverageShsOutDil": 716000000, "link": "https://www.sec.gov/Archives/edgar/data/101778/000104746907001533/0001047469-07-001533-index.htm", "finalLink": "https://www.sec.gov/Archives/edgar/data/101778/000104746907001533/a2176340z10-k.htm", "calculatedOtherExpenses": 1336000000, "calculatedOperatingExpenses": 2564000000, "calculatedNetInterest": 0, "calculatedOtherIncome": 12000000, "calculatedIncomeNonControlling": -277000000, "calculatedEbitda": 10485000000}, {"date": "2005-12-31", "symbol": "MRO", "reportedCurrency": "USD", "cik": "0000101778", "fillingDate": "2006-03-06", "acceptedDate": "2006-03-06 17:14:36", "calendarYear": "2005", "period": "FY", "revenue": 58958000000, "costOfRevenue": 50658000000, "grossProfit": 8300000000, "grossProfitRatio": 0.1407781811, "researchAndDevelopmentExpenses": 0, "generalAndAdministrativeExpenses": 0, "sellingAndMarketingExpenses": 0, "sellingGeneralAndAdministrativeExpenses": 1158000000, "otherExpenses": 1840000000, "operatingExpenses": 2998000000, "costAndExpenses": 53656000000, "interestIncome": 0, "interestExpense": 0, "depreciationAndAmortization": 1358000000, "ebitda": 6564000000, "ebitdaratio": 0.1113334916, "operatingIncome": 5302000000, "operatingIncomeRatio": 0.0899284236, "totalOtherIncomeExpensesNet": 362000000, "incomeBeforeTax": 4781000000, "incomeBeforeTaxRatio": 0.0810916245, "incomeTaxExpense": 1730000000, "netIncome": 3032000000, "netIncomeRatio": 0.0514264392, "eps": 4.26, "epsdiluted": 4.22, "weightedAverageShsOut": 711737089, "weightedAverageShsOutDil": 718483412, "link": "https://www.sec.gov/Archives/edgar/data/101778/000095012906002297/0000950129-06-002297-index.htm", "finalLink": "https://www.sec.gov/Archives/edgar/data/101778/000095012906002297/h32018e10vk.htm", "calculatedOtherExpenses": 1840000000, "calculatedOperatingExpenses": 2998000000, "calculatedNetInterest": 0, "calculatedOtherIncome": -521000000, "calculatedIncomeNonControlling": 19000000, "calculatedEbitda": 6660000000}, {"date": "2004-12-31", "symbol": "MRO", "reportedCurrency": "USD", "cik": "0000101778", "fillingDate": "2005-03-10", "acceptedDate": "2005-03-10 17:09:10", "calendarYear": "2004", "period": "FY", "revenue": 45444000000, "costOfRevenue": 40194000000, "grossProfit": 5250000000, "grossProfitRatio": 0.1155268022, "researchAndDevelopmentExpenses": 0, "generalAndAdministrativeExpenses": 0, "sellingAndMarketingExpenses": 0, "sellingGeneralAndAdministrativeExpenses": 1025000000, "otherExpenses": 1555000000, "operatingExpenses": 2580000000, "costAndExpenses": 42774000000, "interestIncome": 0, "interestExpense": 0, "depreciationAndAmortization": 1217000000, "ebitda": 3748000000, "ebitdaratio": 0.0824751342, "operatingIncome": 2670000000, "operatingIncomeRatio": 0.0587536308, "totalOtherIncomeExpensesNet": 309000000, "incomeBeforeTax": 1984000000, "incomeBeforeTaxRatio": 0.0436581287, "incomeTaxExpense": 727000000, "netIncome": 1261000000, "netIncomeRatio": 0.0277484376, "eps": 1.87, "epsdiluted": 1.86, "weightedAverageShsOut": 839572193, "weightedAverageShsOutDil": 844086022, "link": "https://www.sec.gov/Archives/edgar/data/101778/000104746905006086/0001047469-05-006086-index.htm", "finalLink": "https://www.sec.gov/Archives/edgar/data/101778/000104746905006086/a2152323z10-k.htm", "calculatedOtherExpenses": 1555000000, "calculatedOperatingExpenses": 2580000000, "calculatedNetInterest": 0, "calculatedOtherIncome": -686000000, "calculatedIncomeNonControlling": -4000000, "calculatedEbitda": 3887000000}, {"date": "2003-12-31", "symbol": "MRO", "reportedCurrency": "USD", "cik": "0000101778", "fillingDate": "2004-03-09", "acceptedDate": "2004-03-08 18:32:34", "calendarYear": "2003", "period": "FY", "revenue": 36949000000, "costOfRevenue": 32445000000, "grossProfit": 4504000000, "grossProfitRatio": 0.121897751, "researchAndDevelopmentExpenses": 0, "generalAndAdministrativeExpenses": 0, "sellingAndMarketingExpenses": 0, "sellingGeneralAndAdministrativeExpenses": 946000000, "otherExpenses": 1474000000, "operatingExpenses": 2420000000, "costAndExpenses": 34865000000, "interestIncome": 0, "interestExpense": 0, "depreciationAndAmortization": 1175000000, "ebitda": 3017000000, "ebitdaratio": 0.0816530894, "operatingIncome": 2084000000, "operatingIncomeRatio": 0.0564020677, "totalOtherIncomeExpensesNet": 271000000, "incomeBeforeTax": 1596000000, "incomeBeforeTaxRatio": 0.0431946737, "incomeTaxExpense": 584000000, "netIncome": 1321000000, "netIncomeRatio": 0.0357519825, "eps": 2.13, "epsdiluted": 2.13, "weightedAverageShsOut": 620187793, "weightedAverageShsOutDil": 620187793, "link": "https://www.sec.gov/Archives/edgar/data/101778/000119312504036535/0001193125-04-036535-index.htm", "finalLink": "https://www.sec.gov/Archives/edgar/data/101778/000119312504036535/d10k.htm", "calculatedOtherExpenses": 1474000000, "calculatedOperatingExpenses": 2420000000, "calculatedNetInterest": 0, "calculatedOtherIncome": -488000000, "calculatedIncomeNonControlling": -309000000, "calculatedEbitda": 3259000000}, {"date": "2002-12-31", "symbol": "MRO", "reportedCurrency": "USD", "cik": "0000101778", "fillingDate": "2003-03-10", "acceptedDate": "2003-03-10 13:37:47", "calendarYear": "2002", "period": "FY", "revenue": 27470000000, "costOfRevenue": 23858000000, "grossProfit": 3612000000, "grossProfitRatio": 0.131488897, "researchAndDevelopmentExpenses": 0, "generalAndAdministrativeExpenses": 0, "sellingAndMarketingExpenses": 0, "sellingGeneralAndAdministrativeExpenses": 845000000, "otherExpenses": 1387000000, "operatingExpenses": 2232000000, "costAndExpenses": 26090000000, "interestIncome": 0, "interestExpense": 0, "depreciationAndAmortization": 1201000000, "ebitda": 2281000000, "ebitdaratio": 0.0830360393, "operatingIncome": 1366000000, "operatingIncomeRatio": 0.0497269749, "totalOtherIncomeExpensesNet": 300000000, "incomeBeforeTax": 925000000, "incomeBeforeTaxRatio": 0.0336730979, "incomeTaxExpense": 389000000, "netIncome": 516000000, "netIncomeRatio": 0.0187841281, "eps": 0.83, "epsdiluted": 0.83, "weightedAverageShsOut": 621686747, "weightedAverageShsOutDil": 621686747, "link": "https://www.sec.gov/Archives/edgar/data/101778/000089924303000495/0000899243-03-000495-index.htm", "finalLink": "https://www.sec.gov/Archives/edgar/data/101778/000089924303000495/d10k.htm", "calculatedOtherExpenses": 1401000000, "calculatedOperatingExpenses": 2246000000, "calculatedNetInterest": 0, "calculatedOtherIncome": -441000000, "calculatedIncomeNonControlling": 20000000, "calculatedEbitda": 2567000000}, {"date": "2001-12-31", "symbol": "MRO", "reportedCurrency": "USD", "cik": "0000101778", "fillingDate": "2002-03-11", "acceptedDate": "2002-03-11 00:00:00", "calendarYear": "2001", "period": "FY", "revenue": 28662000000, "costOfRevenue": 23399000000, "grossProfit": 5263000000, "grossProfitRatio": 0.1836229154, "researchAndDevelopmentExpenses": 0, "generalAndAdministrativeExpenses": 0, "sellingAndMarketingExpenses": 0, "sellingGeneralAndAdministrativeExpenses": 726000000, "otherExpenses": 1583000000, "operatingExpenses": 2309000000, "costAndExpenses": 25708000000, "interestIncome": 0, "interestExpense": 0, "depreciationAndAmortization": 1236000000, "ebitda": 4215000000, "ebitdaratio": 0.1470588235, "operatingIncome": 2954000000, "operatingIncomeRatio": 0.1030632894, "totalOtherIncomeExpensesNet": -25000000, "incomeBeforeTax": 2077000000, "incomeBeforeTaxRatio": 0.072465285, "incomeTaxExpense": 759000000, "netIncome": 157000000, "netIncomeRatio": 0.0054776359, "eps": 0.53, "epsdiluted": 0.53, "weightedAverageShsOut": 618300000, "weightedAverageShsOutDil": 619020000, "link": "https://www.sec.gov/Archives/edgar/data/101778/000089924302000577/0000899243-02-000577-index.htm", "finalLink": "https://www.sec.gov/Archives/edgar/data/101778/000089924302000577/d10k.txt", "calculatedOtherExpenses": 1583000000, "calculatedOperatingExpenses": 2309000000, "calculatedNetInterest": 0, "calculatedOtherIncome": -877000000, "calculatedIncomeNonControlling": 1161000000, "calculatedEbitda": 4190000000}, {"date": "2000-12-31", "symbol": "MRO", "reportedCurrency": "USD", "cik": "0000101778", "fillingDate": "2001-03-12", "acceptedDate": "2001-03-12 00:00:00", "calendarYear": "2000", "period": "FY", "revenue": 30143000000, "costOfRevenue": 25715000000, "grossProfit": 4428000000, "grossProfitRatio": 0.1468997777, "researchAndDevelopmentExpenses": 0, "generalAndAdministrativeExpenses": 0, "sellingAndMarketingExpenses": 0, "sellingGeneralAndAdministrativeExpenses": 625000000, "otherExpenses": 1527000000, "operatingExpenses": 2152000000, "costAndExpenses": 27867000000, "interestIncome": 0, "interestExpense": 0, "depreciationAndAmortization": 1245000000, "ebitda": 4149000000, "ebitdaratio": 0.1376438974, "operatingIncome": 2276000000, "operatingIncomeRatio": 0.0755067512, "totalOtherIncomeExpensesNet": -628000000, "incomeBeforeTax": 914000000, "incomeBeforeTaxRatio": 0.0303221312, "incomeTaxExpense": 482000000, "netIncome": 432000000, "netIncomeRatio": 0.0143316856, "eps": 0.68, "epsdiluted": 0.68, "weightedAverageShsOut": 623062000, "weightedAverageShsOutDil": 623522000, "link": "https://www.sec.gov/Archives/edgar/data/101778/000095013201000164/0000950132-01-000164-index.htm", "finalLink": "https://www.sec.gov/Archives/edgar/data/101778/000095013201000164/0000950132-01-000164-0001.txt", "calculatedOtherExpenses": 1527000000, "calculatedOperatingExpenses": 2152000000, "calculatedNetInterest": 0, "calculatedOtherIncome": -1362000000, "calculatedIncomeNonControlling": 0, "calculatedEbitda": 3521000000}, {"date": "1999-12-31", "symbol": "MRO", "reportedCurrency": "USD", "cik": "0000101778", "fillingDate": "2000-03-13", "acceptedDate": "2000-03-13 00:00:00", "calendarYear": "1999", "period": "FY", "revenue": 20239000000, "costOfRevenue": 17511000000, "grossProfit": 2728000000, "grossProfitRatio": 0.1347892682, "researchAndDevelopmentExpenses": 0, "generalAndAdministrativeExpenses": 0, "sellingAndMarketingExpenses": 0, "sellingGeneralAndAdministrativeExpenses": 486000000, "otherExpenses": 1195000000, "operatingExpenses": 1681000000, "costAndExpenses": 19192000000, "interestIncome": 0, "interestExpense": 0, "depreciationAndAmortization": 950000000, "ebitda": 1331000000, "ebitdaratio": 0.0657641188, "operatingIncome": 1047000000, "operatingIncomeRatio": 0.0517318049, "totalOtherIncomeExpensesNet": 666000000, "incomeBeforeTax": 978000000, "incomeBeforeTaxRatio": 0.0483225456, "incomeTaxExpense": 324000000, "netIncome": 654000000, "netIncomeRatio": 0.0323138495, "eps": 0.87, "epsdiluted": 0.87, "weightedAverageShsOut": 796176000, "weightedAverageShsOutDil": 796804000, "link": "https://www.sec.gov/Archives/edgar/data/101778/000091205700011287/0000912057-00-011287-index.html", "finalLink": "https://www.sec.gov/Archives/edgar/data/101778/000091205700011287/", "calculatedOtherExpenses": 1195000000, "calculatedOperatingExpenses": 1681000000, "calculatedNetInterest": 0, "calculatedOtherIncome": -69000000, "calculatedIncomeNonControlling": 0, "calculatedEbitda": 1997000000}, {"date": "1998-12-31", "symbol": "MRO", "reportedCurrency": "USD", "cik": "0000101778", "fillingDate": "1999-03-08", "acceptedDate": "1999-03-08 00:00:00", "calendarYear": "1998", "period": "FY", "revenue": 18145000000, "costOfRevenue": 15638000000, "grossProfit": 2507000000, "grossProfitRatio": 0.1381647837, "researchAndDevelopmentExpenses": 0, "generalAndAdministrativeExpenses": 0, "sellingAndMarketingExpenses": 0, "sellingGeneralAndAdministrativeExpenses": 505000000, "otherExpenses": 1146000000, "operatingExpenses": 1651000000, "costAndExpenses": 17289000000, "interestIncome": 0, "interestExpense": 0, "depreciationAndAmortization": 941000000, "ebitda": 1470000000, "ebitdaratio": 0.0810140535, "operatingIncome": 1101000000, "operatingIncomeRatio": 0.0606778727, "totalOtherIncomeExpensesNet": 327000000, "incomeBeforeTax": 452000000, "incomeBeforeTaxRatio": 0.0249104436, "incomeTaxExpense": 142000000, "netIncome": 310000000, "netIncomeRatio": 0.0170845963, "eps": 0.86, "epsdiluted": 0.86, "weightedAverageShsOut": 760768000, "weightedAverageShsOutDil": 776756000, "link": "https://www.sec.gov/Archives/edgar/data/101778/000095013299000185/0000950132-99-000185-index.html", "finalLink": "https://www.sec.gov/Archives/edgar/data/101778/", "calculatedOtherExpenses": 901000000, "calculatedOperatingExpenses": 1406000000, "calculatedNetInterest": 0, "calculatedOtherIncome": -649000000, "calculatedIncomeNonControlling": 0, "calculatedEbitda": 2042000000}, {"date": "1997-12-31", "symbol": "MRO", "reportedCurrency": "USD", "cik": "0000101778", "fillingDate": "1998-03-04", "acceptedDate": "1998-03-04 00:00:00", "calendarYear": "1997", "period": "FY", "revenue": 12932000000, "costOfRevenue": 10581000000, "grossProfit": 2351000000, "grossProfitRatio": 0.1817970925, "researchAndDevelopmentExpenses": 0, "generalAndAdministrativeExpenses": 0, "sellingAndMarketingExpenses": 0, "sellingGeneralAndAdministrativeExpenses": 355000000, "otherExpenses": 866000000, "operatingExpenses": 1221000000, "costAndExpenses": 11802000000, "interestIncome": 0, "interestExpense": 0, "depreciationAndAmortization": 664000000, "ebitda": 1992000000, "ebitdaratio": 0.1540364986, "operatingIncome": 1130000000, "operatingIncomeRatio": 0.0873801423, "totalOtherIncomeExpensesNet": -198000000, "incomeBeforeTax": 672000000, "incomeBeforeTaxRatio": 0.05196412, "incomeTaxExpense": 216000000, "netIncome": 456000000, "netIncomeRatio": 0.0352613672, "eps": 1.32, "epsdiluted": 1.25, "weightedAverageShsOut": 747420000, "weightedAverageShsOutDil": 788386000, "link": "https://www.sec.gov/Archives/edgar/data/101778/000095013298000178/0000950132-98-000178-index.html", "finalLink": "https://www.sec.gov/Archives/edgar/data/101778/", "calculatedOtherExpenses": 866000000, "calculatedOperatingExpenses": 1221000000, "calculatedNetInterest": 0, "calculatedOtherIncome": -458000000, "calculatedIncomeNonControlling": 0, "calculatedEbitda": 1794000000}, {"date": "1996-12-31", "symbol": "MRO", "reportedCurrency": "USD", "cik": "0000101778", "fillingDate": "1997-03-07", "acceptedDate": "1997-03-07 00:00:00", "calendarYear": "1996", "period": "FY", "revenue": 13564000000, "costOfRevenue": 11324000000, "grossProfit": 2240000000, "grossProfitRatio": 0.1651430257, "researchAndDevelopmentExpenses": 0, "generalAndAdministrativeExpenses": 0, "sellingAndMarketingExpenses": 0, "sellingGeneralAndAdministrativeExpenses": 319000000, "otherExpenses": 896000000, "operatingExpenses": 1215000000, "costAndExpenses": 12539000000, "interestIncome": 0, "interestExpense": 0, "depreciationAndAmortization": 693000000, "ebitda": 1444000000, "ebitdaratio": 0.1064582719, "operatingIncome": 1025000000, "operatingIncomeRatio": 0.0755676792, "totalOtherIncomeExpensesNet": 274000000, "incomeBeforeTax": 991000000, "incomeBeforeTaxRatio": 0.0730610439, "incomeTaxExpense": 320000000, "netIncome": 664000000, "netIncomeRatio": 0.0489531112, "eps": 1.21, "epsdiluted": 1.18, "weightedAverageShsOut": 762166000, "weightedAverageShsOutDil": 783632000, "link": "https://www.sec.gov/Archives/edgar/data/101778/000095013297000130/0000950132-97-000130-index.html", "finalLink": "https://www.sec.gov/Archives/edgar/data/101778/", "calculatedOtherExpenses": 896000000, "calculatedOperatingExpenses": 1215000000, "calculatedNetInterest": 0, "calculatedOtherIncome": -34000000, "calculatedIncomeNonControlling": 7000000, "calculatedEbitda": 1718000000}, {"date": "1995-12-31", "symbol": "MRO", "reportedCurrency": "USD", "cik": "0000101778", "fillingDate": "1996-03-06", "acceptedDate": "1996-03-06 00:00:00", "calendarYear": "1995", "period": "FY", "revenue": 11163000000, "costOfRevenue": 9160000000, "grossProfit": 2003000000, "grossProfitRatio": 0.1794320523, "researchAndDevelopmentExpenses": 0, "generalAndAdministrativeExpenses": 0, "sellingAndMarketingExpenses": 0, "sellingGeneralAndAdministrativeExpenses": 297000000, "otherExpenses": 1012000000, "operatingExpenses": 1309000000, "costAndExpenses": 10469000000, "interestIncome": 0, "interestExpense": 0, "depreciationAndAmortization": 817000000, "ebitda": 2705000000, "ebitdaratio": 0.2423183732, "operatingIncome": 35000000, "operatingIncomeRatio": 0.0031353579, "totalOtherIncomeExpensesNet": -1194000000, "incomeBeforeTax": -190000000, "incomeBeforeTaxRatio": -0.0170205142, "incomeTaxExpense": -107000000, "netIncome": -88000000, "netIncomeRatio": -0.0078831855, "eps": -0.12, "epsdiluted": -0.11, "weightedAverageShsOut": 751554000, "weightedAverageShsOutDil": 772184000, "link": "https://www.sec.gov/Archives/edgar/data/101778/000095012896000203/0000950128-96-000203-index.html", "finalLink": "https://www.sec.gov/Archives/edgar/data/101778/", "calculatedOtherExpenses": 1671000000, "calculatedOperatingExpenses": 1968000000, "calculatedNetInterest": 0, "calculatedOtherIncome": -225000000, "calculatedIncomeNonControlling": 5000000, "calculatedEbitda": 852000000}, {"date": "1994-12-31", "symbol": "MRO", "reportedCurrency": "USD", "cik": "0000101778", "fillingDate": "1995-03-20", "acceptedDate": "1995-03-20 00:00:00", "calendarYear": "1994", "period": "FY", "revenue": 10215000000, "costOfRevenue": 8562000000, "grossProfit": 1653000000, "grossProfitRatio": 0.1618208517, "researchAndDevelopmentExpenses": 0, "generalAndAdministrativeExpenses": 0, "sellingAndMarketingExpenses": 0, "sellingGeneralAndAdministrativeExpenses": 313000000, "otherExpenses": 916000000, "operatingExpenses": 1229000000, "costAndExpenses": 9791000000, "interestIncome": 0, "interestExpense": 0, "depreciationAndAmortization": 721000000, "ebitda": 793000000, "ebitdaratio": 0.0776309349, "operatingIncome": 424000000, "operatingIncomeRatio": 0.0415075869, "totalOtherIncomeExpensesNet": 352000000, "incomeBeforeTax": 476000000, "incomeBeforeTaxRatio": 0.04659814, "incomeTaxExpense": 155000000, "netIncome": 321000000, "netIncomeRatio": 0.0314243759, "eps": 0.64, "epsdiluted": 0.63, "weightedAverageShsOut": 742626000, "weightedAverageShsOutDil": 749512000, "link": "https://www.sec.gov/Archives/edgar/data/101778/000095012895000059/0000950128-95-000059-index.html", "finalLink": "https://www.sec.gov/Archives/edgar/data/101778/", "calculatedOtherExpenses": 916000000, "calculatedOperatingExpenses": 1229000000, "calculatedNetInterest": 0, "calculatedOtherIncome": 52000000, "calculatedIncomeNonControlling": 0, "calculatedEbitda": 1145000000}, {"date": "1993-12-31", "symbol": "MRO", "reportedCurrency": "USD", "cik": "0000101778", "fillingDate": "1994-03-15", "acceptedDate": "1994-03-15 00:00:00", "calendarYear": "1993", "period": "FY", "revenue": 11962000000, "costOfRevenue": 8354000000, "grossProfit": 3608000000, "grossProfitRatio": 0.3016218024, "researchAndDevelopmentExpenses": 0, "generalAndAdministrativeExpenses": 0, "sellingAndMarketingExpenses": 0, "sellingGeneralAndAdministrativeExpenses": 325000000, "otherExpenses": 2873000000, "operatingExpenses": 3198000000, "costAndExpenses": 11552000000, "interestIncome": 0, "interestExpense": 0, "depreciationAndAmortization": 727000000, "ebitda": 1310000000, "ebitdaratio": 0.1095134593, "operatingIncome": 410000000, "operatingIncomeRatio": 0.0342752048, "totalOtherIncomeExpensesNet": -173000000, "incomeBeforeTax": -55000000, "incomeBeforeTaxRatio": -0.0045978933, "incomeTaxExpense": -49000000, "netIncome": -29000000, "netIncomeRatio": -0.0024243438, "eps": -0.0497, "epsdiluted": -0.0497, "weightedAverageShsOut": 583333333, "weightedAverageShsOutDil": 583333333, "link": "https://www.sec.gov/Archives/edgar/data/101778/000095012894000051/0000950128-94-000051-index.html", "finalLink": "https://www.sec.gov/Archives/edgar/data/101778/", "calculatedOtherExpenses": 2873000000, "calculatedOperatingExpenses": 3198000000, "calculatedNetInterest": 0, "calculatedOtherIncome": -465000000, "calculatedIncomeNonControlling": 23000000, "calculatedEbitda": 1137000000}, {"date": "1992-12-31", "symbol": "MRO", "reportedCurrency": "USD", "cik": "0000101778", "fillingDate": "1992-12-31", "acceptedDate": "1992-12-30 19:00:00", "calendarYear": "1992", "period": "FY", "revenue": 12782000000, "costOfRevenue": 9528000000, "grossProfit": 3254000000, "grossProfitRatio": 0.2545767486, "researchAndDevelopmentExpenses": 0, "generalAndAdministrativeExpenses": 0, "sellingAndMarketingExpenses": 0, "sellingGeneralAndAdministrativeExpenses": 343000000, "otherExpenses": 2569000000, "operatingExpenses": 2912000000, "costAndExpenses": 12440000000, "interestIncome": 0, "interestExpense": 0, "depreciationAndAmortization": 793000000, "ebitda": 985000000, "ebitdaratio": 0.0770614927, "operatingIncome": 342000000, "operatingIncomeRatio": 0.0267563762, "totalOtherIncomeExpensesNet": 150000000, "incomeBeforeTax": 201000000, "incomeBeforeTaxRatio": 0.0157252386, "incomeTaxExpense": 92000000, "netIncome": -222000000, "netIncomeRatio": -0.017368174, "eps": -0.39, "epsdiluted": -0.39, "weightedAverageShsOut": 570000000, "weightedAverageShsOutDil": 570000000, "link": "", "finalLink": "", "calculatedOtherExpenses": 2569000000, "calculatedOperatingExpenses": 2912000000, "calculatedNetInterest": 0, "calculatedOtherIncome": -141000000, "calculatedIncomeNonControlling": 331000000, "calculatedEbitda": 1135000000}, {"date": "1991-12-31", "symbol": "MRO", "reportedCurrency": "USD", "cik": "0000101778", "fillingDate": "1991-12-31", "acceptedDate": "1991-12-30 19:00:00", "calendarYear": "1991", "period": "FY", "revenue": 13975000000, "costOfRevenue": 10210000000, "grossProfit": 3765000000, "grossProfitRatio": 0.2694096601, "researchAndDevelopmentExpenses": 0, "generalAndAdministrativeExpenses": 0, "sellingAndMarketingExpenses": 0, "sellingGeneralAndAdministrativeExpenses": 623000000, "otherExpenses": 2760000000, "operatingExpenses": 3383000000, "costAndExpenses": 13593000000, "interestIncome": 0, "interestExpense": 0, "depreciationAndAmortization": 875000000, "ebitda": 1233000000, "ebitdaratio": 0.0882289803, "operatingIncome": 382000000, "operatingIncomeRatio": 0.0273345259, "totalOtherIncomeExpensesNet": 24000000, "incomeBeforeTax": 65000000, "incomeBeforeTaxRatio": 0.0046511628, "incomeTaxExpense": 136000000, "netIncome": -71000000, "netIncomeRatio": -0.0050805009, "eps": -0.14, "epsdiluted": -0.14, "weightedAverageShsOut": 503225806, "weightedAverageShsOutDil": 503225806, "link": "", "finalLink": "", "calculatedOtherExpenses": 2760000000, "calculatedOperatingExpenses": 3383000000, "calculatedNetInterest": 0, "calculatedOtherIncome": -317000000, "calculatedIncomeNonControlling": 0, "calculatedEbitda": 1257000000}, {"date": "1990-12-31", "symbol": "MRO", "reportedCurrency": "USD", "cik": "0000101778", "fillingDate": "1990-12-31", "acceptedDate": "1990-12-30 19:00:00", "calendarYear": "1990", "period": "FY", "revenue": 14616000000, "costOfRevenue": 12509000000, "grossProfit": 2107000000, "grossProfitRatio": 0.1441570881, "researchAndDevelopmentExpenses": 0, "generalAndAdministrativeExpenses": 0, "sellingAndMarketingExpenses": 0, "sellingGeneralAndAdministrativeExpenses": 0, "otherExpenses": 1026000000, "operatingExpenses": 1026000000, "costAndExpenses": 13535000000, "interestIncome": 0, "interestExpense": 0, "depreciationAndAmortization": 1026000000, "ebitda": 2128000000, "ebitdaratio": 0.1455938697, "operatingIncome": 1081000000, "operatingIncomeRatio": 0.0739600438, "totalOtherIncomeExpensesNet": -21000000, "incomeBeforeTax": 779000000, "incomeBeforeTaxRatio": 0.0532977559, "incomeTaxExpense": 271000000, "netIncome": 508000000, "netIncomeRatio": 0.0347564313, "eps": 0.97, "epsdiluted": 0.97, "weightedAverageShsOut": 509278351, "weightedAverageShsOutDil": 509278351, "link": "", "finalLink": "", "calculatedOtherExpenses": 1026000000, "calculatedOperatingExpenses": 1026000000, "calculatedNetInterest": 0, "calculatedOtherIncome": -302000000, "calculatedIncomeNonControlling": 0, "calculatedEbitda": 2107000000}]}