{"originalCurrency": "USD", "convertedCurrency": "USD", "report": [{"date": "2024-02-03", "symbol": "MRVL", "reportedCurrency": "USD", "cik": "0001835632", "fillingDate": "2024-03-13", "acceptedDate": "2024-03-13 16:04:10", "calendarYear": "2024", "period": "FY", "revenue": 5507700000, "costOfRevenue": 3214100000, "grossProfit": 2293600000, "grossProfitRatio": 0.4164351726, "researchAndDevelopmentExpenses": 1896200000, "generalAndAdministrativeExpenses": 0, "sellingAndMarketingExpenses": 0, "sellingGeneralAndAdministrativeExpenses": 834000000, "otherExpenses": 11900000, "operatingExpenses": 2730200000, "costAndExpenses": 5944300000, "interestIncome": 8800000, "interestExpense": 211700000, "depreciationAndAmortization": 1397700000, "ebitda": 961100000, "ebitdaratio": 0.1745011529, "operatingIncome": -436600000, "operatingIncomeRatio": -0.079270839, "totalOtherIncomeExpensesNet": -322100000, "incomeBeforeTax": -758700000, "incomeBeforeTaxRatio": -0.1377526009, "incomeTaxExpense": 174700000, "netIncome": -933400000, "netIncomeRatio": -0.1694718303, "eps": -1.08, "epsdiluted": -1.08, "weightedAverageShsOut": 861300000, "weightedAverageShsOutDil": 861300000, "link": "https://www.sec.gov/Archives/edgar/data/1835632/000183563224000009/0001835632-24-000009-index.htm", "finalLink": "https://www.sec.gov/Archives/edgar/data/1835632/000183563224000009/mrvl-20240203.htm", "calculatedOtherExpenses": 0, "calculatedOperatingExpenses": 2730200000, "calculatedNetInterest": -202900000, "calculatedOtherIncome": -119200000, "calculatedIncomeNonControlling": 0, "calculatedEbitda": 961100000}, {"date": "2023-01-28", "symbol": "MRVL", "reportedCurrency": "USD", "cik": "0001835632", "fillingDate": "2023-03-09", "acceptedDate": "2023-03-09 16:03:34", "calendarYear": "2023", "period": "FY", "revenue": 5919600000, "costOfRevenue": 2932100000, "grossProfit": 2987500000, "grossProfitRatio": 0.5046793702, "researchAndDevelopmentExpenses": 1784300000, "generalAndAdministrativeExpenses": 842900000, "sellingAndMarketingExpenses": 700000, "sellingGeneralAndAdministrativeExpenses": 843600000, "otherExpenses": 12400000, "operatingExpenses": 2627900000, "costAndExpenses": 5560000000, "interestIncome": 5300000, "interestExpense": 170600000, "depreciationAndAmortization": 1392300000, "ebitda": 1769600000, "ebitdaratio": 0.2989391175, "operatingIncome": 377300000, "operatingIncomeRatio": 0.0637374147, "totalOtherIncomeExpensesNet": -292200000, "incomeBeforeTax": 85100000, "incomeBeforeTaxRatio": 0.0143759713, "incomeTaxExpense": 248600000, "netIncome": -163500000, "netIncomeRatio": -0.0276201095, "eps": -0.19, "epsdiluted": -0.19, "weightedAverageShsOut": 851400000, "weightedAverageShsOutDil": 851400000, "link": "https://www.sec.gov/Archives/edgar/data/1835632/000183563223000013/0001835632-23-000013-index.htm", "finalLink": "https://www.sec.gov/Archives/edgar/data/1835632/000183563223000013/mrvl-20230128.htm", "calculatedOtherExpenses": -17700000, "calculatedOperatingExpenses": 2610200000, "calculatedNetInterest": -165300000, "calculatedOtherIncome": -126900000, "calculatedIncomeNonControlling": 0, "calculatedEbitda": 1769600000}, {"date": "2022-01-29", "symbol": "MRVL", "reportedCurrency": "USD", "cik": "0001835632", "fillingDate": "2022-03-10", "acceptedDate": "2022-03-10 16:05:55", "calendarYear": "2022", "period": "FY", "revenue": 4462383000, "costOfRevenue": 2398158000, "grossProfit": 2064225000, "grossProfitRatio": 0.4625835568, "researchAndDevelopmentExpenses": 1424306000, "generalAndAdministrativeExpenses": 954445000, "sellingAndMarketingExpenses": 800000, "sellingGeneralAndAdministrativeExpenses": 955245000, "otherExpenses": 2764000, "operatingExpenses": 2379551000, "costAndExpenses": 4777709000, "interestIncome": 750000, "interestExpense": 139341000, "depreciationAndAmortization": 1245311000, "ebitda": 933499000, "ebitdaratio": 0.2091929357, "operatingIncome": -311812000, "operatingIncomeRatio": -0.0698756696, "totalOtherIncomeExpensesNet": -171683000, "incomeBeforeTax": -483495000, "incomeBeforeTaxRatio": -0.1083490592, "incomeTaxExpense": -62461000, "netIncome": -421034000, "netIncomeRatio": -0.0943518295, "eps": -0.53, "epsdiluted": -0.53, "weightedAverageShsOut": 796855000, "weightedAverageShsOutDil": 796855000, "link": "https://www.sec.gov/Archives/edgar/data/1835632/000183563222000016/0001835632-22-000016-index.htm", "finalLink": "https://www.sec.gov/Archives/edgar/data/1835632/000183563222000016/mrvl-20220129.htm", "calculatedOtherExpenses": -3514000, "calculatedOperatingExpenses": 2376037000, "calculatedNetInterest": -138591000, "calculatedOtherIncome": -33092000, "calculatedIncomeNonControlling": 0, "calculatedEbitda": 933499000}, {"date": "2021-01-31", "symbol": "MRVL", "reportedCurrency": "USD", "cik": "0001835632", "fillingDate": "2021-01-31", "acceptedDate": "2021-01-31 00:00:00", "calendarYear": "2021", "period": "FY", "revenue": 2968900000, "costOfRevenue": 1480550000, "grossProfit": 1488350000, "grossProfitRatio": 0.5013136178, "researchAndDevelopmentExpenses": 1072740000, "generalAndAdministrativeExpenses": 466640000, "sellingAndMarketingExpenses": 600000, "sellingGeneralAndAdministrativeExpenses": 467240000, "otherExpenses": 2886000, "operatingExpenses": 1539980000, "costAndExpenses": 3020530000, "interestIncome": 2599000, "interestExpense": 69264000, "depreciationAndAmortization": 641528000, "ebitda": 595383000, "ebitdaratio": 0.2005399306, "operatingIncome": -46145000, "operatingIncomeRatio": -0.0155427936, "totalOtherIncomeExpensesNet": -276023000, "incomeBeforeTax": -322168000, "incomeBeforeTaxRatio": -0.1085142645, "incomeTaxExpense": -44870000, "netIncome": -277298000, "netIncomeRatio": -0.0934009229, "eps": -0.41, "epsdiluted": -0.41, "weightedAverageShsOut": 668772000, "weightedAverageShsOutDil": 668772000, "link": null, "finalLink": null, "calculatedOtherExpenses": -5485000, "calculatedOperatingExpenses": 1534495000, "calculatedNetInterest": -66665000, "calculatedOtherIncome": -209358000, "calculatedIncomeNonControlling": 0, "calculatedEbitda": 595383000}, {"date": "2020-01-31", "symbol": "MRVL", "reportedCurrency": "USD", "cik": "0001835632", "fillingDate": "2020-01-31", "acceptedDate": "2020-01-31 00:00:00", "calendarYear": "2020", "period": "FY", "revenue": 2699161000, "costOfRevenue": 1342220000, "grossProfit": 1356941000, "grossProfitRatio": 0.5027269585, "researchAndDevelopmentExpenses": 1080391000, "generalAndAdministrativeExpenses": 463780000, "sellingAndMarketingExpenses": 800000, "sellingGeneralAndAdministrativeExpenses": 464580000, "otherExpenses": 1122555000, "operatingExpenses": 1544971000, "costAndExpenses": 2887191000, "interestIncome": 4816000, "interestExpense": 85631000, "depreciationAndAmortization": 524740000, "ebitda": 1464081000, "ebitdaratio": 0.5424207745, "operatingIncome": 939341000, "operatingIncomeRatio": 0.3480122156, "totalOtherIncomeExpensesNet": -140959000, "incomeBeforeTax": 798382000, "incomeBeforeTaxRatio": 0.2957889507, "incomeTaxExpense": -786009000, "netIncome": 1584391000, "netIncomeRatio": 0.5869938844, "eps": 2.38, "epsdiluted": 2.34, "weightedAverageShsOut": 664709000, "weightedAverageShsOutDil": 676094000, "link": null, "finalLink": null, "calculatedOtherExpenses": -1127371000, "calculatedOperatingExpenses": 417600000, "calculatedNetInterest": -80815000, "calculatedOtherIncome": -60144000, "calculatedIncomeNonControlling": 0, "calculatedEbitda": 1464081000}, {"date": "2019-01-31", "symbol": "MRVL", "reportedCurrency": "USD", "cik": "0001835632", "fillingDate": "2019-01-31", "acceptedDate": "2019-01-31 00:00:00", "calendarYear": "2019", "period": "FY", "revenue": 2865791000, "costOfRevenue": 1407399000, "grossProfit": 1458392000, "grossProfitRatio": 0.5088968456, "researchAndDevelopmentExpenses": 914009000, "generalAndAdministrativeExpenses": 0, "sellingAndMarketingExpenses": 424360000, "sellingGeneralAndAdministrativeExpenses": 424360000, "otherExpenses": 519000, "operatingExpenses": 1338369000, "costAndExpenses": 2745768000, "interestIncome": 11926000, "interestExpense": 60362000, "depreciationAndAmortization": 307301000, "ebitda": 439769000, "ebitdaratio": 0.1534546657, "operatingIncome": 43270000, "operatingIncomeRatio": 0.0150987982, "totalOtherIncomeExpensesNet": -76234000, "incomeBeforeTax": -4647000, "incomeBeforeTaxRatio": -0.0016215418, "incomeTaxExpense": 174447000, "netIncome": -179094000, "netIncomeRatio": -0.0624937408, "eps": -0.3, "epsdiluted": -0.3, "weightedAverageShsOut": 591232000, "weightedAverageShsOutDil": 591232000, "link": null, "finalLink": null, "calculatedOtherExpenses": 76753000, "calculatedOperatingExpenses": 1415122000, "calculatedNetInterest": -48436000, "calculatedOtherIncome": 519000, "calculatedIncomeNonControlling": 0, "calculatedEbitda": 350571000}, {"date": "2018-01-31", "symbol": "MRVL", "reportedCurrency": "USD", "cik": "0001835632", "fillingDate": "2018-01-31", "acceptedDate": "2018-01-31 00:00:00", "calendarYear": "2018", "period": "FY", "revenue": 2409170000, "costOfRevenue": 947230000, "grossProfit": 1461940000, "grossProfitRatio": 0.6068230968, "researchAndDevelopmentExpenses": 714444000, "generalAndAdministrativeExpenses": 0, "sellingAndMarketingExpenses": 238166000, "sellingGeneralAndAdministrativeExpenses": 238166000, "otherExpenses": 2364000, "operatingExpenses": 952610000, "costAndExpenses": 1899840000, "interestIncome": 17381000, "interestExpense": 685000, "depreciationAndAmortization": 87057000, "ebitda": 676022000, "ebitdaratio": 0.2806036934, "operatingIncome": 429695000, "operatingIncomeRatio": 0.1783581067, "totalOtherIncomeExpensesNet": -79635000, "incomeBeforeTax": 451204000, "incomeBeforeTaxRatio": 0.1872860778, "incomeTaxExpense": 18062000, "netIncome": 520831000, "netIncomeRatio": 0.2161869025, "eps": 1.05, "epsdiluted": 1.02, "weightedAverageShsOut": 498008000, "weightedAverageShsOutDil": 509667000, "link": null, "finalLink": null, "calculatedOtherExpenses": 79635000, "calculatedOperatingExpenses": 1032245000, "calculatedNetInterest": 16696000, "calculatedOtherIncome": 4813000, "calculatedIncomeNonControlling": -87689000, "calculatedEbitda": 516752000}, {"date": "2017-01-31", "symbol": "MRVL", "reportedCurrency": "USD", "cik": "0001835632", "fillingDate": "2017-01-31", "acceptedDate": "2017-01-31 00:00:00", "calendarYear": "2017", "period": "FY", "revenue": 2317674000, "costOfRevenue": 1029527000, "grossProfit": 1288147000, "grossProfitRatio": 0.5557930063, "researchAndDevelopmentExpenses": 880050000, "generalAndAdministrativeExpenses": 181416000, "sellingAndMarketingExpenses": 118311000, "sellingGeneralAndAdministrativeExpenses": 299727000, "otherExpenses": 946000, "operatingExpenses": 1188153000, "costAndExpenses": 2217680000, "interestIncome": 13198000, "interestExpense": 368000, "depreciationAndAmortization": 118492000, "ebitda": 218486000, "ebitdaratio": 0.0942695133, "operatingIncome": 99994000, "operatingIncomeRatio": 0.0431441178, "totalOtherIncomeExpensesNet": -100994000, "incomeBeforeTax": 117016000, "incomeBeforeTaxRatio": 0.0504885502, "incomeTaxExpense": 73022000, "netIncome": 21151000, "netIncomeRatio": 0.0091259599, "eps": 0.04, "epsdiluted": 0.04, "weightedAverageShsOut": 509738000, "weightedAverageShsOutDil": 517513000, "link": null, "finalLink": null, "calculatedOtherExpenses": 8376000, "calculatedOperatingExpenses": 1188153000, "calculatedNetInterest": 12830000, "calculatedOtherIncome": 4192000, "calculatedIncomeNonControlling": 22843000, "calculatedEbitda": 218486000}, {"date": "2016-01-31", "symbol": "MRVL", "reportedCurrency": "USD", "cik": "0001835632", "fillingDate": "2016-01-31", "acceptedDate": "2016-01-31 00:00:00", "calendarYear": "2016", "period": "FY", "revenue": 2725828000, "costOfRevenue": 1494736000, "grossProfit": 1231092000, "grossProfitRatio": 0.4516396486, "researchAndDevelopmentExpenses": 1101446000, "generalAndAdministrativeExpenses": 150173000, "sellingAndMarketingExpenses": 130797000, "sellingGeneralAndAdministrativeExpenses": 280970000, "otherExpenses": -2773000, "operatingExpenses": 1393164000, "costAndExpenses": 2887900000, "interestIncome": 15982000, "interestExpense": 706000, "depreciationAndAmortization": 112864000, "ebitda": 605459000, "ebitdaratio": 0.2221192973, "operatingIncome": -816739000, "operatingIncomeRatio": -0.2996296905, "totalOtherIncomeExpensesNet": -654667000, "incomeBeforeTax": -799054000, "incomeBeforeTaxRatio": -0.2931417536, "incomeTaxExpense": 12346000, "netIncome": -811400000, "netIncomeRatio": -0.2976710196, "eps": -1.59, "epsdiluted": -1.59, "weightedAverageShsOut": 509269655, "weightedAverageShsOutDil": 510945000, "link": null, "finalLink": null, "calculatedOtherExpenses": 665415000, "calculatedOperatingExpenses": 2047831000, "calculatedNetInterest": 15276000, "calculatedOtherIncome": 2409000, "calculatedIncomeNonControlling": 0, "calculatedEbitda": -703875000}, {"date": "2015-01-31", "symbol": "MRVL", "reportedCurrency": "USD", "cik": "0001835632", "fillingDate": "2015-01-31", "acceptedDate": "2015-01-31 00:00:00", "calendarYear": "2015", "period": "FY", "revenue": 3706963000, "costOfRevenue": 1843706000, "grossProfit": 1863257000, "grossProfitRatio": 0.5026370644, "researchAndDevelopmentExpenses": 1164059000, "generalAndAdministrativeExpenses": 130030000, "sellingAndMarketingExpenses": 143952000, "sellingGeneralAndAdministrativeExpenses": 273982000, "otherExpenses": 16397000, "operatingExpenses": 1454438000, "costAndExpenses": 3298144000, "interestIncome": 0, "interestExpense": 0, "depreciationAndAmortization": 124585000, "ebitda": 533404000, "ebitdaratio": 0.1438924532, "operatingIncome": 408819000, "operatingIncomeRatio": 0.1102840789, "totalOtherIncomeExpensesNet": 23334000, "incomeBeforeTax": 432153000, "incomeBeforeTaxRatio": 0.1165787196, "incomeTaxExpense": -3193000, "netIncome": 435346000, "netIncomeRatio": 0.1174400716, "eps": 0.85, "epsdiluted": 0.84, "weightedAverageShsOut": 511089000, "weightedAverageShsOutDil": 520760000, "link": null, "finalLink": null, "calculatedOtherExpenses": 16397000, "calculatedOperatingExpenses": 1454438000, "calculatedNetInterest": 0, "calculatedOtherIncome": 23334000, "calculatedIncomeNonControlling": 0, "calculatedEbitda": 533404000}, {"date": "2014-01-31", "symbol": "MRVL", "reportedCurrency": "USD", "cik": "0001835632", "fillingDate": "2014-01-31", "acceptedDate": "2014-01-31 00:00:00", "calendarYear": "2014", "period": "FY", "revenue": 3404400000, "costOfRevenue": 1654230000, "grossProfit": 1750170000, "grossProfitRatio": 0.5140905886, "researchAndDevelopmentExpenses": 1156885000, "generalAndAdministrativeExpenses": 106471000, "sellingAndMarketingExpenses": 152698000, "sellingGeneralAndAdministrativeExpenses": 259169000, "otherExpenses": 43925000, "operatingExpenses": 1459979000, "costAndExpenses": 3114209000, "interestIncome": 0, "interestExpense": 0, "depreciationAndAmortization": 146758000, "ebitda": 436949000, "ebitdaratio": 0.1283483139, "operatingIncome": 290191000, "operatingIncomeRatio": 0.0852399836, "totalOtherIncomeExpensesNet": 25566000, "incomeBeforeTax": 315757000, "incomeBeforeTaxRatio": 0.0927496769, "incomeTaxExpense": -9063000, "netIncome": 324820000, "netIncomeRatio": 0.09541182, "eps": 0.65, "epsdiluted": 0.64, "weightedAverageShsOut": 496518000, "weightedAverageShsOutDil": 504413000, "link": null, "finalLink": null, "calculatedOtherExpenses": 43925000, "calculatedOperatingExpenses": 1459979000, "calculatedNetInterest": 0, "calculatedOtherIncome": 25566000, "calculatedIncomeNonControlling": 0, "calculatedEbitda": 436949000}, {"date": "2013-01-31", "symbol": "MRVL", "reportedCurrency": "USD", "cik": "0001835632", "fillingDate": "2013-01-31", "acceptedDate": "2013-01-31 00:00:00", "calendarYear": "2013", "period": "FY", "revenue": 3168630000, "costOfRevenue": 1493497000, "grossProfit": 1675133000, "grossProfitRatio": 0.5286615982, "researchAndDevelopmentExpenses": 1057445000, "generalAndAdministrativeExpenses": 108514000, "sellingAndMarketingExpenses": 161817000, "sellingGeneralAndAdministrativeExpenses": 270331000, "otherExpenses": 52700000, "operatingExpenses": 1380476000, "costAndExpenses": 2873973000, "interestIncome": 0, "interestExpense": 0, "depreciationAndAmortization": 143728000, "ebitda": 438385000, "ebitdaratio": 0.1383515904, "operatingIncome": 294657000, "operatingIncomeRatio": 0.092991924, "totalOtherIncomeExpensesNet": 15533000, "incomeBeforeTax": 310190000, "incomeBeforeTaxRatio": 0.0978940425, "incomeTaxExpense": 3605000, "netIncome": 306585000, "netIncomeRatio": 0.0967563269, "eps": 0.55, "epsdiluted": 0.54, "weightedAverageShsOut": 555310000, "weightedAverageShsOutDil": 563123000, "link": null, "finalLink": null, "calculatedOtherExpenses": 52700000, "calculatedOperatingExpenses": 1380476000, "calculatedNetInterest": 0, "calculatedOtherIncome": 15533000, "calculatedIncomeNonControlling": 0, "calculatedEbitda": 438385000}, {"date": "2012-01-31", "symbol": "MRVL", "reportedCurrency": "USD", "cik": "0001835632", "fillingDate": "2012-01-31", "acceptedDate": "2012-01-31 00:00:00", "calendarYear": "2012", "period": "FY", "revenue": 3393040000, "costOfRevenue": 1465805000, "grossProfit": 1927235000, "grossProfitRatio": 0.5679965459, "researchAndDevelopmentExpenses": 1013678000, "generalAndAdministrativeExpenses": 100620000, "sellingAndMarketingExpenses": 159434000, "sellingGeneralAndAdministrativeExpenses": 260054000, "otherExpenses": 49357000, "operatingExpenses": 1323089000, "costAndExpenses": 2788894000, "interestIncome": 0, "interestExpense": 0, "depreciationAndAmortization": 137811000, "ebitda": 741957000, "ebitdaratio": 0.218670278, "operatingIncome": 604146000, "operatingIncomeRatio": 0.178054488, "totalOtherIncomeExpensesNet": 14913000, "incomeBeforeTax": 619059000, "incomeBeforeTaxRatio": 0.1824496617, "incomeTaxExpense": 3968000, "netIncome": 615091000, "netIncomeRatio": 0.1812802089, "eps": 1.01, "epsdiluted": 0.99, "weightedAverageShsOut": 607857000, "weightedAverageShsOutDil": 623268000, "link": null, "finalLink": null, "calculatedOtherExpenses": 49357000, "calculatedOperatingExpenses": 1323089000, "calculatedNetInterest": 0, "calculatedOtherIncome": 14913000, "calculatedIncomeNonControlling": 0, "calculatedEbitda": 741957000}, {"date": "2011-01-31", "symbol": "MRVL", "reportedCurrency": "USD", "cik": "0001835632", "fillingDate": "2011-01-31", "acceptedDate": "2011-01-31 00:00:00", "calendarYear": "2011", "period": "FY", "revenue": 3611893000, "costOfRevenue": 1473274000, "grossProfit": 2138619000, "grossProfitRatio": 0.5921047495, "researchAndDevelopmentExpenses": 897578000, "generalAndAdministrativeExpenses": 104830000, "sellingAndMarketingExpenses": 155481000, "sellingGeneralAndAdministrativeExpenses": 260311000, "otherExpenses": 79538000, "operatingExpenses": 1237427000, "costAndExpenses": 2710701000, "interestIncome": 9414000, "interestExpense": 144000, "depreciationAndAmortization": 93190000, "ebitda": 985112000, "ebitdaratio": 0.2727411914, "operatingIncome": 901192000, "operatingIncomeRatio": 0.2495068376, "totalOtherIncomeExpensesNet": 9270000, "incomeBeforeTax": 910462000, "incomeBeforeTaxRatio": 0.2520733588, "incomeTaxExpense": 6333000, "netIncome": 904129000, "netIncomeRatio": 0.2503199846, "eps": 1.39, "epsdiluted": 1.34, "weightedAverageShsOut": 648347000, "weightedAverageShsOutDil": 676878000, "link": null, "finalLink": null, "calculatedOtherExpenses": 79538000, "calculatedOperatingExpenses": 1237427000, "calculatedNetInterest": 9270000, "calculatedOtherIncome": 0, "calculatedIncomeNonControlling": 0, "calculatedEbitda": 994382000}, {"date": "2010-01-31", "symbol": "MRVL", "reportedCurrency": "USD", "cik": "0001835632", "fillingDate": "2010-01-31", "acceptedDate": "2010-01-31 00:00:00", "calendarYear": "2010", "period": "FY", "revenue": 2807687000, "costOfRevenue": 1227096000, "grossProfit": 1580591000, "grossProfitRatio": 0.5629512834, "researchAndDevelopmentExpenses": 828176000, "generalAndAdministrativeExpenses": 171362000, "sellingAndMarketingExpenses": 139404000, "sellingGeneralAndAdministrativeExpenses": 310766000, "otherExpenses": 107534000, "operatingExpenses": 1246476000, "costAndExpenses": 2473572000, "interestIncome": 10727000, "interestExpense": 1732000, "depreciationAndAmortization": 206748000, "ebitda": 531868000, "ebitdaratio": 0.1894327965, "operatingIncome": 334115000, "operatingIncomeRatio": 0.119000088, "totalOtherIncomeExpensesNet": 8995000, "incomeBeforeTax": 343110000, "incomeBeforeTaxRatio": 0.1222037927, "incomeTaxExpense": -10346000, "netIncome": 353456000, "netIncomeRatio": 0.1258886763, "eps": 0.57, "epsdiluted": 0.54, "weightedAverageShsOut": 623934000, "weightedAverageShsOutDil": 653741000, "link": null, "finalLink": null, "calculatedOtherExpenses": 107534000, "calculatedOperatingExpenses": 1246476000, "calculatedNetInterest": 8995000, "calculatedOtherIncome": 0, "calculatedIncomeNonControlling": 0, "calculatedEbitda": 540863000}, {"date": "2009-01-31", "symbol": "MRVL", "reportedCurrency": "USD", "cik": "0001835632", "fillingDate": "2009-01-31", "acceptedDate": "2009-01-31 00:00:00", "calendarYear": "2009", "period": "FY", "revenue": 2950563000, "costOfRevenue": 1426624000, "grossProfit": 1523939000, "grossProfitRatio": 0.5164909205, "researchAndDevelopmentExpenses": 929990000, "generalAndAdministrativeExpenses": 104788000, "sellingAndMarketingExpenses": 160973000, "sellingGeneralAndAdministrativeExpenses": 265761000, "otherExpenses": 153323000, "operatingExpenses": 1349074000, "costAndExpenses": 2775698000, "interestIncome": 23651000, "interestExpense": 17994000, "depreciationAndAmortization": 112824000, "ebitda": 297378000, "ebitdaratio": 0.1007868668, "operatingIncome": 165176000, "operatingIncomeRatio": 0.0559811805, "totalOtherIncomeExpensesNet": -9689000, "incomeBeforeTax": 170833000, "incomeBeforeTaxRatio": 0.0578984418, "incomeTaxExpense": 23591000, "netIncome": 147242000, "netIncomeRatio": 0.0499030185, "eps": 0.24, "epsdiluted": 0.23, "weightedAverageShsOut": 608747000, "weightedAverageShsOutDil": 630328000, "link": null, "finalLink": null, "calculatedOtherExpenses": 163012000, "calculatedOperatingExpenses": 1358763000, "calculatedNetInterest": 5657000, "calculatedOtherIncome": 0, "calculatedIncomeNonControlling": 0, "calculatedEbitda": 278000000}, {"date": "2008-01-31", "symbol": "MRVL", "reportedCurrency": "USD", "cik": "0001835632", "fillingDate": "2008-01-31", "acceptedDate": "2008-01-31 00:00:00", "calendarYear": "2008", "period": "FY", "revenue": 2894693000, "costOfRevenue": 1497796000, "grossProfit": 1396897000, "grossProfitRatio": 0.4825717269, "researchAndDevelopmentExpenses": 988996000, "generalAndAdministrativeExpenses": 0, "sellingAndMarketingExpenses": 0, "sellingGeneralAndAdministrativeExpenses": 349901000, "otherExpenses": 155734000, "operatingExpenses": 1494631000, "costAndExpenses": 2992427000, "interestIncome": 0, "interestExpense": 0, "depreciationAndAmortization": 261546000, "ebitda": 171668000, "ebitdaratio": 0.0593043891, "operatingIncome": -105590000, "operatingIncomeRatio": -0.0364770979, "totalOtherIncomeExpensesNet": -7856000, "incomeBeforeTax": -108244000, "incomeBeforeTaxRatio": -0.0373939482, "incomeTaxExpense": 6183000, "netIncome": -114427000, "netIncomeRatio": -0.039529926, "eps": -0.19, "epsdiluted": -0.19, "weightedAverageShsOut": 590308000, "weightedAverageShsOutDil": 590308000, "link": null, "finalLink": null, "calculatedOtherExpenses": 163590000, "calculatedOperatingExpenses": 1502487000, "calculatedNetInterest": 0, "calculatedOtherIncome": -2654000, "calculatedIncomeNonControlling": 0, "calculatedEbitda": 155956000}, {"date": "2007-01-31", "symbol": "MRVL", "reportedCurrency": "USD", "cik": "0001835632", "fillingDate": "2007-01-31", "acceptedDate": "2007-01-31 00:00:00", "calendarYear": "2007", "period": "FY", "revenue": 2237553000, "costOfRevenue": 1100241000, "grossProfit": 1137312000, "grossProfitRatio": 0.5082838261, "researchAndDevelopmentExpenses": 658211000, "generalAndAdministrativeExpenses": 0, "sellingAndMarketingExpenses": 0, "sellingGeneralAndAdministrativeExpenses": 290257000, "otherExpenses": 109987000, "operatingExpenses": 1058455000, "costAndExpenses": 2158696000, "interestIncome": 23756000, "interestExpense": 10207000, "depreciationAndAmortization": 187147000, "ebitda": 343804000, "ebitdaratio": 0.1536517794, "operatingIncome": 1057000, "operatingIncomeRatio": 0.000472391, "totalOtherIncomeExpensesNet": -77800000, "incomeBeforeTax": 14606000, "incomeBeforeTaxRatio": 0.0065276666, "incomeTaxExpense": 35547000, "netIncome": -12095000, "netIncomeRatio": -0.0054054586, "eps": -0.0206, "epsdiluted": -0.0206, "weightedAverageShsOut": 586152000, "weightedAverageShsOutDil": 586152000, "link": null, "finalLink": null, "calculatedOtherExpenses": 187787000, "calculatedOperatingExpenses": 1136255000, "calculatedNetInterest": 13549000, "calculatedOtherIncome": 0, "calculatedIncomeNonControlling": -8846000, "calculatedEbitda": 188204000}, {"date": "2006-01-31", "symbol": "MRVL", "reportedCurrency": "USD", "cik": "0001835632", "fillingDate": "2006-01-31", "acceptedDate": "2006-01-31 00:00:00", "calendarYear": "2006", "period": "FY", "revenue": 1670266000, "costOfRevenue": 776633000, "grossProfit": 893633000, "grossProfitRatio": 0.5350243614, "researchAndDevelopmentExpenses": 311498000, "generalAndAdministrativeExpenses": 0, "sellingAndMarketingExpenses": 0, "sellingGeneralAndAdministrativeExpenses": 124219000, "otherExpenses": 93894000, "operatingExpenses": 529611000, "costAndExpenses": 1306244000, "interestIncome": 0, "interestExpense": 0, "depreciationAndAmortization": 150654000, "ebitda": 518976000, "ebitdaratio": 0.3107145808, "operatingIncome": 359722000, "operatingIncomeRatio": 0.2153680911, "totalOtherIncomeExpensesNet": -4300000, "incomeBeforeTax": 379091000, "incomeBeforeTaxRatio": 0.2269644476, "incomeTaxExpense": 47728000, "netIncome": 331363000, "netIncomeRatio": 0.1983893583, "eps": 0.59, "epsdiluted": 0.53, "weightedAverageShsOut": 565870000, "weightedAverageShsOutDil": 631316000, "link": null, "finalLink": null, "calculatedOtherExpenses": 98194000, "calculatedOperatingExpenses": 533911000, "calculatedNetInterest": 0, "calculatedOtherIncome": 19369000, "calculatedIncomeNonControlling": 0, "calculatedEbitda": 510376000}, {"date": "2005-01-31", "symbol": "MRVL", "reportedCurrency": "USD", "cik": "0001835632", "fillingDate": "2005-01-31", "acceptedDate": "2005-01-31 00:00:00", "calendarYear": "2005", "period": "FY", "revenue": 1224580000, "costOfRevenue": 581757000, "grossProfit": 642823000, "grossProfitRatio": 0.5249334466, "researchAndDevelopmentExpenses": 263261000, "generalAndAdministrativeExpenses": 0, "sellingAndMarketingExpenses": 0, "sellingGeneralAndAdministrativeExpenses": 108790000, "otherExpenses": 108925000, "operatingExpenses": 480976000, "costAndExpenses": 1062733000, "interestIncome": 0, "interestExpense": 0, "depreciationAndAmortization": 127334000, "ebitda": 291595000, "ebitdaratio": 0.2381183753, "operatingIncome": 161847000, "operatingIncomeRatio": 0.1321653138, "totalOtherIncomeExpensesNet": -2414000, "incomeBeforeTax": 169504000, "incomeBeforeTaxRatio": 0.1384180699, "incomeTaxExpense": 27843000, "netIncome": 141661000, "netIncomeRatio": 0.1156812948, "eps": 0.27, "epsdiluted": 0.24, "weightedAverageShsOut": 539374000, "weightedAverageShsOutDil": 598024000, "link": null, "finalLink": null, "calculatedOtherExpenses": 108925000, "calculatedOperatingExpenses": 480976000, "calculatedNetInterest": 0, "calculatedOtherIncome": 7657000, "calculatedIncomeNonControlling": 0, "calculatedEbitda": 289181000}, {"date": "2004-01-31", "symbol": "MRVL", "reportedCurrency": "USD", "cik": "0001835632", "fillingDate": "2004-01-31", "acceptedDate": "2004-01-31 00:00:00", "calendarYear": "2004", "period": "FY", "revenue": 819762000, "costOfRevenue": 382206000, "grossProfit": 437556000, "grossProfitRatio": 0.5337597986, "researchAndDevelopmentExpenses": 213740000, "generalAndAdministrativeExpenses": 0, "sellingAndMarketingExpenses": 0, "sellingGeneralAndAdministrativeExpenses": 81354000, "otherExpenses": 85333000, "operatingExpenses": 380427000, "costAndExpenses": 762633000, "interestIncome": 0, "interestExpense": 0, "depreciationAndAmortization": 119015000, "ebitda": 176144000, "ebitdaratio": 0.2148721214, "operatingIncome": 57129000, "operatingIncomeRatio": 0.0696897392, "totalOtherIncomeExpensesNet": 6223000, "incomeBeforeTax": 63352000, "incomeBeforeTaxRatio": 0.0772809669, "incomeTaxExpense": 17842000, "netIncome": 45510000, "netIncomeRatio": 0.0555161132, "eps": -0.04, "epsdiluted": -0.04, "weightedAverageShsOut": 503108000, "weightedAverageShsOutDil": 503108000, "link": null, "finalLink": null, "calculatedOtherExpenses": 85333000, "calculatedOperatingExpenses": 380427000, "calculatedNetInterest": 0, "calculatedOtherIncome": 6223000, "calculatedIncomeNonControlling": 0, "calculatedEbitda": 176144000}, {"date": "2003-01-31", "symbol": "MRVL", "reportedCurrency": "USD", "cik": "0001835632", "fillingDate": "2003-01-31", "acceptedDate": "2003-01-31 00:00:00", "calendarYear": "2003", "period": "FY", "revenue": 505285000, "costOfRevenue": 233039000, "grossProfit": 272246000, "grossProfitRatio": 0.5387969166, "researchAndDevelopmentExpenses": 145722000, "generalAndAdministrativeExpenses": 0, "sellingAndMarketingExpenses": 0, "sellingGeneralAndAdministrativeExpenses": 62794000, "otherExpenses": 134698000, "operatingExpenses": 343214000, "costAndExpenses": 576253000, "interestIncome": 0, "interestExpense": 0, "depreciationAndAmortization": 138478000, "ebitda": 87072000, "ebitdaratio": 0.1723225506, "operatingIncome": -70968000, "operatingIncomeRatio": -0.1404514284, "totalOtherIncomeExpensesNet": -19562000, "incomeBeforeTax": -63650000, "incomeBeforeTaxRatio": -0.1259685128, "incomeTaxExpense": 8524000, "netIncome": -72174000, "netIncomeRatio": -0.1428382002, "eps": -0.15, "epsdiluted": -0.15, "weightedAverageShsOut": 476960000, "weightedAverageShsOutDil": 476960000, "link": null, "finalLink": null, "calculatedOtherExpenses": 134698000, "calculatedOperatingExpenses": 343214000, "calculatedNetInterest": 0, "calculatedOtherIncome": 7318000, "calculatedIncomeNonControlling": 0, "calculatedEbitda": 67510000}, {"date": "2002-01-31", "symbol": "MRVL", "reportedCurrency": "USD", "cik": "0001835632", "fillingDate": "2002-01-31", "acceptedDate": "2002-01-31 00:00:00", "calendarYear": "2002", "period": "FY", "revenue": 288795000, "costOfRevenue": 130807000, "grossProfit": 157988000, "grossProfitRatio": 0.5470593327, "researchAndDevelopmentExpenses": 93422000, "generalAndAdministrativeExpenses": 0, "sellingAndMarketingExpenses": 0, "sellingGeneralAndAdministrativeExpenses": 53361000, "otherExpenses": 433054000, "operatingExpenses": 579837000, "costAndExpenses": 710644000, "interestIncome": 0, "interestExpense": 0, "depreciationAndAmortization": 449715000, "ebitda": 27866000, "ebitdaratio": 0.0964905902, "operatingIncome": -421849000, "operatingIncomeRatio": -1.4607212729, "totalOtherIncomeExpensesNet": 9994000, "incomeBeforeTax": -411855000, "incomeBeforeTaxRatio": -1.4261154106, "incomeTaxExpense": 3299000, "netIncome": -415154000, "netIncomeRatio": -1.4375387386, "eps": -0.91, "epsdiluted": -0.91, "weightedAverageShsOut": 457412000, "weightedAverageShsOutDil": 457412000, "link": null, "finalLink": null, "calculatedOtherExpenses": 433054000, "calculatedOperatingExpenses": 579837000, "calculatedNetInterest": 0, "calculatedOtherIncome": 9994000, "calculatedIncomeNonControlling": 0, "calculatedEbitda": 27866000}, {"date": "2001-01-31", "symbol": "MRVL", "reportedCurrency": "USD", "cik": "0001835632", "fillingDate": "2001-01-31", "acceptedDate": "2001-01-31 00:00:00", "calendarYear": "2001", "period": "FY", "revenue": 143894000, "costOfRevenue": 67047000, "grossProfit": 76847000, "grossProfitRatio": 0.5340528445, "researchAndDevelopmentExpenses": 35152000, "generalAndAdministrativeExpenses": 0, "sellingAndMarketingExpenses": 0, "sellingGeneralAndAdministrativeExpenses": 27871000, "otherExpenses": 16290000, "operatingExpenses": 79313000, "costAndExpenses": 146360000, "interestIncome": 0, "interestExpense": 0, "depreciationAndAmortization": 21003000, "ebitda": 253411000, "ebitdaratio": 1.7610949727, "operatingIncome": -237340000, "operatingIncomeRatio": -1.6494085924, "totalOtherIncomeExpensesNet": -234874000, "incomeBeforeTax": -232781000, "incomeBeforeTaxRatio": -1.617725548, "incomeTaxExpense": 2339000, "netIncome": -235120000, "netIncomeRatio": -1.633980569, "eps": -0.89, "epsdiluted": -0.89, "weightedAverageShsOut": 265036000, "weightedAverageShsOutDil": 265036000, "link": null, "finalLink": null, "calculatedOtherExpenses": 251164000, "calculatedOperatingExpenses": 314187000, "calculatedNetInterest": 0, "calculatedOtherIncome": 4559000, "calculatedIncomeNonControlling": 0, "calculatedEbitda": -216337000}, {"date": "2000-01-31", "symbol": "MRVL", "reportedCurrency": "USD", "cik": "0001835632", "fillingDate": "2000-01-31", "acceptedDate": "2000-01-31 00:00:00", "calendarYear": "2000", "period": "FY", "revenue": 81375000, "costOfRevenue": 33773000, "grossProfit": 47602000, "grossProfitRatio": 0.5849708141, "researchAndDevelopmentExpenses": 14452000, "generalAndAdministrativeExpenses": 0, "sellingAndMarketingExpenses": 0, "sellingGeneralAndAdministrativeExpenses": 13879000, "otherExpenses": 2175000, "operatingExpenses": 30506000, "costAndExpenses": 64279000, "interestIncome": 0, "interestExpense": 0, "depreciationAndAmortization": 3827000, "ebitda": 20923000, "ebitdaratio": 0.2571182796, "operatingIncome": 17096000, "operatingIncomeRatio": 0.2100890937, "totalOtherIncomeExpensesNet": 330000, "incomeBeforeTax": 17426000, "incomeBeforeTaxRatio": 0.2141443932, "incomeTaxExpense": 4356000, "netIncome": 13070000, "netIncomeRatio": 0.1606144393, "eps": 0.08, "epsdiluted": 0.04, "weightedAverageShsOut": 164376000, "weightedAverageShsOutDil": 326180000, "link": null, "finalLink": null, "calculatedOtherExpenses": 2175000, "calculatedOperatingExpenses": 30506000, "calculatedNetInterest": 0, "calculatedOtherIncome": 330000, "calculatedIncomeNonControlling": 0, "calculatedEbitda": 20923000}, {"date": "1999-01-31", "symbol": "MRVL", "reportedCurrency": "USD", "cik": "0001835632", "fillingDate": "1999-01-31", "acceptedDate": "1999-01-31 00:00:00", "calendarYear": "1999", "period": "FY", "revenue": 21253000, "costOfRevenue": 10103000, "grossProfit": 11150000, "grossProfitRatio": 0.5246318167, "researchAndDevelopmentExpenses": 5837000, "generalAndAdministrativeExpenses": 1190000, "sellingAndMarketingExpenses": 4631000, "sellingGeneralAndAdministrativeExpenses": 5821000, "otherExpenses": 10145000, "operatingExpenses": 21803000, "costAndExpenses": 31906000, "interestIncome": 0, "interestExpense": 0, "depreciationAndAmortization": -10103000, "ebitda": -10653000, "ebitdaratio": -0.5012468828, "operatingIncome": -550000, "operatingIncomeRatio": -0.0258786995, "totalOtherIncomeExpensesNet": 74000, "incomeBeforeTax": -476000, "incomeBeforeTaxRatio": -0.0223968381, "incomeTaxExpense": 483000, "netIncome": -959000, "netIncomeRatio": -0.0451230415, "eps": -0.0074, "epsdiluted": -0.0074, "weightedAverageShsOut": 129880000, "weightedAverageShsOutDil": 129880000, "link": null, "finalLink": null, "calculatedOtherExpenses": 42000, "calculatedOperatingExpenses": 11700000, "calculatedNetInterest": 0, "calculatedOtherIncome": 74000, "calculatedIncomeNonControlling": 0, "calculatedEbitda": -10653000}, {"date": "1998-01-31", "symbol": "MRVL", "reportedCurrency": "USD", "cik": "0001835632", "fillingDate": "1998-01-31", "acceptedDate": "1998-01-31 00:00:00", "calendarYear": "1998", "period": "FY", "revenue": 625000, "costOfRevenue": 312000, "grossProfit": 313000, "grossProfitRatio": 0.5008, "researchAndDevelopmentExpenses": 5018000, "generalAndAdministrativeExpenses": 1028000, "sellingAndMarketingExpenses": 1671000, "sellingGeneralAndAdministrativeExpenses": 2699000, "otherExpenses": 312000, "operatingExpenses": 8029000, "costAndExpenses": 8341000, "interestIncome": 0, "interestExpense": 0, "depreciationAndAmortization": -312000, "ebitda": -7716000, "ebitdaratio": -12.3456, "operatingIncome": -7404000, "operatingIncomeRatio": -11.8464, "totalOtherIncomeExpensesNet": 6000, "incomeBeforeTax": -7398000, "incomeBeforeTaxRatio": -11.8368, "incomeTaxExpense": 46000, "netIncome": -7444000, "netIncomeRatio": -11.9104, "eps": -0.0611, "epsdiluted": -0.0611, "weightedAverageShsOut": 121744000, "weightedAverageShsOutDil": 121744000, "link": null, "finalLink": null, "calculatedOtherExpenses": 0, "calculatedOperatingExpenses": 7717000, "calculatedNetInterest": 0, "calculatedOtherIncome": 6000, "calculatedIncomeNonControlling": 0, "calculatedEbitda": -7716000}]}