{"originalCurrency": "USD", "convertedCurrency": "USD", "report": [{"date": "2023-12-31", "symbol": "MS", "reportedCurrency": "USD", "cik": "0000895421", "fillingDate": "2024-02-22", "acceptedDate": "2024-02-22 16:08:52", "calendarYear": "2023", "period": "FY", "revenue": 50667000000, "costOfRevenue": 0, "grossProfit": 50667000000, "grossProfitRatio": 1, "researchAndDevelopmentExpenses": 0, "generalAndAdministrativeExpenses": 24205000000, "sellingAndMarketingExpenses": 898000000, "sellingGeneralAndAdministrativeExpenses": 25103000000, "otherExpenses": -64100000000, "operatingExpenses": -38997000000, "costAndExpenses": -38997000000, "interestIncome": 50281000000, "interestExpense": 42051000000, "depreciationAndAmortization": 4256000000, "ebitda": 15926000000, "ebitdaratio": 0.3143268794, "operatingIncome": 11670000000, "operatingIncomeRatio": 0.2303274321, "totalOtherIncomeExpensesNet": 143000000, "incomeBeforeTax": 11813000000, "incomeBeforeTaxRatio": 0.2331497819, "incomeTaxExpense": 2583000000, "netIncome": 9087000000, "netIncomeRatio": 0.1793475043, "eps": 5.24, "epsdiluted": 5.18, "weightedAverageShsOut": 1628000000, "weightedAverageShsOutDil": 1646000000, "link": "https://www.sec.gov/Archives/edgar/data/895421/000089542124000300/0000895421-24-000300-index.htm", "finalLink": "https://www.sec.gov/Archives/edgar/data/895421/000089542124000300/ms-20231231.htm", "calculatedOtherExpenses": 13894000000, "calculatedOperatingExpenses": 38997000000, "calculatedNetInterest": 8230000000, "calculatedOtherIncome": -8087000000, "calculatedIncomeNonControlling": 143000000, "calculatedEbitda": 15926000000}, {"date": "2022-12-31", "symbol": "MS", "reportedCurrency": "USD", "cik": "0000895421", "fillingDate": "2023-02-24", "acceptedDate": "2023-02-24 16:05:43", "calendarYear": "2022", "period": "FY", "revenue": 50210000000, "costOfRevenue": 0, "grossProfit": 50210000000, "grossProfitRatio": 1, "researchAndDevelopmentExpenses": 0, "generalAndAdministrativeExpenses": 3070000000, "sellingAndMarketingExpenses": 905000000, "sellingGeneralAndAdministrativeExpenses": 28716000000, "otherExpenses": -10219000000, "operatingExpenses": 39299000000, "costAndExpenses": 39299000000, "interestIncome": 21595000000, "interestExpense": 12268000000, "depreciationAndAmortization": 3998000000, "ebitda": 13450000000, "ebitdaratio": 0.2678749253, "operatingIncome": 10911000000, "operatingIncomeRatio": 0.2173073093, "totalOtherIncomeExpensesNet": 14089000000, "incomeBeforeTax": 14089000000, "incomeBeforeTaxRatio": 0.2806014738, "incomeTaxExpense": 2910000000, "netIncome": 11029000000, "netIncomeRatio": 0.2196574388, "eps": 6.23, "epsdiluted": 6.15, "weightedAverageShsOut": 1691000000, "weightedAverageShsOutDil": 1713000000, "link": "https://www.sec.gov/Archives/edgar/data/895421/000089542123000284/0000895421-23-000284-index.htm", "finalLink": "https://www.sec.gov/Archives/edgar/data/895421/000089542123000284/ms-20221231.htm", "calculatedOtherExpenses": 10583000000, "calculatedOperatingExpenses": 39299000000, "calculatedNetInterest": 9327000000, "calculatedOtherIncome": -6149000000, "calculatedIncomeNonControlling": 150000000, "calculatedEbitda": 14909000000}, {"date": "2021-12-31", "symbol": "MS", "reportedCurrency": "USD", "cik": "0000895421", "fillingDate": "2022-02-24", "acceptedDate": "2022-02-24 16:06:17", "calendarYear": "2021", "period": "FY", "revenue": 56414000000, "costOfRevenue": 0, "grossProfit": 56414000000, "grossProfitRatio": 1, "researchAndDevelopmentExpenses": 0, "generalAndAdministrativeExpenses": 2933000000, "sellingAndMarketingExpenses": 643000000, "sellingGeneralAndAdministrativeExpenses": 29827000000, "otherExpenses": -9157000000, "operatingExpenses": 40083000000, "costAndExpenses": 40083000000, "interestIncome": 9411000000, "interestExpense": 1366000000, "depreciationAndAmortization": 4216000000, "ebitda": 19114000000, "ebitdaratio": 0.3388166058, "operatingIncome": 16331000000, "operatingIncomeRatio": 0.2894848796, "totalOtherIncomeExpensesNet": 19668000000, "incomeBeforeTax": 19668000000, "incomeBeforeTaxRatio": 0.3486368632, "incomeTaxExpense": 4548000000, "netIncome": 15034000000, "netIncomeRatio": 0.2664941327, "eps": 8.16, "epsdiluted": 8.03, "weightedAverageShsOut": 1785000000, "weightedAverageShsOutDil": 1814000000, "link": "https://www.sec.gov/Archives/edgar/data/895421/000089542122000400/0000895421-22-000400-index.htm", "finalLink": "https://www.sec.gov/Archives/edgar/data/895421/000089542122000400/ms-20211231.htm", "calculatedOtherExpenses": 10256000000, "calculatedOperatingExpenses": 40083000000, "calculatedNetInterest": 8045000000, "calculatedOtherIncome": -4708000000, "calculatedIncomeNonControlling": 86000000, "calculatedEbitda": 20547000000}, {"date": "2020-12-31", "symbol": "MS", "reportedCurrency": "USD", "cik": "0000895421", "fillingDate": "2021-02-26", "acceptedDate": "2021-02-26 16:23:40", "calendarYear": "2020", "period": "FY", "revenue": 45269000000, "costOfRevenue": 0, "grossProfit": 45269000000, "grossProfitRatio": 1, "researchAndDevelopmentExpenses": 0, "generalAndAdministrativeExpenses": 2205000000, "sellingAndMarketingExpenses": 434000000, "sellingGeneralAndAdministrativeExpenses": 24901000000, "otherExpenses": -7635000000, "operatingExpenses": 33578000000, "costAndExpenses": 33578000000, "interestIncome": 10162000000, "interestExpense": 3849000000, "depreciationAndAmortization": 3769000000, "ebitda": 13739000000, "ebitdaratio": 0.3034968742, "operatingIncome": 11691000000, "operatingIncomeRatio": 0.2582562018, "totalOtherIncomeExpensesNet": 14418000000, "incomeBeforeTax": 14418000000, "incomeBeforeTaxRatio": 0.3184961011, "incomeTaxExpense": 3239000000, "netIncome": 10996000000, "netIncomeRatio": 0.2429035322, "eps": 6.55, "epsdiluted": 6.47, "weightedAverageShsOut": 1603000000, "weightedAverageShsOutDil": 1624000000, "link": "https://www.sec.gov/Archives/edgar/data/895421/000089542121000286/0000895421-21-000286-index.htm", "finalLink": "https://www.sec.gov/Archives/edgar/data/895421/000089542121000286/ms-20201231.htm", "calculatedOtherExpenses": 8677000000, "calculatedOperatingExpenses": 33578000000, "calculatedNetInterest": 6313000000, "calculatedOtherIncome": -3586000000, "calculatedIncomeNonControlling": 183000000, "calculatedEbitda": 15460000000}, {"date": "2019-12-31", "symbol": "MS", "reportedCurrency": "USD", "cik": "0000895421", "fillingDate": "2020-02-27", "acceptedDate": "2020-02-27 16:34:27", "calendarYear": "2019", "period": "FY", "revenue": 38926000000, "costOfRevenue": 0, "grossProfit": 38926000000, "grossProfitRatio": 1, "researchAndDevelopmentExpenses": 0, "generalAndAdministrativeExpenses": 2137000000, "sellingAndMarketingExpenses": 660000000, "sellingGeneralAndAdministrativeExpenses": 22890000000, "otherExpenses": -7281000000, "operatingExpenses": 30076000000, "costAndExpenses": 30076000000, "interestIncome": 17098000000, "interestExpense": 12404000000, "depreciationAndAmortization": 2643000000, "ebitda": 10576000000, "ebitdaratio": 0.271695011, "operatingIncome": 8850000000, "operatingIncomeRatio": 0.2273544675, "totalOtherIncomeExpensesNet": 11301000000, "incomeBeforeTax": 11301000000, "incomeBeforeTaxRatio": 0.2903200945, "incomeTaxExpense": 2064000000, "netIncome": 9042000000, "netIncomeRatio": 0.2322869034, "eps": 5.26, "epsdiluted": 5.19, "weightedAverageShsOut": 1617000000, "weightedAverageShsOutDil": 1640000000, "link": "https://www.sec.gov/Archives/edgar/data/895421/000089542120000265/0000895421-20-000265-index.htm", "finalLink": "https://www.sec.gov/Archives/edgar/data/895421/000089542120000265/msq4201910k.htm", "calculatedOtherExpenses": 7186000000, "calculatedOperatingExpenses": 30076000000, "calculatedNetInterest": 4694000000, "calculatedOtherIncome": -2243000000, "calculatedIncomeNonControlling": 195000000, "calculatedEbitda": 11493000000}, {"date": "2018-12-31", "symbol": "MS", "reportedCurrency": "USD", "cik": "0000895421", "fillingDate": "2019-02-26", "acceptedDate": "2019-02-26 16:12:52", "calendarYear": "2018", "period": "FY", "revenue": 37714000000, "costOfRevenue": 0, "grossProfit": 37714000000, "grossProfitRatio": 1, "researchAndDevelopmentExpenses": 0, "generalAndAdministrativeExpenses": 2265000000, "sellingAndMarketingExpenses": 691000000, "sellingGeneralAndAdministrativeExpenses": 21979000000, "otherExpenses": -8141000000, "operatingExpenses": 28870000000, "costAndExpenses": 28870000000, "interestIncome": 13892000000, "interestExpense": 10086000000, "depreciationAndAmortization": 1844000000, "ebitda": 10576000000, "ebitdaratio": 0.2804263669, "operatingIncome": 8844000000, "operatingIncomeRatio": 0.2345017765, "totalOtherIncomeExpensesNet": 11237000000, "incomeBeforeTax": 11237000000, "incomeBeforeTaxRatio": 0.2979530148, "incomeTaxExpense": 2350000000, "netIncome": 8748000000, "netIncomeRatio": 0.2319563027, "eps": 5.12, "epsdiluted": 5.03, "weightedAverageShsOut": 1708000000, "weightedAverageShsOutDil": 1738000000, "link": "https://www.sec.gov/Archives/edgar/data/895421/000119312519051943/0001193125-19-051943-index.htm", "finalLink": "https://www.sec.gov/Archives/edgar/data/895421/000119312519051943/d707577d10k.htm", "calculatedOtherExpenses": 6891000000, "calculatedOperatingExpenses": 28870000000, "calculatedNetInterest": 3806000000, "calculatedOtherIncome": -1413000000, "calculatedIncomeNonControlling": 139000000, "calculatedEbitda": 10688000000}, {"date": "2017-12-31", "symbol": "MS", "reportedCurrency": "USD", "cik": "0000895421", "fillingDate": "2018-02-27", "acceptedDate": "2018-02-27 16:09:47", "calendarYear": "2017", "period": "FY", "revenue": 35852000000, "costOfRevenue": 0, "grossProfit": 35852000000, "grossProfitRatio": 1, "researchAndDevelopmentExpenses": 0, "generalAndAdministrativeExpenses": 2169000000, "sellingAndMarketingExpenses": 609000000, "sellingGeneralAndAdministrativeExpenses": 21273000000, "otherExpenses": -7261000000, "operatingExpenses": 27542000000, "costAndExpenses": 27542000000, "interestIncome": 8997000000, "interestExpense": 5697000000, "depreciationAndAmortization": 1753000000, "ebitda": 9775000000, "ebitdaratio": 0.2726486667, "operatingIncome": 8310000000, "operatingIncomeRatio": 0.2317862323, "totalOtherIncomeExpensesNet": 10403000000, "incomeBeforeTax": 10403000000, "incomeBeforeTaxRatio": 0.2901651233, "incomeTaxExpense": 4125000000, "netIncome": 6111000000, "netIncomeRatio": 0.1704507419, "eps": 3.14, "epsdiluted": 3.07, "weightedAverageShsOut": 1780000000, "weightedAverageShsOutDil": 1821000000, "link": "https://www.sec.gov/Archives/edgar/data/895421/000119312518060831/0001193125-18-060831-index.htm", "finalLink": "https://www.sec.gov/Archives/edgar/data/895421/000119312518060831/d500533d10k.htm", "calculatedOtherExpenses": 6269000000, "calculatedOperatingExpenses": 27542000000, "calculatedNetInterest": 3300000000, "calculatedOtherIncome": -1207000000, "calculatedIncomeNonControlling": 167000000, "calculatedEbitda": 10063000000}, {"date": "2016-12-31", "symbol": "MS", "reportedCurrency": "USD", "cik": "0000895421", "fillingDate": "2017-02-27", "acceptedDate": "2017-02-27 17:05:04", "calendarYear": "2016", "period": "FY", "revenue": 32711000000, "costOfRevenue": 0, "grossProfit": 32711000000, "grossProfitRatio": 1, "researchAndDevelopmentExpenses": 0, "generalAndAdministrativeExpenses": 2128000000, "sellingAndMarketingExpenses": 587000000, "sellingGeneralAndAdministrativeExpenses": 19901000000, "otherExpenses": -6889000000, "operatingExpenses": 25783000000, "costAndExpenses": 25783000000, "interestIncome": 7016000000, "interestExpense": 3318000000, "depreciationAndAmortization": 1736000000, "ebitda": 8233000000, "ebitdaratio": 0.2516890343, "operatingIncome": 6928000000, "operatingIncomeRatio": 0.2117941977, "totalOtherIncomeExpensesNet": 8848000000, "incomeBeforeTax": 8848000000, "incomeBeforeTaxRatio": 0.2704900492, "incomeTaxExpense": 2726000000, "netIncome": 5979000000, "netIncomeRatio": 0.1827825502, "eps": 2.98, "epsdiluted": 2.92, "weightedAverageShsOut": 1849000000, "weightedAverageShsOutDil": 1887000000, "link": "https://www.sec.gov/Archives/edgar/data/895421/000119312517059212/0001193125-17-059212-index.htm", "finalLink": "https://www.sec.gov/Archives/edgar/data/895421/000119312517059212/d328282d10k.htm", "calculatedOtherExpenses": 5882000000, "calculatedOperatingExpenses": 25783000000, "calculatedNetInterest": 3698000000, "calculatedOtherIncome": -1778000000, "calculatedIncomeNonControlling": 143000000, "calculatedEbitda": 8664000000}, {"date": "2015-12-31", "symbol": "MS", "reportedCurrency": "USD", "cik": "0000895421", "fillingDate": "2016-02-23", "acceptedDate": "2016-02-23 16:13:59", "calendarYear": "2015", "period": "FY", "revenue": 33263000000, "costOfRevenue": 0, "grossProfit": 33263000000, "grossProfitRatio": 1, "researchAndDevelopmentExpenses": 0, "generalAndAdministrativeExpenses": 2298000000, "sellingAndMarketingExpenses": 681000000, "sellingGeneralAndAdministrativeExpenses": 20377000000, "otherExpenses": 0, "operatingExpenses": 26731000000, "costAndExpenses": 26731000000, "interestIncome": 5835000000, "interestExpense": 2742000000, "depreciationAndAmortization": 1433000000, "ebitda": 7887000000, "ebitdaratio": 0.2371103027, "operatingIncome": 6532000000, "operatingIncomeRatio": 0.1963743499, "totalOtherIncomeExpensesNet": 8495000000, "incomeBeforeTax": 8495000000, "incomeBeforeTaxRatio": 0.2553888705, "incomeTaxExpense": 2200000000, "netIncome": 6127000000, "netIncomeRatio": 0.1841986592, "eps": 2.97, "epsdiluted": 2.9, "weightedAverageShsOut": 1909000000, "weightedAverageShsOutDil": 1953000000, "link": "https://www.sec.gov/Archives/edgar/data/895421/000119312516473553/0001193125-16-473553-index.htm", "finalLink": "https://www.sec.gov/Archives/edgar/data/895421/000119312516473553/d48186d10k.htm", "calculatedOtherExpenses": 6354000000, "calculatedOperatingExpenses": 26731000000, "calculatedNetInterest": 3093000000, "calculatedOtherIncome": -1130000000, "calculatedIncomeNonControlling": 168000000, "calculatedEbitda": 7965000000}, {"date": "2014-12-31", "symbol": "MS", "reportedCurrency": "USD", "cik": "0000895421", "fillingDate": "2015-03-02", "acceptedDate": "2015-03-02 09:16:58", "calendarYear": "2014", "period": "FY", "revenue": 32469000000, "costOfRevenue": 0, "grossProfit": 32469000000, "grossProfitRatio": 1, "researchAndDevelopmentExpenses": 0, "generalAndAdministrativeExpenses": 2117000000, "sellingAndMarketingExpenses": 658000000, "sellingGeneralAndAdministrativeExpenses": 22032000000, "otherExpenses": 0, "operatingExpenses": 30386000000, "costAndExpenses": 30386000000, "interestIncome": 5413000000, "interestExpense": 3678000000, "depreciationAndAmortization": 1161000000, "ebitda": 3256000000, "ebitdaratio": 0.1002802673, "operatingIncome": 2083000000, "operatingIncomeRatio": 0.0641535003, "totalOtherIncomeExpensesNet": 3591000000, "incomeBeforeTax": 6389000000, "incomeBeforeTaxRatio": 0.1967723059, "incomeTaxExpense": 38000000, "netIncome": 6137000000, "netIncomeRatio": 0.1890110567, "eps": 3.19, "epsdiluted": 3.11, "weightedAverageShsOut": 1924000000, "weightedAverageShsOutDil": 1971000000, "link": "https://www.sec.gov/Archives/edgar/data/895421/000119312515071980/0001193125-15-071980-index.htm", "finalLink": "https://www.sec.gov/Archives/edgar/data/895421/000119312515071980/d869080d10k.htm", "calculatedOtherExpenses": 8354000000, "calculatedOperatingExpenses": 30386000000, "calculatedNetInterest": 1735000000, "calculatedOtherIncome": 2571000000, "calculatedIncomeNonControlling": 214000000, "calculatedEbitda": 3244000000}, {"date": "2013-12-31", "symbol": "MS", "reportedCurrency": "USD", "cik": "0000895421", "fillingDate": "2014-02-25", "acceptedDate": "2014-02-25 16:34:54", "calendarYear": "2013", "period": "FY", "revenue": 30706000000, "costOfRevenue": 0, "grossProfit": 30706000000, "grossProfitRatio": 1, "researchAndDevelopmentExpenses": 0, "generalAndAdministrativeExpenses": 1894000000, "sellingAndMarketingExpenses": 638000000, "sellingGeneralAndAdministrativeExpenses": 20308000000, "otherExpenses": 0, "operatingExpenses": 27935000000, "costAndExpenses": 27935000000, "interestIncome": 5209000000, "interestExpense": 4431000000, "depreciationAndAmortization": 1511000000, "ebitda": 3600000000, "ebitdaratio": 0.1172409301, "operatingIncome": 2771000000, "operatingIncomeRatio": 0.0902429493, "totalOtherIncomeExpensesNet": 4558000000, "incomeBeforeTax": 4632000000, "incomeBeforeTaxRatio": 0.1508499967, "incomeTaxExpense": 879000000, "netIncome": 2932000000, "netIncomeRatio": 0.0954862242, "eps": 1.39, "epsdiluted": 1.36, "weightedAverageShsOut": 1905823882, "weightedAverageShsOutDil": 1956519738, "link": "https://www.sec.gov/Archives/edgar/data/895421/000119312514067354/0001193125-14-067354-index.htm", "finalLink": "https://www.sec.gov/Archives/edgar/data/895421/000119312514067354/d639242d10k.htm", "calculatedOtherExpenses": 7627000000, "calculatedOperatingExpenses": 27935000000, "calculatedNetInterest": 778000000, "calculatedOtherIncome": 1083000000, "calculatedIncomeNonControlling": 821000000, "calculatedEbitda": 4282000000}, {"date": "2012-12-31", "symbol": "MS", "reportedCurrency": "USD", "cik": "0000895421", "fillingDate": "2013-02-26", "acceptedDate": "2013-02-26 17:13:37", "calendarYear": "2012", "period": "FY", "revenue": 24576000000, "costOfRevenue": 181000000, "grossProfit": 24395000000, "grossProfitRatio": 0.9926350911, "researchAndDevelopmentExpenses": 0, "generalAndAdministrativeExpenses": 1922000000, "sellingAndMarketingExpenses": 602000000, "sellingGeneralAndAdministrativeExpenses": 19681000000, "otherExpenses": 0, "operatingExpenses": 25582000000, "costAndExpenses": 25582000000, "interestIncome": 5988000000, "interestExpense": 6187000000, "depreciationAndAmortization": 1581000000, "ebitda": 172000000, "ebitdaratio": 0.0069986979, "operatingIncome": -1006000000, "operatingIncomeRatio": -0.0409342448, "totalOtherIncomeExpensesNet": 596000000, "incomeBeforeTax": 515000000, "incomeBeforeTaxRatio": 0.0209554036, "incomeTaxExpense": -152000000, "netIncome": -19000000, "netIncomeRatio": -0.000773112, "eps": -0.0101, "epsdiluted": -0.0099, "weightedAverageShsOut": 1885774276, "weightedAverageShsOutDil": 1918811270, "link": "https://www.sec.gov/Archives/edgar/data/895421/000119312513077191/0001193125-13-077191-index.htm", "finalLink": "https://www.sec.gov/Archives/edgar/data/895421/000119312513077191/d484822d10k.htm", "calculatedOtherExpenses": 5720000000, "calculatedOperatingExpenses": 25401000000, "calculatedNetInterest": -199000000, "calculatedOtherIncome": 1720000000, "calculatedIncomeNonControlling": 686000000, "calculatedEbitda": 575000000}, {"date": "2011-12-31", "symbol": "MS", "reportedCurrency": "USD", "cik": "0000895421", "fillingDate": "2012-02-27", "acceptedDate": "2012-02-27 16:49:37", "calendarYear": "2011", "period": "FY", "revenue": 32403000000, "costOfRevenue": 1777000000, "grossProfit": 30626000000, "grossProfitRatio": 0.9451593988, "researchAndDevelopmentExpenses": 0, "generalAndAdministrativeExpenses": 19870000000, "sellingAndMarketingExpenses": 602000000, "sellingGeneralAndAdministrativeExpenses": 20472000000, "otherExpenses": 7297000000, "operatingExpenses": 26117000000, "costAndExpenses": 26117000000, "interestIncome": 7264000000, "interestExpense": 6907000000, "depreciationAndAmortization": 1404000000, "ebitda": 14046000000, "ebitdaratio": 0.4334783816, "operatingIncome": 6286000000, "operatingIncomeRatio": 0.1939943832, "totalOtherIncomeExpensesNet": -6528000000, "incomeBeforeTax": 6114000000, "incomeBeforeTaxRatio": 0.1886862328, "incomeTaxExpense": 1418000000, "netIncome": 4110000000, "netIncomeRatio": 0.1268401074, "eps": 1.25, "epsdiluted": 1.23, "weightedAverageShsOut": 1654708640, "weightedAverageShsOutDil": 1675271669, "link": "https://www.sec.gov/Archives/edgar/data/895421/000119312512081807/0001193125-12-081807-index.htm", "finalLink": "https://www.sec.gov/Archives/edgar/data/895421/000119312512081807/d262950d10k.htm", "calculatedOtherExpenses": 3868000000, "calculatedOperatingExpenses": 24340000000, "calculatedNetInterest": 357000000, "calculatedOtherIncome": -529000000, "calculatedIncomeNonControlling": 586000000, "calculatedEbitda": 7690000000}, {"date": "2010-12-31", "symbol": "MS", "reportedCurrency": "USD", "cik": "0000895421", "fillingDate": "2011-02-28", "acceptedDate": "2011-02-28 16:44:00", "calendarYear": "2010", "period": "FY", "revenue": 31622000000, "costOfRevenue": 1973000000, "grossProfit": 29649000000, "grossProfitRatio": 0.9376067295, "researchAndDevelopmentExpenses": 0, "generalAndAdministrativeExpenses": 19144000000, "sellingAndMarketingExpenses": 582000000, "sellingGeneralAndAdministrativeExpenses": 19726000000, "otherExpenses": 6737000000, "operatingExpenses": 25032000000, "costAndExpenses": 25032000000, "interestIncome": 7278000000, "interestExpense": 6414000000, "depreciationAndAmortization": 1419000000, "ebitda": 13382000000, "ebitdaratio": 0.4231863892, "operatingIncome": 6590000000, "operatingIncomeRatio": 0.2083992157, "totalOtherIncomeExpensesNet": -5761000000, "incomeBeforeTax": 6202000000, "incomeBeforeTaxRatio": 0.1961292771, "incomeTaxExpense": 739000000, "netIncome": 4703000000, "netIncomeRatio": 0.1487255708, "eps": 2.64, "epsdiluted": 2.63, "weightedAverageShsOut": 1361670938, "weightedAverageShsOutDil": 1411268971, "link": "https://www.sec.gov/Archives/edgar/data/895421/000119312511050049/0001193125-11-050049-index.htm", "finalLink": "https://www.sec.gov/Archives/edgar/data/895421/000119312511050049/d10k.htm", "calculatedOtherExpenses": 3333000000, "calculatedOperatingExpenses": 23059000000, "calculatedNetInterest": 864000000, "calculatedOtherIncome": -1252000000, "calculatedIncomeNonControlling": 760000000, "calculatedEbitda": 8009000000}, {"date": "2009-12-31", "symbol": "MS", "reportedCurrency": "USD", "cik": "0000895421", "fillingDate": "2010-02-26", "acceptedDate": "2010-02-26 15:34:34", "calendarYear": "2009", "period": "FY", "revenue": 23358000000, "costOfRevenue": 1681000000, "grossProfit": 21677000000, "grossProfitRatio": 0.928033222, "researchAndDevelopmentExpenses": 0, "generalAndAdministrativeExpenses": 17000000000, "sellingAndMarketingExpenses": 503000000, "sellingGeneralAndAdministrativeExpenses": 17503000000, "otherExpenses": 4647000000, "operatingExpenses": 22150000000, "costAndExpenses": 22150000000, "interestIncome": 7702000000, "interestExpense": 6712000000, "depreciationAndAmortization": 1224000000, "ebitda": 9339000000, "ebitdaratio": 0.3998201901, "operatingIncome": 1208000000, "operatingIncomeRatio": 0.0517167566, "totalOtherIncomeExpensesNet": -7258000000, "incomeBeforeTax": 857000000, "incomeBeforeTaxRatio": 0.0366897851, "incomeTaxExpense": -336000000, "netIncome": 1346000000, "netIncomeRatio": 0.0576247966, "eps": -0.77, "epsdiluted": -0.77, "weightedAverageShsOut": 1185414871, "weightedAverageShsOutDil": 1185414871, "link": "https://www.sec.gov/Archives/edgar/data/895421/000119312510042763/0001193125-10-042763-index.htm", "finalLink": "https://www.sec.gov/Archives/edgar/data/895421/000119312510042763/d10k.htm", "calculatedOtherExpenses": 2966000000, "calculatedOperatingExpenses": 20469000000, "calculatedNetInterest": 990000000, "calculatedOtherIncome": -1341000000, "calculatedIncomeNonControlling": -153000000, "calculatedEbitda": 2432000000}, {"date": "2008-11-30", "symbol": "MS", "reportedCurrency": "USD", "cik": "0000895421", "fillingDate": "2009-01-29", "acceptedDate": "2009-01-28 21:54:54", "calendarYear": "2008", "period": "FY", "revenue": 20085000000, "costOfRevenue": 0, "grossProfit": 20085000000, "grossProfitRatio": 1, "researchAndDevelopmentExpenses": 0, "generalAndAdministrativeExpenses": 12306000000, "sellingAndMarketingExpenses": 776000000, "sellingGeneralAndAdministrativeExpenses": 13082000000, "otherExpenses": 6543000000, "operatingExpenses": 19625000000, "costAndExpenses": 19625000000, "interestIncome": 40725000000, "interestExpense": 37523000000, "depreciationAndAmortization": 794000000, "ebitda": 40504000000, "ebitdaratio": 2.0166293254, "operatingIncome": 460000000, "operatingIncomeRatio": 0.0229026637, "totalOtherIncomeExpensesNet": -37423000000, "incomeBeforeTax": 2287000000, "incomeBeforeTaxRatio": 0.1138660692, "incomeTaxExpense": 480000000, "netIncome": 1707000000, "netIncomeRatio": 0.0849887976, "eps": 1.45, "epsdiluted": 1.39, "weightedAverageShsOut": 1028180275, "weightedAverageShsOutDil": 1073496349, "link": "https://www.sec.gov/Archives/edgar/data/895421/000119312509013429/0001193125-09-013429-index.htm", "finalLink": "https://www.sec.gov/Archives/edgar/data/895421/000119312509013429/d10k.htm", "calculatedOtherExpenses": 6543000000, "calculatedOperatingExpenses": 19625000000, "calculatedNetInterest": 3202000000, "calculatedOtherIncome": -1375000000, "calculatedIncomeNonControlling": 100000000, "calculatedEbitda": 1254000000}, {"date": "2007-11-30", "symbol": "MS", "reportedCurrency": "USD", "cik": "0000895421", "fillingDate": "2008-01-29", "acceptedDate": "2008-01-28 20:55:31", "calendarYear": "2007", "period": "FY", "revenue": 26370000000, "costOfRevenue": 0, "grossProfit": 26370000000, "grossProfitRatio": 1, "researchAndDevelopmentExpenses": 0, "generalAndAdministrativeExpenses": 16552000000, "sellingAndMarketingExpenses": 813000000, "sellingGeneralAndAdministrativeExpenses": 17365000000, "otherExpenses": 6337000000, "operatingExpenses": 23702000000, "costAndExpenses": 23702000000, "interestIncome": 60083000000, "interestExpense": 57302000000, "depreciationAndAmortization": 475000000, "ebitda": 61817000000, "ebitdaratio": 2.3442169132, "operatingIncome": 2668000000, "operatingIncomeRatio": 0.1011755783, "totalOtherIncomeExpensesNet": -57901000000, "incomeBeforeTax": 3441000000, "incomeBeforeTaxRatio": 0.1304891923, "incomeTaxExpense": 831000000, "netIncome": 3209000000, "netIncomeRatio": 0.1216913159, "eps": 2.97, "epsdiluted": 2.9, "weightedAverageShsOut": 1001878651, "weightedAverageShsOutDil": 1024836645, "link": "https://www.sec.gov/Archives/edgar/data/895421/000119312508013719/0001193125-08-013719-index.htm", "finalLink": "https://www.sec.gov/Archives/edgar/data/895421/000119312508013719/d10k.htm", "calculatedOtherExpenses": 6337000000, "calculatedOperatingExpenses": 23702000000, "calculatedNetInterest": 2781000000, "calculatedOtherIncome": -2008000000, "calculatedIncomeNonControlling": -599000000, "calculatedEbitda": 3143000000}, {"date": "2006-11-30", "symbol": "MS", "reportedCurrency": "USD", "cik": "0000895421", "fillingDate": "2007-02-13", "acceptedDate": "2007-02-12 20:30:30", "calendarYear": "2006", "period": "FY", "revenue": 33308000000, "costOfRevenue": 0, "grossProfit": 33308000000, "grossProfitRatio": 1, "researchAndDevelopmentExpenses": 0, "generalAndAdministrativeExpenses": 14387000000, "sellingAndMarketingExpenses": 1247000000, "sellingGeneralAndAdministrativeExpenses": 15634000000, "otherExpenses": 5101000000, "operatingExpenses": 20735000000, "costAndExpenses": 20735000000, "interestIncome": 45216000000, "interestExpense": 41937000000, "depreciationAndAmortization": 876000000, "ebitda": 53560000000, "ebitdaratio": 1.6080220968, "operatingIncome": 12573000000, "operatingIncomeRatio": 0.3774768824, "totalOtherIncomeExpensesNet": -41684000000, "incomeBeforeTax": 11000000000, "incomeBeforeTaxRatio": 0.3302509908, "incomeTaxExpense": 3275000000, "netIncome": 7472000000, "netIncomeRatio": 0.2243304912, "eps": 7.38, "epsdiluted": 7.07, "weightedAverageShsOut": 1010254255, "weightedAverageShsOutDil": 1054796062, "link": "https://www.sec.gov/Archives/edgar/data/895421/000119312507027693/0001193125-07-027693-index.htm", "finalLink": "https://www.sec.gov/Archives/edgar/data/895421/000119312507027693/d10k.htm", "calculatedOtherExpenses": 5101000000, "calculatedOperatingExpenses": 20735000000, "calculatedNetInterest": 3279000000, "calculatedOtherIncome": -4852000000, "calculatedIncomeNonControlling": 253000000, "calculatedEbitda": 13449000000}, {"date": "2005-11-30", "symbol": "MS", "reportedCurrency": "USD", "cik": "0000895421", "fillingDate": "2006-02-13", "acceptedDate": "2006-02-13 15:30:36", "calendarYear": "2005", "period": "FY", "revenue": 27345000000, "costOfRevenue": 0, "grossProfit": 27345000000, "grossProfitRatio": 1, "researchAndDevelopmentExpenses": 0, "generalAndAdministrativeExpenses": 11313000000, "sellingAndMarketingExpenses": 1162000000, "sellingGeneralAndAdministrativeExpenses": 12475000000, "otherExpenses": 4734000000, "operatingExpenses": 17209000000, "costAndExpenses": 17209000000, "interestIncome": 28175000000, "interestExpense": 24425000000, "depreciationAndAmortization": 815000000, "ebitda": 32037000000, "ebitdaratio": 1.171585299, "operatingIncome": 10136000000, "operatingIncomeRatio": 0.370671055, "totalOtherIncomeExpensesNet": -24172000000, "incomeBeforeTax": 7050000000, "incomeBeforeTaxRatio": 0.2578167855, "incomeTaxExpense": 1858000000, "netIncome": 4939000000, "netIncomeRatio": 0.1806180289, "eps": 4.7, "epsdiluted": 4.57, "weightedAverageShsOut": 1049896047, "weightedAverageShsOutDil": 1079936315, "link": "https://www.sec.gov/Archives/edgar/data/895421/000119312506028736/0001193125-06-028736-index.htm", "finalLink": "https://www.sec.gov/Archives/edgar/data/895421/000119312506028736/d10k.htm", "calculatedOtherExpenses": 4734000000, "calculatedOperatingExpenses": 17209000000, "calculatedNetInterest": 3750000000, "calculatedOtherIncome": -6836000000, "calculatedIncomeNonControlling": 253000000, "calculatedEbitda": 10951000000}, {"date": "2004-11-30", "symbol": "MS", "reportedCurrency": "USD", "cik": "0000895421", "fillingDate": "2005-02-11", "acceptedDate": "2005-02-10 20:23:30", "calendarYear": "2004", "period": "FY", "revenue": 24690000000, "costOfRevenue": 0, "grossProfit": 24690000000, "grossProfitRatio": 1, "researchAndDevelopmentExpenses": 0, "generalAndAdministrativeExpenses": 9880000000, "sellingAndMarketingExpenses": 1129000000, "sellingGeneralAndAdministrativeExpenses": 11009000000, "otherExpenses": -14551000000, "operatingExpenses": 3542000000, "costAndExpenses": 3542000000, "interestIncome": 18590000000, "interestExpense": 14859000000, "depreciationAndAmortization": 805000000, "ebitda": 21953000000, "ebitdaratio": 0.889145403, "operatingIncome": 21148000000, "operatingIncomeRatio": 0.8565411098, "totalOtherIncomeExpensesNet": -14836000000, "incomeBeforeTax": 6312000000, "incomeBeforeTaxRatio": 0.2556500608, "incomeTaxExpense": 1803000000, "netIncome": 4486000000, "netIncomeRatio": 0.1816929931, "eps": 4.15, "epsdiluted": 4.06, "weightedAverageShsOut": 1080121708, "weightedAverageShsOutDil": 1105185480, "link": "https://www.sec.gov/Archives/edgar/data/895421/000119312505025463/0001193125-05-025463-index.htm", "finalLink": "https://www.sec.gov/Archives/edgar/data/895421/000119312505025463/d10k.htm", "calculatedOtherExpenses": -7467000000, "calculatedOperatingExpenses": 3542000000, "calculatedNetInterest": 3731000000, "calculatedOtherIncome": -18567000000, "calculatedIncomeNonControlling": 23000000, "calculatedEbitda": 21953000000}, {"date": "2003-11-30", "symbol": "MS", "reportedCurrency": "USD", "cik": "0000895421", "fillingDate": "2004-02-25", "acceptedDate": "2004-02-25 09:40:46", "calendarYear": "2003", "period": "FY", "revenue": 22124000000, "costOfRevenue": 0, "grossProfit": 22124000000, "grossProfitRatio": 1, "researchAndDevelopmentExpenses": 0, "generalAndAdministrativeExpenses": 8545000000, "sellingAndMarketingExpenses": 967000000, "sellingGeneralAndAdministrativeExpenses": 9512000000, "otherExpenses": -13493000000, "operatingExpenses": 3981000000, "costAndExpenses": 3981000000, "interestIncome": 15744000000, "interestExpense": 12809000000, "depreciationAndAmortization": 637000000, "ebitda": 18780000000, "ebitdaratio": 0.8488519255, "operatingIncome": 18143000000, "operatingIncomeRatio": 0.8200596637, "totalOtherIncomeExpensesNet": -12809000000, "incomeBeforeTax": 5334000000, "incomeBeforeTaxRatio": 0.2410956427, "incomeTaxExpense": 1547000000, "netIncome": 3787000000, "netIncomeRatio": 0.1711715784, "eps": 3.52, "epsdiluted": 3.45, "weightedAverageShsOut": 1076754740, "weightedAverageShsOutDil": 1099117972, "link": "https://www.sec.gov/Archives/edgar/data/895421/000119312504029127/0001193125-04-029127-index.htm", "finalLink": "https://www.sec.gov/Archives/edgar/data/895421/000119312504029127/d10k.htm", "calculatedOtherExpenses": -5531000000, "calculatedOperatingExpenses": 3981000000, "calculatedNetInterest": 2935000000, "calculatedOtherIncome": -15744000000, "calculatedIncomeNonControlling": 0, "calculatedEbitda": 18780000000}, {"date": "2002-11-30", "symbol": "MS", "reportedCurrency": "USD", "cik": "0000895421", "fillingDate": "2003-02-19", "acceptedDate": "2003-02-19 14:25:54", "calendarYear": "2002", "period": "FY", "revenue": 20445000000, "costOfRevenue": 0, "grossProfit": 20445000000, "grossProfitRatio": 1, "researchAndDevelopmentExpenses": 0, "generalAndAdministrativeExpenses": 7933000000, "sellingAndMarketingExpenses": 1133000000, "sellingGeneralAndAdministrativeExpenses": 9066000000, "otherExpenses": -12908000000, "operatingExpenses": 3842000000, "costAndExpenses": 3842000000, "interestIncome": 15866000000, "interestExpense": 11970000000, "depreciationAndAmortization": 787000000, "ebitda": 17390000000, "ebitdaratio": 0.8505747126, "operatingIncome": 16603000000, "operatingIncomeRatio": 0.8120811934, "totalOtherIncomeExpensesNet": -11970000000, "incomeBeforeTax": 4633000000, "incomeBeforeTaxRatio": 0.2266079726, "incomeTaxExpense": 1645000000, "netIncome": 2988000000, "netIncomeRatio": 0.1461482025, "eps": 2.76, "epsdiluted": 2.69, "weightedAverageShsOut": 1083270783, "weightedAverageShsOutDil": 1110780669, "link": "https://www.sec.gov/Archives/edgar/data/895421/000095013003001275/0000950130-03-001275-index.htm", "finalLink": "https://www.sec.gov/Archives/edgar/data/895421/000095013003001275/d10k.htm", "calculatedOtherExpenses": -5224000000, "calculatedOperatingExpenses": 3842000000, "calculatedNetInterest": 3896000000, "calculatedOtherIncome": -15866000000, "calculatedIncomeNonControlling": 0, "calculatedEbitda": 17390000000}, {"date": "2001-11-30", "symbol": "MS", "reportedCurrency": "USD", "cik": "0000895421", "fillingDate": "2001-11-30", "acceptedDate": "2001-11-30 00:00:00", "calendarYear": "2001", "period": "FY", "revenue": 22948000000, "costOfRevenue": 0, "grossProfit": 22948000000, "grossProfitRatio": 1, "researchAndDevelopmentExpenses": 0, "generalAndAdministrativeExpenses": 9397000000, "sellingAndMarketingExpenses": 1258000000, "sellingGeneralAndAdministrativeExpenses": 10655000000, "otherExpenses": -7229000000, "operatingExpenses": 3426000000, "costAndExpenses": 3426000000, "interestIncome": 24127000000, "interestExpense": 20779000000, "depreciationAndAmortization": 729000000, "ebitda": 27103000000, "ebitdaratio": 1.1810615304, "operatingIncome": 19522000000, "operatingIncomeRatio": 0.8507059439, "totalOtherIncomeExpensesNet": -20690000000, "incomeBeforeTax": 5684000000, "incomeBeforeTaxRatio": 0.2476904305, "incomeTaxExpense": 2074000000, "netIncome": 3521000000, "netIncomeRatio": 0.1534338504, "eps": 3.21, "epsdiluted": 3.11, "weightedAverageShsOut": 1086121508, "weightedAverageShsOutDil": 1121864952, "link": null, "finalLink": null, "calculatedOtherExpenses": -7229000000, "calculatedOperatingExpenses": 3426000000, "calculatedNetInterest": 3348000000, "calculatedOtherIncome": -17186000000, "calculatedIncomeNonControlling": 89000000, "calculatedEbitda": 20251000000}, {"date": "2000-11-30", "symbol": "MS", "reportedCurrency": "USD", "cik": "0000895421", "fillingDate": "2001-02-16", "acceptedDate": "2001-02-16 00:00:00", "calendarYear": "2000", "period": "FY", "revenue": 27272000000, "costOfRevenue": 0, "grossProfit": 27272000000, "grossProfitRatio": 1, "researchAndDevelopmentExpenses": 0, "generalAndAdministrativeExpenses": 10936000000, "sellingAndMarketingExpenses": 2058000000, "sellingGeneralAndAdministrativeExpenses": 12994000000, "otherExpenses": -13564000000, "operatingExpenses": 570000000, "costAndExpenses": 570000000, "interestIncome": 21234000000, "interestExpense": 18176000000, "depreciationAndAmortization": 727000000, "ebitda": 27429000000, "ebitdaratio": 1.0057568202, "operatingIncome": 26702000000, "operatingIncomeRatio": 0.9790994427, "totalOtherIncomeExpensesNet": -18176000000, "incomeBeforeTax": 8526000000, "incomeBeforeTaxRatio": 0.3126283368, "incomeTaxExpense": 3070000000, "netIncome": 5456000000, "netIncomeRatio": 0.2000586682, "eps": 4.95, "epsdiluted": 4.73, "weightedAverageShsOut": 1095858438, "weightedAverageShsOutDil": 1145011515, "link": "https://www.sec.gov/Archives/edgar/data/895421/000095013001500161/0000950130-01-500161-index.htm", "finalLink": "https://www.sec.gov/Archives/edgar/data/895421/000095013001500161/dex31.txt", "calculatedOtherExpenses": -12424000000, "calculatedOperatingExpenses": 570000000, "calculatedNetInterest": 3058000000, "calculatedOtherIncome": -21234000000, "calculatedIncomeNonControlling": 0, "calculatedEbitda": 27429000000}, {"date": "1999-11-30", "symbol": "MS", "reportedCurrency": "USD", "cik": "0000895421", "fillingDate": "2000-02-25", "acceptedDate": "2000-02-25 00:00:00", "calendarYear": "1999", "period": "FY", "revenue": 22538000000, "costOfRevenue": 0, "grossProfit": 22538000000, "grossProfitRatio": 1, "researchAndDevelopmentExpenses": 0, "generalAndAdministrativeExpenses": 8398000000, "sellingAndMarketingExpenses": 1679000000, "sellingGeneralAndAdministrativeExpenses": 10077000000, "otherExpenses": -13497000000, "operatingExpenses": 3420000000, "costAndExpenses": 3420000000, "interestIncome": 13755000000, "interestExpense": 11390000000, "depreciationAndAmortization": 541000000, "ebitda": 19659000000, "ebitdaratio": 0.8722601828, "operatingIncome": 19118000000, "operatingIncomeRatio": 0.8482562783, "totalOtherIncomeExpensesNet": -11390000000, "incomeBeforeTax": 7728000000, "incomeBeforeTaxRatio": 0.3428875677, "incomeTaxExpense": 2937000000, "netIncome": 4791000000, "netIncomeRatio": 0.2125743189, "eps": 4.33, "epsdiluted": 4.1, "weightedAverageShsOut": 1096789720, "weightedAverageShsOutDil": 1159500670, "link": "https://www.sec.gov/Archives/edgar/data/895421/000095013000000882/0000950130-00-000882-index.htm", "finalLink": "https://www.sec.gov/Archives/edgar/data/895421/000095013000000882/", "calculatedOtherExpenses": -6657000000, "calculatedOperatingExpenses": 3420000000, "calculatedNetInterest": 2365000000, "calculatedOtherIncome": -13755000000, "calculatedIncomeNonControlling": 0, "calculatedEbitda": 19659000000}, {"date": "1998-11-30", "symbol": "MS", "reportedCurrency": "USD", "cik": "0000895421", "fillingDate": "1999-02-23", "acceptedDate": "1999-02-23 00:00:00", "calendarYear": "1998", "period": "FY", "revenue": 17617000000, "costOfRevenue": 0, "grossProfit": 17617000000, "grossProfitRatio": 1, "researchAndDevelopmentExpenses": 0, "generalAndAdministrativeExpenses": 6636000000, "sellingAndMarketingExpenses": 1411000000, "sellingGeneralAndAdministrativeExpenses": 8047000000, "otherExpenses": -6882000000, "operatingExpenses": 1165000000, "costAndExpenses": 1165000000, "interestIncome": 16436000000, "interestExpense": 13514000000, "depreciationAndAmortization": 575000000, "ebitda": 19357000000, "ebitdaratio": 1.0987682352, "operatingIncome": 16452000000, "operatingIncomeRatio": 0.9338706931, "totalOtherIncomeExpensesNet": -13397000000, "incomeBeforeTax": 5385000000, "incomeBeforeTaxRatio": 0.305670659, "incomeTaxExpense": 1992000000, "netIncome": 3276000000, "netIncomeRatio": 0.1859567463, "eps": 2.8, "epsdiluted": 2.67, "weightedAverageShsOut": 1151645450, "weightedAverageShsOutDil": 1212588130, "link": "https://www.sec.gov/Archives/edgar/data/895421/000095013099000948/0000950130-99-000948-index.htm", "finalLink": "https://www.sec.gov/Archives/edgar/data/895421/000095013099000948/", "calculatedOtherExpenses": -6882000000, "calculatedOperatingExpenses": 1165000000, "calculatedNetInterest": 2922000000, "calculatedOtherIncome": -13989000000, "calculatedIncomeNonControlling": 117000000, "calculatedEbitda": 17027000000}, {"date": "1997-11-30", "symbol": "MS", "reportedCurrency": "USD", "cik": "0000895421", "fillingDate": "1998-02-20", "acceptedDate": "1998-02-20 00:00:00", "calendarYear": "1997", "period": "FY", "revenue": 16326000000, "costOfRevenue": 0, "grossProfit": 16326000000, "grossProfitRatio": 1, "researchAndDevelopmentExpenses": 0, "generalAndAdministrativeExpenses": 6019000000, "sellingAndMarketingExpenses": 1179000000, "sellingGeneralAndAdministrativeExpenses": 7198000000, "otherExpenses": -8444000000, "operatingExpenses": 1246000000, "costAndExpenses": 1246000000, "interestIncome": 13583000000, "interestExpense": 10806000000, "depreciationAndAmortization": 338000000, "ebitda": 15418000000, "ebitdaratio": 0.9443831925, "operatingIncome": 15080000000, "operatingIncomeRatio": 0.9236800196, "totalOtherIncomeExpensesNet": -10806000000, "incomeBeforeTax": 4274000000, "incomeBeforeTaxRatio": 0.2617910082, "incomeTaxExpense": 1688000000, "netIncome": 2586000000, "netIncomeRatio": 0.1583976479, "eps": 2.13, "epsdiluted": 2.08, "weightedAverageShsOut": 1188365770, "weightedAverageShsOutDil": 1218087848, "link": "https://www.sec.gov/Archives/edgar/data/895421/000095013098000803/0000950130-98-000803-index.htm", "finalLink": "https://www.sec.gov/Archives/edgar/data/895421/0000950130-98-000803.txt", "calculatedOtherExpenses": -5952000000, "calculatedOperatingExpenses": 1246000000, "calculatedNetInterest": 2777000000, "calculatedOtherIncome": -13583000000, "calculatedIncomeNonControlling": 0, "calculatedEbitda": 15418000000}, {"date": "1996-12-31", "symbol": "MS", "reportedCurrency": "USD", "cik": "0000895421", "fillingDate": "1997-03-31", "acceptedDate": "1997-03-31 00:00:00", "calendarYear": "1996", "period": "FY", "revenue": 7462400000, "costOfRevenue": 1531000000, "grossProfit": 5931400000, "grossProfitRatio": 0.7948381218, "researchAndDevelopmentExpenses": 0, "generalAndAdministrativeExpenses": 2208200000, "sellingAndMarketingExpenses": 856800000, "sellingGeneralAndAdministrativeExpenses": 3065000000, "otherExpenses": 14458000000, "operatingExpenses": 17523000000, "costAndExpenses": 19054000000, "interestIncome": 3587300000, "interestExpense": 1566200000, "depreciationAndAmortization": 83300000, "ebitda": 4766500000, "ebitdaratio": 0.6387355274, "operatingIncome": -11591600000, "operatingIncomeRatio": -1.553334048, "totalOtherIncomeExpensesNet": -3138100000, "incomeBeforeTax": 1545100000, "incomeBeforeTaxRatio": 0.2070513508, "incomeTaxExpense": 593700000, "netIncome": 951400000, "netIncomeRatio": 0.1274924957, "eps": 1.4, "epsdiluted": 1.39, "weightedAverageShsOut": 682400000, "weightedAverageShsOutDil": 686600000, "link": "https://www.sec.gov/Archives/edgar/data/895421/000095013097001437/0000950130-97-001437-index.htm", "finalLink": "https://www.sec.gov/Archives/edgar/data/895421/000095013097001437/", "calculatedOtherExpenses": 14458000000, "calculatedOperatingExpenses": 17523000000, "calculatedNetInterest": 2021100000, "calculatedOtherIncome": 11115600000, "calculatedIncomeNonControlling": 0, "calculatedEbitda": -11508300000}, {"date": "1995-12-31", "symbol": "MS", "reportedCurrency": "USD", "cik": "0000895421", "fillingDate": "1995-12-31", "acceptedDate": "1995-12-31 00:00:00", "calendarYear": "1995", "period": "FY", "revenue": 6419600000, "costOfRevenue": 0, "grossProfit": 6419600000, "grossProfitRatio": 1, "researchAndDevelopmentExpenses": 0, "generalAndAdministrativeExpenses": 1981600000, "sellingAndMarketingExpenses": 735100000, "sellingGeneralAndAdministrativeExpenses": 2716700000, "otherExpenses": -6225600000, "operatingExpenses": 3508900000, "costAndExpenses": 3508900000, "interestIncome": 3319000000, "interestExpense": 1514800000, "depreciationAndAmortization": 70000000, "ebitda": 2980700000, "ebitdaratio": 0.4643124182, "operatingIncome": 2910700000, "operatingIncomeRatio": 0.453408312, "totalOtherIncomeExpensesNet": -1514800000, "incomeBeforeTax": 1395900000, "incomeBeforeTaxRatio": 0.2174434544, "incomeTaxExpense": 539500000, "netIncome": 856400000, "netIncomeRatio": 0.1334039504, "eps": 1.15, "epsdiluted": 1.13, "weightedAverageShsOut": 744695652, "weightedAverageShsOutDil": 757876106, "link": null, "finalLink": null, "calculatedOtherExpenses": 792200000, "calculatedOperatingExpenses": 3508900000, "calculatedNetInterest": 1804200000, "calculatedOtherIncome": -3319000000, "calculatedIncomeNonControlling": 0, "calculatedEbitda": 2980700000}, {"date": "1994-12-31", "symbol": "MS", "reportedCurrency": "USD", "cik": "0000895421", "fillingDate": "1994-12-31", "acceptedDate": "1994-12-31 00:00:00", "calendarYear": "1994", "period": "FY", "revenue": 5554100000, "costOfRevenue": 0, "grossProfit": 5554100000, "grossProfitRatio": 1, "researchAndDevelopmentExpenses": 0, "generalAndAdministrativeExpenses": 1764200000, "sellingAndMarketingExpenses": 607200000, "sellingGeneralAndAdministrativeExpenses": 2371400000, "otherExpenses": -5662400000, "operatingExpenses": 3291000000, "costAndExpenses": 3291000000, "interestIncome": 2507200000, "interestExpense": 1048500000, "depreciationAndAmortization": 58800000, "ebitda": 2321900000, "ebitdaratio": 0.4180515295, "operatingIncome": 2263100000, "operatingIncomeRatio": 0.4074647558, "totalOtherIncomeExpensesNet": -1048500000, "incomeBeforeTax": 1214600000, "incomeBeforeTaxRatio": 0.2186852955, "incomeTaxExpense": 473700000, "netIncome": 740900000, "netIncomeRatio": 0.13339695, "eps": 0.98, "epsdiluted": 0.97, "weightedAverageShsOut": 756020408, "weightedAverageShsOutDil": 763814433, "link": null, "finalLink": null, "calculatedOtherExpenses": 919600000, "calculatedOperatingExpenses": 3291000000, "calculatedNetInterest": 1458700000, "calculatedOtherIncome": -2507200000, "calculatedIncomeNonControlling": 0, "calculatedEbitda": 2321900000}, {"date": "1993-12-31", "symbol": "MS", "reportedCurrency": "USD", "cik": "0000895421", "fillingDate": "1993-12-31", "acceptedDate": "1993-12-31 00:00:00", "calendarYear": "1993", "period": "FY", "revenue": 5006300000, "costOfRevenue": 0, "grossProfit": 5006300000, "grossProfitRatio": 1, "researchAndDevelopmentExpenses": 0, "generalAndAdministrativeExpenses": 1703900000, "sellingAndMarketingExpenses": 470400000, "sellingGeneralAndAdministrativeExpenses": 2174300000, "otherExpenses": -5369100000, "operatingExpenses": 3194800000, "costAndExpenses": 3194800000, "interestIncome": 1909200000, "interestExpense": 815300000, "depreciationAndAmortization": 51300000, "ebitda": 1862800000, "ebitdaratio": 0.3720911651, "operatingIncome": 1811500000, "operatingIncomeRatio": 0.3618440765, "totalOtherIncomeExpensesNet": -815300000, "incomeBeforeTax": 996200000, "incomeBeforeTaxRatio": 0.1989892735, "incomeTaxExpense": 392600000, "netIncome": 603600000, "netIncomeRatio": 0.1205680842, "eps": 1.12, "epsdiluted": 1.1, "weightedAverageShsOut": 538928571, "weightedAverageShsOutDil": 548727273, "link": null, "finalLink": null, "calculatedOtherExpenses": 1020500000, "calculatedOperatingExpenses": 3194800000, "calculatedNetInterest": 1093900000, "calculatedOtherIncome": -1909200000, "calculatedIncomeNonControlling": 0, "calculatedEbitda": 1862800000}, {"date": "1992-12-31", "symbol": "MS", "reportedCurrency": "USD", "cik": "0000895421", "fillingDate": "1993-01-31", "acceptedDate": "1993-01-31 00:00:00", "calendarYear": "1992", "period": "FY", "revenue": 1487200000, "costOfRevenue": 0, "grossProfit": 1487200000, "grossProfitRatio": 1, "researchAndDevelopmentExpenses": 0, "generalAndAdministrativeExpenses": 1456800000, "sellingAndMarketingExpenses": 0, "sellingGeneralAndAdministrativeExpenses": 1456800000, "otherExpenses": 2211900000, "operatingExpenses": 3668700000, "costAndExpenses": 3668700000, "interestIncome": 5894900000, "interestExpense": 4362400000, "depreciationAndAmortization": 7337400000, "ebitda": 5155900000, "ebitdaratio": 3.4668504572, "operatingIncome": -2181500000, "operatingIncomeRatio": -1.4668504572, "totalOtherIncomeExpensesNet": -4362400000, "incomeBeforeTax": 793500000, "incomeBeforeTaxRatio": 0.5335529855, "incomeTaxExpense": 283000000, "netIncome": 510500000, "netIncomeRatio": 0.3432625067, "eps": 2.95, "epsdiluted": 2.86, "weightedAverageShsOut": 155586854, "weightedAverageShsOutDil": 162450980, "link": null, "finalLink": null, "calculatedOtherExpenses": 2211900000, "calculatedOperatingExpenses": 3668700000, "calculatedNetInterest": 1532500000, "calculatedOtherIncome": 1442500000, "calculatedIncomeNonControlling": 0, "calculatedEbitda": 5155900000}, {"date": "1991-12-31", "symbol": "MS", "reportedCurrency": "USD", "cik": "0000895421", "fillingDate": "1991-12-31", "acceptedDate": "1991-12-31 00:00:00", "calendarYear": "1991", "period": "FY", "revenue": 1265500000, "costOfRevenue": 0, "grossProfit": 1265500000, "grossProfitRatio": 1, "researchAndDevelopmentExpenses": 0, "generalAndAdministrativeExpenses": 1396000000, "sellingAndMarketingExpenses": 0, "sellingGeneralAndAdministrativeExpenses": 1396000000, "otherExpenses": 2035500000, "operatingExpenses": 3431500000, "costAndExpenses": 3431500000, "interestIncome": 5519700000, "interestExpense": 3924500000, "depreciationAndAmortization": 6863000000, "ebitda": 4697000000, "ebitdaratio": 3.711576452, "operatingIncome": -2166000000, "operatingIncomeRatio": -1.711576452, "totalOtherIncomeExpensesNet": -3924500000, "incomeBeforeTax": 772500000, "incomeBeforeTaxRatio": 0.6104306598, "incomeTaxExpense": 297400000, "netIncome": 475100000, "netIncomeRatio": 0.3754247333, "eps": 2.97, "epsdiluted": 2.81, "weightedAverageShsOut": 150471380, "weightedAverageShsOutDil": 159039146, "link": null, "finalLink": null, "calculatedOtherExpenses": 2035500000, "calculatedOperatingExpenses": 3431500000, "calculatedNetInterest": 1595200000, "calculatedOtherIncome": 1343300000, "calculatedIncomeNonControlling": 0, "calculatedEbitda": 4697000000}, {"date": "1990-12-31", "symbol": "MS", "reportedCurrency": "USD", "cik": "0000895421", "fillingDate": "1990-12-31", "acceptedDate": "1990-12-31 00:00:00", "calendarYear": "1990", "period": "FY", "revenue": 1072000000, "costOfRevenue": 0, "grossProfit": 1072000000, "grossProfitRatio": 1, "researchAndDevelopmentExpenses": 0, "generalAndAdministrativeExpenses": 1057000000, "sellingAndMarketingExpenses": 0, "sellingGeneralAndAdministrativeExpenses": 1057000000, "otherExpenses": 2052200000, "operatingExpenses": 3109200000, "costAndExpenses": 3109200000, "interestIncome": 4797700000, "interestExpense": 3711000000, "depreciationAndAmortization": 6218400000, "ebitda": 4181200000, "ebitdaratio": 3.9003731343, "operatingIncome": -2037200000, "operatingIncomeRatio": -1.9003731343, "totalOtherIncomeExpensesNet": -3711000000, "incomeBeforeTax": 470200000, "incomeBeforeTaxRatio": 0.438619403, "incomeTaxExpense": 199800000, "netIncome": 270400000, "netIncomeRatio": 0.252238806, "eps": 1.69, "epsdiluted": 1.69, "weightedAverageShsOut": 148224852, "weightedAverageShsOutDil": 148224852, "link": null, "finalLink": null, "calculatedOtherExpenses": 2052200000, "calculatedOperatingExpenses": 3109200000, "calculatedNetInterest": 1086700000, "calculatedOtherIncome": 1420700000, "calculatedIncomeNonControlling": 0, "calculatedEbitda": 4181200000}, {"date": "1989-12-31", "symbol": "MS", "reportedCurrency": "USD", "cik": "0000895421", "fillingDate": "1989-12-31", "acceptedDate": "1989-12-31 00:00:00", "calendarYear": "1989", "period": "FY", "revenue": 1324200000, "costOfRevenue": 0, "grossProfit": 1324200000, "grossProfitRatio": 1, "researchAndDevelopmentExpenses": 0, "generalAndAdministrativeExpenses": 1137600000, "sellingAndMarketingExpenses": 0, "sellingGeneralAndAdministrativeExpenses": 1137600000, "otherExpenses": 1654900000, "operatingExpenses": 2792500000, "costAndExpenses": 2792500000, "interestIncome": 4506800000, "interestExpense": 3378400000, "depreciationAndAmortization": 5585000000, "ebitda": 4116700000, "ebitdaratio": 3.1088204199, "operatingIncome": -1468300000, "operatingIncomeRatio": -1.1088204199, "totalOtherIncomeExpensesNet": -3378400000, "incomeBeforeTax": 738300000, "incomeBeforeTaxRatio": 0.5575441776, "incomeTaxExpense": 295300000, "netIncome": 443000000, "netIncomeRatio": 0.33454161, "eps": 2.81, "epsdiluted": 2.81, "weightedAverageShsOut": 151067616, "weightedAverageShsOutDil": 151067616, "link": null, "finalLink": null, "calculatedOtherExpenses": 1654900000, "calculatedOperatingExpenses": 2792500000, "calculatedNetInterest": 1128400000, "calculatedOtherIncome": 1078200000, "calculatedIncomeNonControlling": 0, "calculatedEbitda": 4116700000}, {"date": "1988-12-31", "symbol": "MS", "reportedCurrency": "USD", "cik": "0000895421", "fillingDate": "1988-12-31", "acceptedDate": "1988-12-31 00:00:00", "calendarYear": "1988", "period": "FY", "revenue": -1904700000, "costOfRevenue": 0, "grossProfit": -1904700000, "grossProfitRatio": 1, "researchAndDevelopmentExpenses": 0, "generalAndAdministrativeExpenses": 0, "sellingAndMarketingExpenses": 0, "sellingGeneralAndAdministrativeExpenses": 0, "otherExpenses": 4445900000, "operatingExpenses": 4445900000, "costAndExpenses": 4445900000, "interestIncome": 0, "interestExpense": 1904700000, "depreciationAndAmortization": 8891800000, "ebitda": 2541200000, "ebitdaratio": -1.3341733606, "operatingIncome": -6350600000, "operatingIncomeRatio": 3.3341733606, "totalOtherIncomeExpensesNet": -1904700000, "incomeBeforeTax": 636500000, "incomeBeforeTaxRatio": -0.3341733606, "incomeTaxExpense": 241900000, "netIncome": 394600000, "netIncomeRatio": -0.2071717331, "eps": 2.57, "epsdiluted": 2.57, "weightedAverageShsOut": 147704280, "weightedAverageShsOutDil": 147704280, "link": null, "finalLink": null, "calculatedOtherExpenses": 4445900000, "calculatedOperatingExpenses": 4445900000, "calculatedNetInterest": -1904700000, "calculatedOtherIncome": 8891800000, "calculatedIncomeNonControlling": 0, "calculatedEbitda": 2541200000}, {"date": "1987-12-31", "symbol": "MS", "reportedCurrency": "USD", "cik": "0000895421", "fillingDate": "1987-12-31", "acceptedDate": "1987-12-31 00:00:00", "calendarYear": "1987", "period": "FY", "revenue": 0, "costOfRevenue": 0, "grossProfit": 0, "grossProfitRatio": 0, "researchAndDevelopmentExpenses": 0, "generalAndAdministrativeExpenses": 0, "sellingAndMarketingExpenses": 0, "sellingGeneralAndAdministrativeExpenses": 0, "otherExpenses": 364200000, "operatingExpenses": 364200000, "costAndExpenses": 364200000, "interestIncome": 0, "interestExpense": 0, "depreciationAndAmortization": 728400000, "ebitda": 364200000, "ebitdaratio": 0, "operatingIncome": -364200000, "operatingIncomeRatio": 0, "totalOtherIncomeExpensesNet": 728400000, "incomeBeforeTax": 364200000, "incomeBeforeTaxRatio": 0, "incomeTaxExpense": 133300000, "netIncome": 230900000, "netIncomeRatio": 0, "eps": 1.5, "epsdiluted": 1.5, "weightedAverageShsOut": 153933333, "weightedAverageShsOutDil": 153933333, "link": null, "finalLink": null, "calculatedOtherExpenses": 364200000, "calculatedOperatingExpenses": 364200000, "calculatedNetInterest": 0, "calculatedOtherIncome": 728400000, "calculatedIncomeNonControlling": 0, "calculatedEbitda": 364200000}, {"date": "1986-12-31", "symbol": "MS", "reportedCurrency": "USD", "cik": "0000895421", "fillingDate": "1986-12-31", "acceptedDate": "1986-12-31 00:00:00", "calendarYear": "1986", "period": "FY", "revenue": -1035100000, "costOfRevenue": 0, "grossProfit": -1035100000, "grossProfitRatio": 1, "researchAndDevelopmentExpenses": 0, "generalAndAdministrativeExpenses": 0, "sellingAndMarketingExpenses": 0, "sellingGeneralAndAdministrativeExpenses": 0, "otherExpenses": 2392800000, "operatingExpenses": 2392800000, "costAndExpenses": 2392800000, "interestIncome": 0, "interestExpense": 1035100000, "depreciationAndAmortization": 4785600000, "ebitda": 1357700000, "ebitdaratio": -1.3116607091, "operatingIncome": -3427900000, "operatingIncomeRatio": 3.3116607091, "totalOtherIncomeExpensesNet": -1035100000, "incomeBeforeTax": 322600000, "incomeBeforeTaxRatio": -0.3116607091, "incomeTaxExpense": 121300000, "netIncome": 201300000, "netIncomeRatio": -0.1944739639, "eps": 1.41, "epsdiluted": 1.41, "weightedAverageShsOut": 142056738, "weightedAverageShsOutDil": 142056738, "link": null, "finalLink": null, "calculatedOtherExpenses": 2392800000, "calculatedOperatingExpenses": 2392800000, "calculatedNetInterest": -1035100000, "calculatedOtherIncome": 4785600000, "calculatedIncomeNonControlling": 0, "calculatedEbitda": 1357700000}, {"date": "1985-12-31", "symbol": "MS", "reportedCurrency": "USD", "cik": "0000895421", "fillingDate": "1985-12-31", "acceptedDate": "1985-12-31 00:00:00", "calendarYear": "1985", "period": "FY", "revenue": -900200000, "costOfRevenue": 0, "grossProfit": -900200000, "grossProfitRatio": 1, "researchAndDevelopmentExpenses": 0, "generalAndAdministrativeExpenses": 0, "sellingAndMarketingExpenses": 0, "sellingGeneralAndAdministrativeExpenses": 0, "otherExpenses": 1983700000, "operatingExpenses": 1983700000, "costAndExpenses": 1983700000, "interestIncome": 0, "interestExpense": 900200000, "depreciationAndAmortization": 3967400000, "ebitda": 1083500000, "ebitdaratio": -1.2036214175, "operatingIncome": -2883900000, "operatingIncomeRatio": 3.2036214175, "totalOtherIncomeExpensesNet": -900200000, "incomeBeforeTax": 183300000, "incomeBeforeTaxRatio": -0.2036214175, "incomeTaxExpense": 77400000, "netIncome": 105900000, "netIncomeRatio": -0.1176405243, "eps": 0.89, "epsdiluted": 0.89, "weightedAverageShsOut": 117865169, "weightedAverageShsOutDil": 117865169, "link": null, "finalLink": null, "calculatedOtherExpenses": 1983700000, "calculatedOperatingExpenses": 1983700000, "calculatedNetInterest": -900200000, "calculatedOtherIncome": 3967400000, "calculatedIncomeNonControlling": 0, "calculatedEbitda": 1083500000}]}