{"originalCurrency": "USD", "convertedCurrency": "USD", "report": [{"date": "2023-12-31", "symbol": "MSA", "reportedCurrency": "USD", "cik": "0000066570", "fillingDate": "2024-02-16", "acceptedDate": "2024-02-16 16:39:52", "calendarYear": "2023", "period": "FY", "revenue": 1787647000, "costOfRevenue": 926609000, "grossProfit": 861038000, "grossProfitRatio": 0.4816599698, "researchAndDevelopmentExpenses": 67988000, "generalAndAdministrativeExpenses": 0, "sellingAndMarketingExpenses": 0, "sellingGeneralAndAdministrativeExpenses": 387399000, "otherExpenses": -8903000, "operatingExpenses": 464290000, "costAndExpenses": 1390899000, "interestIncome": 8183999, "interestExpense": 46733000, "depreciationAndAmortization": 60773000, "ebitda": 457521000, "ebitdaratio": 0.2559347567, "operatingIncome": 396748000, "operatingIncomeRatio": 0.2219386713, "totalOtherIncomeExpensesNet": -190060000, "incomeBeforeTax": 206688000, "incomeBeforeTaxRatio": 0.115620142, "incomeTaxExpense": 148105000, "netIncome": 58583000, "netIncomeRatio": 0.0327710113, "eps": 1.49, "epsdiluted": 1.48, "weightedAverageShsOut": 39307000, "weightedAverageShsOutDil": 39473000, "link": "https://www.sec.gov/Archives/edgar/data/66570/000006657024000008/0000066570-24-000008-index.htm", "finalLink": "https://www.sec.gov/Archives/edgar/data/66570/000006657024000008/msa-20231231.htm", "calculatedOtherExpenses": 8903000, "calculatedOperatingExpenses": 464290000, "calculatedNetInterest": -38549001, "calculatedOtherIncome": -151510999, "calculatedIncomeNonControlling": 0, "calculatedEbitda": 457521000}, {"date": "2022-12-31", "symbol": "MSA", "reportedCurrency": "USD", "cik": "0000066570", "fillingDate": "2023-02-16", "acceptedDate": "2023-02-16 16:51:00", "calendarYear": "2022", "period": "FY", "revenue": 1527953000, "costOfRevenue": 854122000, "grossProfit": 673831000, "grossProfitRatio": 0.4410024392, "researchAndDevelopmentExpenses": 57012000, "generalAndAdministrativeExpenses": 0, "sellingAndMarketingExpenses": 0, "sellingGeneralAndAdministrativeExpenses": 338872000, "otherExpenses": 466000, "operatingExpenses": 395884000, "costAndExpenses": 1250006000, "interestIncome": 4155000, "interestExpense": 21660000, "depreciationAndAmortization": 95593000, "ebitda": 334730000, "ebitdaratio": 0.2190708746, "operatingIncome": 239137000, "operatingIncomeRatio": 0.1565080863, "totalOtherIncomeExpensesNet": -604000, "incomeBeforeTax": 238533000, "incomeBeforeTaxRatio": 0.1561127862, "incomeTaxExpense": 58903000, "netIncome": 179630000, "netIncomeRatio": 0.1175625166, "eps": 4.58, "epsdiluted": 4.56, "weightedAverageShsOut": 39232000, "weightedAverageShsOutDil": 39407000, "link": "https://www.sec.gov/Archives/edgar/data/66570/000006657023000008/0000066570-23-000008-index.htm", "finalLink": "https://www.sec.gov/Archives/edgar/data/66570/000006657023000008/msa-20221231.htm", "calculatedOtherExpenses": 38810000, "calculatedOperatingExpenses": 434694000, "calculatedNetInterest": -17505000, "calculatedOtherIncome": 16901000, "calculatedIncomeNonControlling": 0, "calculatedEbitda": 334730000}, {"date": "2021-12-31", "symbol": "MSA", "reportedCurrency": "USD", "cik": "0000066570", "fillingDate": "2022-02-18", "acceptedDate": "2022-02-18 17:10:09", "calendarYear": "2021", "period": "FY", "revenue": 1400182000, "costOfRevenue": 784834000, "grossProfit": 615348000, "grossProfitRatio": 0.4394771537, "researchAndDevelopmentExpenses": 57793000, "generalAndAdministrativeExpenses": 0, "sellingAndMarketingExpenses": 0, "sellingGeneralAndAdministrativeExpenses": 332862000, "otherExpenses": -173682000, "operatingExpenses": 390655000, "costAndExpenses": 1175489000, "interestIncome": 3256000, "interestExpense": 10758000, "depreciationAndAmortization": 50317000, "ebitda": 101328000, "ebitdaratio": 0.0723677351, "operatingIncome": 51011000, "operatingIncomeRatio": 0.0364316925, "totalOtherIncomeExpensesNet": -27407000, "incomeBeforeTax": 23604000, "incomeBeforeTaxRatio": 0.0168578085, "incomeTaxExpense": 1816000, "netIncome": 21340000, "netIncomeRatio": 0.0152408758, "eps": 0.54, "epsdiluted": 0.54, "weightedAverageShsOut": 39173000, "weightedAverageShsOutDil": 39449000, "link": "https://www.sec.gov/Archives/edgar/data/66570/000006657022000007/0000066570-22-000007-index.htm", "finalLink": "https://www.sec.gov/Archives/edgar/data/66570/000006657022000007/msa-20211231.htm", "calculatedOtherExpenses": 173682000, "calculatedOperatingExpenses": 564337000, "calculatedNetInterest": -7502000, "calculatedOtherIncome": -19905000, "calculatedIncomeNonControlling": 448000, "calculatedEbitda": 101328000}, {"date": "2020-12-31", "symbol": "MSA", "reportedCurrency": "USD", "cik": "0000066570", "fillingDate": "2021-02-19", "acceptedDate": "2021-02-19 17:00:19", "calendarYear": "2020", "period": "FY", "revenue": 1348223000, "costOfRevenue": 757775000, "grossProfit": 590448000, "grossProfitRatio": 0.4379453547, "researchAndDevelopmentExpenses": 58268000, "generalAndAdministrativeExpenses": 0, "sellingAndMarketingExpenses": 0, "sellingGeneralAndAdministrativeExpenses": 290334000, "otherExpenses": -33352000, "operatingExpenses": 348602000, "costAndExpenses": 1106377000, "interestIncome": 3498000, "interestExpense": 9432000, "depreciationAndAmortization": 81317000, "ebitda": 248168000, "ebitdaratio": 0.1840704394, "operatingIncome": 166851000, "operatingIncomeRatio": 0.1237562332, "totalOtherIncomeExpensesNet": -3748000, "incomeBeforeTax": 163103000, "incomeBeforeTaxRatio": 0.1209762777, "incomeTaxExpense": 41941000, "netIncome": 124077000, "netIncomeRatio": 0.0920300277, "eps": 3.19, "epsdiluted": 3.16, "weightedAverageShsOut": 38885000, "weightedAverageShsOutDil": 39286000, "link": "https://www.sec.gov/Archives/edgar/data/66570/000006657021000016/0000066570-21-000016-index.htm", "finalLink": "https://www.sec.gov/Archives/edgar/data/66570/000006657021000016/msa-20201231.htm", "calculatedOtherExpenses": 74995000, "calculatedOperatingExpenses": 423597000, "calculatedNetInterest": -5934000, "calculatedOtherIncome": 2186000, "calculatedIncomeNonControlling": -2915000, "calculatedEbitda": 248168000}, {"date": "2019-12-31", "symbol": "MSA", "reportedCurrency": "USD", "cik": "0000066570", "fillingDate": "2020-02-20", "acceptedDate": "2020-02-20 17:18:56", "calendarYear": "2019", "period": "FY", "revenue": 1401981000, "costOfRevenue": 765369000, "grossProfit": 636612000, "grossProfitRatio": 0.4540803335, "researchAndDevelopmentExpenses": 57848000, "generalAndAdministrativeExpenses": 0, "sellingAndMarketingExpenses": 0, "sellingGeneralAndAdministrativeExpenses": 330502000, "otherExpenses": -17278000, "operatingExpenses": 388350000, "costAndExpenses": 1153719000, "interestIncome": 4411000, "interestExpense": 13589000, "depreciationAndAmortization": 82774000, "ebitda": 269004000, "ebitdaratio": 0.1918742123, "operatingIncome": 186230000, "operatingIncomeRatio": 0.1328334692, "totalOtherIncomeExpensesNet": -2495000, "incomeBeforeTax": 183735000, "incomeBeforeTaxRatio": 0.1310538445, "incomeTaxExpense": 46086000, "netIncome": 136440000, "netIncomeRatio": 0.0973194359, "eps": 3.52, "epsdiluted": 3.48, "weightedAverageShsOut": 38653000, "weightedAverageShsOutDil": 39189000, "link": "https://www.sec.gov/Archives/edgar/data/66570/000006657020000005/0000066570-20-000005-index.htm", "finalLink": "https://www.sec.gov/Archives/edgar/data/66570/000006657020000005/a2019-10xkxmsa.htm", "calculatedOtherExpenses": 62032000, "calculatedOperatingExpenses": 450382000, "calculatedNetInterest": -9178000, "calculatedOtherIncome": 6683000, "calculatedIncomeNonControlling": 1209000, "calculatedEbitda": 269004000}, {"date": "2018-12-31", "symbol": "MSA", "reportedCurrency": "USD", "cik": "0000066570", "fillingDate": "2019-02-22", "acceptedDate": "2019-02-22 16:25:54", "calendarYear": "2018", "period": "FY", "revenue": 1358104000, "costOfRevenue": 746241000, "grossProfit": 611863000, "grossProfitRatio": 0.4505273528, "researchAndDevelopmentExpenses": 52696000, "generalAndAdministrativeExpenses": 324784000, "sellingAndMarketingExpenses": 0, "sellingGeneralAndAdministrativeExpenses": 324784000, "otherExpenses": 9231000, "operatingExpenses": 422807000, "costAndExpenses": 1169048000, "interestIncome": 4588000, "interestExpense": 18881000, "depreciationAndAmortization": 37852000, "ebitda": 236139000, "ebitdaratio": 0.1738740185, "operatingIncome": 173479000, "operatingIncomeRatio": 0.1277361675, "totalOtherIncomeExpensesNet": -7840000, "incomeBeforeTax": 162335000, "incomeBeforeTaxRatio": 0.1195306103, "incomeTaxExpense": 37220000, "netIncome": 124150000, "netIncomeRatio": 0.0914142069, "eps": 3.24, "epsdiluted": 3.19, "weightedAverageShsOut": 38362000, "weightedAverageShsOutDil": 38961000, "link": "https://www.sec.gov/Archives/edgar/data/66570/000006657019000010/0000066570-19-000010-index.htm", "finalLink": "https://www.sec.gov/Archives/edgar/data/66570/000006657019000010/a2018-10xkxmsa.htm", "calculatedOtherExpenses": 60904000, "calculatedOperatingExpenses": 438384000, "calculatedNetInterest": -14293000, "calculatedOtherIncome": 3149000, "calculatedIncomeNonControlling": 965000, "calculatedEbitda": 211331000}, {"date": "2017-12-31", "symbol": "MSA", "reportedCurrency": "USD", "cik": "0000066570", "fillingDate": "2018-02-22", "acceptedDate": "2018-02-22 16:18:26", "calendarYear": "2017", "period": "FY", "revenue": 1196809000, "costOfRevenue": 656411000, "grossProfit": 540398000, "grossProfitRatio": 0.4515323665, "researchAndDevelopmentExpenses": 50061000, "generalAndAdministrativeExpenses": 297801000, "sellingAndMarketingExpenses": 0, "sellingGeneralAndAdministrativeExpenses": 297801000, "otherExpenses": 1790000, "operatingExpenses": 474294000, "costAndExpenses": 1130705000, "interestIncome": 3596000, "interestExpense": 15360000, "depreciationAndAmortization": 37877000, "ebitda": 105771000, "ebitdaratio": 0.0883775105, "operatingIncome": 66104000, "operatingIncomeRatio": 0.0552335419, "totalOtherIncomeExpensesNet": -20969000, "incomeBeforeTax": 29775000, "incomeBeforeTaxRatio": 0.0248786565, "incomeTaxExpense": 2819000, "netIncome": 26027000, "netIncomeRatio": 0.0217469956, "eps": 0.68, "epsdiluted": 0.67, "weightedAverageShsOut": 37997000, "weightedAverageShsOutDil": 38697000, "link": "https://www.sec.gov/Archives/edgar/data/66570/000006657018000009/0000066570-18-000009-index.htm", "finalLink": "https://www.sec.gov/Archives/edgar/data/66570/000006657018000009/a2017-10xkxmsa.htm", "calculatedOtherExpenses": 126432000, "calculatedOperatingExpenses": 474294000, "calculatedNetInterest": -11764000, "calculatedOtherIncome": -24565000, "calculatedIncomeNonControlling": 929000, "calculatedEbitda": 103981000}, {"date": "2016-12-31", "symbol": "MSA", "reportedCurrency": "USD", "cik": "0000066570", "fillingDate": "2017-02-28", "acceptedDate": "2017-02-28 14:10:05", "calendarYear": "2016", "period": "FY", "revenue": 1149530000, "costOfRevenue": 625887000, "grossProfit": 523643000, "grossProfitRatio": 0.4555279114, "researchAndDevelopmentExpenses": 46847000, "generalAndAdministrativeExpenses": 306144000, "sellingAndMarketingExpenses": 0, "sellingGeneralAndAdministrativeExpenses": 306144000, "otherExpenses": 4130000, "operatingExpenses": 352991000, "costAndExpenses": 978878000, "interestIncome": 2827000, "interestExpense": 16411000, "depreciationAndAmortization": 35273000, "ebitda": 210055000, "ebitdaratio": 0.1827312032, "operatingIncome": 170652000, "operatingIncomeRatio": 0.1484537159, "totalOtherIncomeExpensesNet": -2330000, "incomeBeforeTax": 151911000, "incomeBeforeTaxRatio": 0.1321505311, "incomeTaxExpense": 57804000, "netIncome": 91936000, "netIncomeRatio": 0.0799770341, "eps": 2.45, "epsdiluted": 2.42, "weightedAverageShsOut": 37456000, "weightedAverageShsOutDil": 37986000, "link": "https://www.sec.gov/Archives/edgar/data/66570/000006657017000011/0000066570-17-000011-index.htm", "finalLink": "https://www.sec.gov/Archives/edgar/data/66570/000006657017000011/a2016-10xkxmsa.htm", "calculatedOtherExpenses": 0, "calculatedOperatingExpenses": 352991000, "calculatedNetInterest": -13584000, "calculatedOtherIncome": -5157000, "calculatedIncomeNonControlling": 2171000, "calculatedEbitda": 205925000}, {"date": "2015-12-31", "symbol": "MSA", "reportedCurrency": "USD", "cik": "0000066570", "fillingDate": "2016-02-29", "acceptedDate": "2016-02-29 16:20:44", "calendarYear": "2015", "period": "FY", "revenue": 1130783000, "costOfRevenue": 629680000, "grossProfit": 501103000, "grossProfitRatio": 0.4431469168, "researchAndDevelopmentExpenses": 48630000, "generalAndAdministrativeExpenses": 315270000, "sellingAndMarketingExpenses": 0, "sellingGeneralAndAdministrativeExpenses": 315270000, "otherExpenses": -861000, "operatingExpenses": 363900000, "costAndExpenses": 993580000, "interestIncome": 1525000, "interestExpense": 10854000, "depreciationAndAmortization": 31684000, "ebitda": 168026000, "ebitdaratio": 0.1485926124, "operatingIncome": 137203000, "operatingIncomeRatio": 0.1213345089, "totalOtherIncomeExpensesNet": -15323000, "incomeBeforeTax": 111026000, "incomeBeforeTaxRatio": 0.0981850629, "incomeTaxExpense": 44407000, "netIncome": 70807000, "netIncomeRatio": 0.0626176729, "eps": 1.89, "epsdiluted": 1.87, "weightedAverageShsOut": 37293000, "weightedAverageShsOutDil": 37710000, "link": "https://www.sec.gov/Archives/edgar/data/66570/000006657016000068/0000066570-16-000068-index.htm", "finalLink": "https://www.sec.gov/Archives/edgar/data/66570/000006657016000068/a2015-10xkxmsa.htm", "calculatedOtherExpenses": 0, "calculatedOperatingExpenses": 363900000, "calculatedNetInterest": -9329000, "calculatedOtherIncome": -16848000, "calculatedIncomeNonControlling": -4188000, "calculatedEbitda": 168887000}, {"date": "2014-12-31", "symbol": "MSA", "reportedCurrency": "USD", "cik": "0000066570", "fillingDate": "2015-02-25", "acceptedDate": "2015-02-25 15:37:02", "calendarYear": "2014", "period": "FY", "revenue": 1133885000, "costOfRevenue": 618536000, "grossProfit": 515349000, "grossProfitRatio": 0.4544984721, "researchAndDevelopmentExpenses": 48247000, "generalAndAdministrativeExpenses": 322797000, "sellingAndMarketingExpenses": 0, "sellingGeneralAndAdministrativeExpenses": 322797000, "otherExpenses": 2765000, "operatingExpenses": 371044000, "costAndExpenses": 989580000, "interestIncome": 1822000, "interestExpense": 9851000, "depreciationAndAmortization": 29921000, "ebitda": 176991000, "ebitdaratio": 0.1560925491, "operatingIncome": 144305000, "operatingIncomeRatio": 0.1272659926, "totalOtherIncomeExpensesNet": -7259000, "incomeBeforeTax": 127195000, "incomeBeforeTaxRatio": 0.1121762789, "incomeTaxExpense": 41044000, "netIncome": 88506000, "netIncomeRatio": 0.0780555347, "eps": 2.37, "epsdiluted": 2.33, "weightedAverageShsOut": 37138000, "weightedAverageShsOutDil": 37728000, "link": "https://www.sec.gov/Archives/edgar/data/66570/000006657015000011/0000066570-15-000011-index.htm", "finalLink": "https://www.sec.gov/Archives/edgar/data/66570/000006657015000011/a2014-10xkxmsa.htm", "calculatedOtherExpenses": 0, "calculatedOperatingExpenses": 371044000, "calculatedNetInterest": -8029000, "calculatedOtherIncome": -9081000, "calculatedIncomeNonControlling": -2355000, "calculatedEbitda": 174226000}, {"date": "2013-12-31", "symbol": "MSA", "reportedCurrency": "USD", "cik": "0000066570", "fillingDate": "2014-02-24", "acceptedDate": "2014-02-24 17:14:44", "calendarYear": "2013", "period": "FY", "revenue": 1112058000, "costOfRevenue": 615213000, "grossProfit": 496845000, "grossProfitRatio": 0.4467797543, "researchAndDevelopmentExpenses": 45858000, "generalAndAdministrativeExpenses": 309206000, "sellingAndMarketingExpenses": 0, "sellingGeneralAndAdministrativeExpenses": 309206000, "otherExpenses": -175000, "operatingExpenses": 355064000, "costAndExpenses": 970277000, "interestIncome": 1142000, "interestExpense": 10677000, "depreciationAndAmortization": 30764000, "ebitda": 172370000, "ebitdaratio": 0.1550009082, "operatingIncome": 141781000, "operatingIncomeRatio": 0.1274942494, "totalOtherIncomeExpensesNet": -10971000, "incomeBeforeTax": 120133000, "incomeBeforeTaxRatio": 0.1080276388, "incomeTaxExpense": 35145000, "netIncome": 88247000, "netIncomeRatio": 0.0793546739, "eps": 2.37, "epsdiluted": 2.34, "weightedAverageShsOut": 36868000, "weightedAverageShsOutDil": 37450000, "link": "https://www.sec.gov/Archives/edgar/data/66570/000006657014000010/0000066570-14-000010-index.htm", "finalLink": "https://www.sec.gov/Archives/edgar/data/66570/000006657014000010/a10-kxmsa.htm", "calculatedOtherExpenses": 0, "calculatedOperatingExpenses": 355064000, "calculatedNetInterest": -9535000, "calculatedOtherIncome": -12113000, "calculatedIncomeNonControlling": -3259000, "calculatedEbitda": 172545000}, {"date": "2012-12-31", "symbol": "MSA", "reportedCurrency": "USD", "cik": "0000066570", "fillingDate": "2013-02-20", "acceptedDate": "2013-02-20 17:01:45", "calendarYear": "2012", "period": "FY", "revenue": 1168904000, "costOfRevenue": 666172000, "grossProfit": 502732000, "grossProfitRatio": 0.4300883563, "researchAndDevelopmentExpenses": 40900000, "generalAndAdministrativeExpenses": 321234000, "sellingAndMarketingExpenses": 0, "sellingGeneralAndAdministrativeExpenses": 321234000, "otherExpenses": 10991000, "operatingExpenses": 362134000, "costAndExpenses": 1028306000, "interestIncome": 1525000, "interestExpense": 11361000, "depreciationAndAmortization": 31702000, "ebitda": 183291000, "ebitdaratio": 0.1568058626, "operatingIncome": 140598000, "operatingIncomeRatio": 0.1202819051, "totalOtherIncomeExpensesNet": 5053000, "incomeBeforeTax": 134290000, "incomeBeforeTaxRatio": 0.1148853969, "incomeTaxExpense": 42529000, "netIncome": 90637000, "netIncomeRatio": 0.0775401573, "eps": 2.45, "epsdiluted": 2.42, "weightedAverageShsOut": 36564000, "weightedAverageShsOutDil": 37042000, "link": "https://www.sec.gov/Archives/edgar/data/66570/000119312513067419/0001193125-13-067419-index.htm", "finalLink": "https://www.sec.gov/Archives/edgar/data/66570/000119312513067419/d448561d10k.htm", "calculatedOtherExpenses": 0, "calculatedOperatingExpenses": 362134000, "calculatedNetInterest": -9836000, "calculatedOtherIncome": 3528000, "calculatedIncomeNonControlling": 1124000, "calculatedEbitda": 172300000}, {"date": "2011-12-31", "symbol": "MSA", "reportedCurrency": "USD", "cik": "0000066570", "fillingDate": "2012-02-22", "acceptedDate": "2012-02-22 16:52:20", "calendarYear": "2011", "period": "FY", "revenue": 1178608000, "costOfRevenue": 702991000, "grossProfit": 475617000, "grossProfitRatio": 0.4035412962, "researchAndDevelopmentExpenses": 39245000, "generalAndAdministrativeExpenses": 306367000, "sellingAndMarketingExpenses": 0, "sellingGeneralAndAdministrativeExpenses": 306367000, "otherExpenses": 0, "operatingExpenses": 345612000, "costAndExpenses": 1048603000, "interestIncome": 0, "interestExpense": 14117000, "depreciationAndAmortization": 32866000, "ebitda": 130005000, "ebitdaratio": 0.11030385, "operatingIncome": 121446000, "operatingIncomeRatio": 0.1030418935, "totalOtherIncomeExpensesNet": -11070000, "incomeBeforeTax": 104818000, "incomeBeforeTaxRatio": 0.0889337252, "incomeTaxExpense": 34773000, "netIncome": 69852000, "netIncomeRatio": 0.0592665246, "eps": 1.91, "epsdiluted": 1.87, "weightedAverageShsOut": 36221000, "weightedAverageShsOutDil": 36831000, "link": "https://www.sec.gov/Archives/edgar/data/66570/000119312512072913/0001193125-12-072913-index.htm", "finalLink": "https://www.sec.gov/Archives/edgar/data/66570/000119312512072913/d260722d10k.htm", "calculatedOtherExpenses": 8559000, "calculatedOperatingExpenses": 354171000, "calculatedNetInterest": -14117000, "calculatedOtherIncome": -2511000, "calculatedIncomeNonControlling": 193000, "calculatedEbitda": 154312000}, {"date": "2010-12-31", "symbol": "MSA", "reportedCurrency": "USD", "cik": "0000066570", "fillingDate": "2011-02-28", "acceptedDate": "2011-02-28 17:07:24", "calendarYear": "2010", "period": "FY", "revenue": 982668000, "costOfRevenue": 606532000, "grossProfit": 376136000, "grossProfitRatio": 0.3827701726, "researchAndDevelopmentExpenses": 32784000, "generalAndAdministrativeExpenses": 262940000, "sellingAndMarketingExpenses": 0, "sellingGeneralAndAdministrativeExpenses": 262940000, "otherExpenses": 0, "operatingExpenses": 295724000, "costAndExpenses": 902256000, "interestIncome": 0, "interestExpense": 8707000, "depreciationAndAmortization": 29192000, "ebitda": 109604000, "ebitdaratio": 0.1115371621, "operatingIncome": 66291000, "operatingIncomeRatio": 0.0674602205, "totalOtherIncomeExpensesNet": -14356000, "incomeBeforeTax": 57349000, "incomeBeforeTaxRatio": 0.0583605043, "incomeTaxExpense": 18290000, "netIncome": 38104000, "netIncomeRatio": 0.0387760668, "eps": 1.06, "epsdiluted": 1.05, "weightedAverageShsOut": 35880000, "weightedAverageShsOutDil": 36422000, "link": "https://www.sec.gov/Archives/edgar/data/66570/000119312511050159/0001193125-11-050159-index.htm", "finalLink": "https://www.sec.gov/Archives/edgar/data/66570/000119312511050159/d10k.htm", "calculatedOtherExpenses": 14121000, "calculatedOperatingExpenses": 309845000, "calculatedNetInterest": -8707000, "calculatedOtherIncome": -235000, "calculatedIncomeNonControlling": 955000, "calculatedEbitda": 95483000}, {"date": "2009-12-31", "symbol": "MSA", "reportedCurrency": "USD", "cik": "0000066570", "fillingDate": "2010-02-26", "acceptedDate": "2010-02-26 16:26:40", "calendarYear": "2009", "period": "FY", "revenue": 915851000, "costOfRevenue": 573266000, "grossProfit": 342585000, "grossProfitRatio": 0.374061938, "researchAndDevelopmentExpenses": 28781000, "generalAndAdministrativeExpenses": 230006000, "sellingAndMarketingExpenses": 0, "sellingGeneralAndAdministrativeExpenses": 230006000, "otherExpenses": 0, "operatingExpenses": 258787000, "costAndExpenses": 832053000, "interestIncome": 0, "interestExpense": 7080000, "depreciationAndAmortization": 27362000, "ebitda": 111160000, "ebitdaratio": 0.1213734549, "operatingIncome": 83798000, "operatingIncomeRatio": 0.0914974161, "totalOtherIncomeExpensesNet": -11378000, "incomeBeforeTax": 65340000, "incomeBeforeTaxRatio": 0.0713434827, "incomeTaxExpense": 22003000, "netIncome": 43295000, "netIncomeRatio": 0.0472729734, "eps": 1.21, "epsdiluted": 1.21, "weightedAverageShsOut": 35668000, "weightedAverageShsOutDil": 35879000, "link": "https://www.sec.gov/Archives/edgar/data/66570/000119312510042969/0001193125-10-042969-index.htm", "finalLink": "https://www.sec.gov/Archives/edgar/data/66570/000119312510042969/d10k.htm", "calculatedOtherExpenses": 0, "calculatedOperatingExpenses": 258787000, "calculatedNetInterest": -7080000, "calculatedOtherIncome": -11378000, "calculatedIncomeNonControlling": 42000, "calculatedEbitda": 111160000}, {"date": "2008-12-31", "symbol": "MSA", "reportedCurrency": "USD", "cik": "0000066570", "fillingDate": "2009-02-26", "acceptedDate": "2009-02-26 15:50:56", "calendarYear": "2008", "period": "FY", "revenue": 1139543000, "costOfRevenue": 701679000, "grossProfit": 437864000, "grossProfitRatio": 0.3842452632, "researchAndDevelopmentExpenses": 35020000, "generalAndAdministrativeExpenses": 270584000, "sellingAndMarketingExpenses": 0, "sellingGeneralAndAdministrativeExpenses": 270584000, "otherExpenses": 0, "operatingExpenses": 305604000, "costAndExpenses": 1007283000, "interestIncome": 0, "interestExpense": 8923000, "depreciationAndAmortization": 27647000, "ebitda": 132260000, "ebitdaratio": 0.1160640713, "operatingIncome": 132260000, "operatingIncomeRatio": 0.1160640713, "totalOtherIncomeExpensesNet": -10879000, "incomeBeforeTax": 112458000, "incomeBeforeTaxRatio": 0.0986869298, "incomeTaxExpense": 42036000, "netIncome": 70422000, "netIncomeRatio": 0.0617984578, "eps": 1.98, "epsdiluted": 1.96, "weightedAverageShsOut": 35593000, "weightedAverageShsOutDil": 35949000, "link": "https://www.sec.gov/Archives/edgar/data/66570/000119312509039023/0001193125-09-039023-index.htm", "finalLink": "https://www.sec.gov/Archives/edgar/data/66570/000119312509039023/d10k.htm", "calculatedOtherExpenses": 0, "calculatedOperatingExpenses": 305604000, "calculatedNetInterest": -8923000, "calculatedOtherIncome": -10879000, "calculatedIncomeNonControlling": 0, "calculatedEbitda": 159907000}, {"date": "2007-12-31", "symbol": "MSA", "reportedCurrency": "USD", "cik": "0000066570", "fillingDate": "2008-02-29", "acceptedDate": "2008-02-29 14:37:17", "calendarYear": "2007", "period": "FY", "revenue": 1007648000, "costOfRevenue": 616203000, "grossProfit": 391445000, "grossProfitRatio": 0.3884739512, "researchAndDevelopmentExpenses": 30196000, "generalAndAdministrativeExpenses": 241138000, "sellingAndMarketingExpenses": 0, "sellingGeneralAndAdministrativeExpenses": 241138000, "otherExpenses": 0, "operatingExpenses": 271334000, "costAndExpenses": 887537000, "interestIncome": 0, "interestExpense": 0, "depreciationAndAmortization": 24363000, "ebitda": 131088000, "ebitdaratio": 0.1300930484, "operatingIncome": 115969000, "operatingIncomeRatio": 0.1150888009, "totalOtherIncomeExpensesNet": 13386000, "incomeBeforeTax": 106188000, "incomeBeforeTaxRatio": 0.1053820382, "incomeTaxExpense": 38600000, "netIncome": 67588000, "netIncomeRatio": 0.0670750103, "eps": 1.89, "epsdiluted": 1.86, "weightedAverageShsOut": 35651000, "weightedAverageShsOutDil": 36240000, "link": "https://www.sec.gov/Archives/edgar/data/66570/000119312508043436/0001193125-08-043436-index.htm", "finalLink": "https://www.sec.gov/Archives/edgar/data/66570/000119312508043436/d10k.htm", "calculatedOtherExpenses": 4142000, "calculatedOperatingExpenses": 275476000, "calculatedNetInterest": 0, "calculatedOtherIncome": -9781000, "calculatedIncomeNonControlling": 0, "calculatedEbitda": 140332000}, {"date": "2006-12-31", "symbol": "MSA", "reportedCurrency": "USD", "cik": "0000066570", "fillingDate": "2007-02-28", "acceptedDate": "2007-02-28 16:38:18", "calendarYear": "2006", "period": "FY", "revenue": 919098000, "costOfRevenue": 568410000, "grossProfit": 350688000, "grossProfitRatio": 0.3815567002, "researchAndDevelopmentExpenses": 26037000, "generalAndAdministrativeExpenses": 215663000, "sellingAndMarketingExpenses": 0, "sellingGeneralAndAdministrativeExpenses": 215663000, "otherExpenses": 0, "operatingExpenses": 241700000, "costAndExpenses": 810110000, "interestIncome": 0, "interestExpense": 0, "depreciationAndAmortization": 22147000, "ebitda": 135871000, "ebitdaratio": 0.147830808, "operatingIncome": 102007000, "operatingIncomeRatio": 0.1109859884, "totalOtherIncomeExpensesNet": -4736000, "incomeBeforeTax": 92640000, "incomeBeforeTaxRatio": 0.1007944746, "incomeTaxExpense": 28722000, "netIncome": 63918000, "netIncomeRatio": 0.0695442706, "eps": 1.76, "epsdiluted": 1.73, "weightedAverageShsOut": 36293182, "weightedAverageShsOutDil": 36922543, "link": "https://www.sec.gov/Archives/edgar/data/66570/000119312507042686/0001193125-07-042686-index.htm", "finalLink": "https://www.sec.gov/Archives/edgar/data/66570/000119312507042686/d10k.htm", "calculatedOtherExpenses": 6981000, "calculatedOperatingExpenses": 248681000, "calculatedNetInterest": 0, "calculatedOtherIncome": -9367000, "calculatedIncomeNonControlling": 0, "calculatedEbitda": 124154000}, {"date": "2005-12-31", "symbol": "MSA", "reportedCurrency": "USD", "cik": "0000066570", "fillingDate": "2006-03-06", "acceptedDate": "2006-03-06 17:00:13", "calendarYear": "2005", "period": "FY", "revenue": 911970000, "costOfRevenue": 552472000, "grossProfit": 359498000, "grossProfitRatio": 0.3941993706, "researchAndDevelopmentExpenses": 21928000, "generalAndAdministrativeExpenses": 207816000, "sellingAndMarketingExpenses": 0, "sellingGeneralAndAdministrativeExpenses": 207816000, "otherExpenses": 0, "operatingExpenses": 229744000, "costAndExpenses": 782216000, "interestIncome": 0, "interestExpense": 0, "depreciationAndAmortization": 24345000, "ebitda": 150515000, "ebitdaratio": 0.1650438063, "operatingIncome": 129754000, "operatingIncomeRatio": 0.142278803, "totalOtherIncomeExpensesNet": 3584000, "incomeBeforeTax": 123796000, "incomeBeforeTaxRatio": 0.1357456934, "incomeTaxExpense": 42013000, "netIncome": 81783000, "netIncomeRatio": 0.089677292, "eps": 2.24, "epsdiluted": 2.19, "weightedAverageShsOut": 36560000, "weightedAverageShsOutDil": 36560000, "link": "https://www.sec.gov/Archives/edgar/data/66570/000119312506046204/0001193125-06-046204-index.htm", "finalLink": "https://www.sec.gov/Archives/edgar/data/66570/000119312506046204/d10k.htm", "calculatedOtherExpenses": 0, "calculatedOperatingExpenses": 229744000, "calculatedNetInterest": 0, "calculatedOtherIncome": -5958000, "calculatedIncomeNonControlling": 0, "calculatedEbitda": 154099000}, {"date": "2004-12-31", "symbol": "MSA", "reportedCurrency": "USD", "cik": "0000066570", "fillingDate": "2005-03-14", "acceptedDate": "2005-03-14 14:43:02", "calendarYear": "2004", "period": "FY", "revenue": 857513000, "costOfRevenue": 512089000, "grossProfit": 345424000, "grossProfitRatio": 0.4028207153, "researchAndDevelopmentExpenses": 22648000, "generalAndAdministrativeExpenses": 204799000, "sellingAndMarketingExpenses": 0, "sellingGeneralAndAdministrativeExpenses": 204799000, "otherExpenses": 0, "operatingExpenses": 227447000, "costAndExpenses": 739536000, "interestIncome": 0, "interestExpense": 0, "depreciationAndAmortization": 25496000, "ebitda": 138733000, "ebitdaratio": 0.1617853024, "operatingIncome": 117977000, "operatingIncomeRatio": 0.1375804215, "totalOtherIncomeExpensesNet": 4740000, "incomeBeforeTax": 113868000, "incomeBeforeTaxRatio": 0.1327886574, "incomeTaxExpense": 42821000, "netIncome": 71047000, "netIncomeRatio": 0.0828523882, "eps": 1.91, "epsdiluted": 1.86, "weightedAverageShsOut": 37111000, "weightedAverageShsOutDil": 37111000, "link": "https://www.sec.gov/Archives/edgar/data/66570/000119312505049299/0001193125-05-049299-index.htm", "finalLink": "https://www.sec.gov/Archives/edgar/data/66570/000119312505049299/d10k.htm", "calculatedOtherExpenses": 0, "calculatedOperatingExpenses": 227447000, "calculatedNetInterest": 0, "calculatedOtherIncome": -4109000, "calculatedIncomeNonControlling": 0, "calculatedEbitda": 143473000}, {"date": "2003-12-31", "symbol": "MSA", "reportedCurrency": "USD", "cik": "0000066570", "fillingDate": "2004-03-15", "acceptedDate": "2004-03-15 13:46:33", "calendarYear": "2003", "period": "FY", "revenue": 698197000, "costOfRevenue": 408219000, "grossProfit": 289978000, "grossProfitRatio": 0.4153240418, "researchAndDevelopmentExpenses": 21722000, "generalAndAdministrativeExpenses": 170081000, "sellingAndMarketingExpenses": 0, "sellingGeneralAndAdministrativeExpenses": 170081000, "otherExpenses": 23208000, "operatingExpenses": 215011000, "costAndExpenses": 623230000, "interestIncome": 0, "interestExpense": 0, "depreciationAndAmortization": 23208000, "ebitda": 93095000, "ebitdaratio": 0.1333362933, "operatingIncome": 74967000, "operatingIncomeRatio": 0.1073722746, "totalOtherIncomeExpensesNet": 5080000, "incomeBeforeTax": 73759000, "incomeBeforeTaxRatio": 0.1056421039, "incomeTaxExpense": 24835000, "netIncome": 65267000, "netIncomeRatio": 0.0934793475, "eps": 1.33, "epsdiluted": 1.31, "weightedAverageShsOut": 36662347, "weightedAverageShsOutDil": 37116089, "link": "https://www.sec.gov/Archives/edgar/data/66570/000119312504041958/0001193125-04-041958-index.htm", "finalLink": "https://www.sec.gov/Archives/edgar/data/66570/000119312504041958/d10k.htm", "calculatedOtherExpenses": 23208000, "calculatedOperatingExpenses": 215011000, "calculatedNetInterest": 0, "calculatedOtherIncome": -1208000, "calculatedIncomeNonControlling": -16343000, "calculatedEbitda": 98175000}, {"date": "2002-12-31", "symbol": "MSA", "reportedCurrency": "USD", "cik": "0000066570", "fillingDate": "2003-03-28", "acceptedDate": "2003-03-27 18:10:36", "calendarYear": "2002", "period": "FY", "revenue": 564426000, "costOfRevenue": 351587000, "grossProfit": 212839000, "grossProfitRatio": 0.3770892907, "researchAndDevelopmentExpenses": 0, "generalAndAdministrativeExpenses": 140924000, "sellingAndMarketingExpenses": 0, "sellingGeneralAndAdministrativeExpenses": 140924000, "otherExpenses": 21525000, "operatingExpenses": 162449000, "costAndExpenses": 514036000, "interestIncome": 0, "interestExpense": 0, "depreciationAndAmortization": 21525000, "ebitda": 69453000, "ebitdaratio": 0.1230506745, "operatingIncome": 50390000, "operatingIncomeRatio": 0.0892765394, "totalOtherIncomeExpensesNet": 2462000, "incomeBeforeTax": 48083000, "incomeBeforeTaxRatio": 0.0851892011, "incomeTaxExpense": 16870000, "netIncome": 35077000, "netIncomeRatio": 0.0621463221, "eps": 0.96, "epsdiluted": 0.95, "weightedAverageShsOut": 36549550, "weightedAverageShsOutDil": 36549550, "link": "https://www.sec.gov/Archives/edgar/data/66570/000095013203000046/0000950132-03-000046-index.htm", "finalLink": "https://www.sec.gov/Archives/edgar/data/66570/000095013203000046/d10k.htm", "calculatedOtherExpenses": 21525000, "calculatedOperatingExpenses": 162449000, "calculatedNetInterest": 0, "calculatedOtherIncome": -2307000, "calculatedIncomeNonControlling": -3864000, "calculatedEbitda": 71915000}, {"date": "2001-12-31", "symbol": "MSA", "reportedCurrency": "USD", "cik": "0000066570", "fillingDate": "2002-03-27", "acceptedDate": "2002-03-27 00:00:00", "calendarYear": "2001", "period": "FY", "revenue": 545666000, "costOfRevenue": 325662000, "grossProfit": 220004000, "grossProfitRatio": 0.4031843655, "researchAndDevelopmentExpenses": 0, "generalAndAdministrativeExpenses": 131102000, "sellingAndMarketingExpenses": 0, "sellingGeneralAndAdministrativeExpenses": 131102000, "otherExpenses": 26471000, "operatingExpenses": 157573000, "costAndExpenses": 483235000, "interestIncome": 0, "interestExpense": 0, "depreciationAndAmortization": 26471000, "ebitda": 89576000, "ebitdaratio": 0.1641590277, "operatingIncome": 60144000, "operatingIncomeRatio": 0.1102212709, "totalOtherIncomeExpensesNet": -674000, "incomeBeforeTax": 52886000, "incomeBeforeTaxRatio": 0.096920094, "incomeTaxExpense": 21255000, "netIncome": 31631000, "netIncomeRatio": 0.0579676945, "eps": 0.88, "epsdiluted": 0.87, "weightedAverageShsOut": 35754340, "weightedAverageShsOutDil": 36302299, "link": "https://www.sec.gov/Archives/edgar/data/66570/000092701602001665/0000927016-02-001665-index.htm", "finalLink": "https://www.sec.gov/Archives/edgar/data/66570/000092701602001665/d10k405.txt", "calculatedOtherExpenses": 28758000, "calculatedOperatingExpenses": 159860000, "calculatedNetInterest": 0, "calculatedOtherIncome": -7258000, "calculatedIncomeNonControlling": 0, "calculatedEbitda": 86615000}, {"date": "2000-12-31", "symbol": "MSA", "reportedCurrency": "USD", "cik": "0000066570", "fillingDate": "2001-03-27", "acceptedDate": "2001-03-27 00:00:00", "calendarYear": "2000", "period": "FY", "revenue": 500367000, "costOfRevenue": 313279000, "grossProfit": 187088000, "grossProfitRatio": 0.3739015563, "researchAndDevelopmentExpenses": 0, "generalAndAdministrativeExpenses": 124456000, "sellingAndMarketingExpenses": 0, "sellingGeneralAndAdministrativeExpenses": 124456000, "otherExpenses": 24557000, "operatingExpenses": 149013000, "costAndExpenses": 462292000, "interestIncome": 0, "interestExpense": 0, "depreciationAndAmortization": 24557000, "ebitda": 62155000, "ebitdaratio": 0.1242188234, "operatingIncome": 38075000, "operatingIncomeRatio": 0.0760941469, "totalOtherIncomeExpensesNet": 477000, "incomeBeforeTax": 34050000, "incomeBeforeTaxRatio": 0.0680500513, "incomeTaxExpense": 10811000, "netIncome": 23239000, "netIncomeRatio": 0.0464439102, "eps": 0.63, "epsdiluted": 0.63, "weightedAverageShsOut": 36939940, "weightedAverageShsOutDil": 37105105, "link": "https://www.sec.gov/Archives/edgar/data/66570/000095013201500082/0000950132-01-500082-index.htm", "finalLink": "https://www.sec.gov/Archives/edgar/data/66570/000095013201500082/d10k.txt", "calculatedOtherExpenses": 24557000, "calculatedOperatingExpenses": 149013000, "calculatedNetInterest": 0, "calculatedOtherIncome": -4025000, "calculatedIncomeNonControlling": 0, "calculatedEbitda": 62632000}, {"date": "1999-12-31", "symbol": "MSA", "reportedCurrency": "USD", "cik": "0000066570", "fillingDate": "2000-03-24", "acceptedDate": "2000-03-24 00:00:00", "calendarYear": "1999", "period": "FY", "revenue": 494200000, "costOfRevenue": 314500000, "grossProfit": 179700000, "grossProfitRatio": 0.3636179684, "researchAndDevelopmentExpenses": 0, "generalAndAdministrativeExpenses": 129500000, "sellingAndMarketingExpenses": 0, "sellingGeneralAndAdministrativeExpenses": 129500000, "otherExpenses": 23400000, "operatingExpenses": 152900000, "costAndExpenses": 467400000, "interestIncome": 0, "interestExpense": 0, "depreciationAndAmortization": 23400000, "ebitda": 50900000, "ebitdaratio": 0.102994739, "operatingIncome": 26800000, "operatingIncomeRatio": 0.0542290571, "totalOtherIncomeExpensesNet": -700000, "incomeBeforeTax": 22000000, "incomeBeforeTaxRatio": 0.0445163901, "incomeTaxExpense": 6900000, "netIncome": 15100000, "netIncomeRatio": 0.0305544314, "eps": 0.39, "epsdiluted": 0.39, "weightedAverageShsOut": 38922414, "weightedAverageShsOutDil": 38922414, "link": "https://www.sec.gov/Archives/edgar/data/66570/000095013200000190/0000950132-00-000190-index.html", "finalLink": "https://www.sec.gov/Archives/edgar/data/66570/000095013200000190/", "calculatedOtherExpenses": 23400000, "calculatedOperatingExpenses": 152900000, "calculatedNetInterest": 0, "calculatedOtherIncome": -4800000, "calculatedIncomeNonControlling": 0, "calculatedEbitda": 50200000}, {"date": "1998-12-31", "symbol": "MSA", "reportedCurrency": "USD", "cik": "0000066570", "fillingDate": "1999-03-26", "acceptedDate": "1999-03-26 00:00:00", "calendarYear": "1998", "period": "FY", "revenue": 491200000, "costOfRevenue": 311700000, "grossProfit": 179500000, "grossProfitRatio": 0.3654315961, "researchAndDevelopmentExpenses": 0, "generalAndAdministrativeExpenses": 130300000, "sellingAndMarketingExpenses": 0, "sellingGeneralAndAdministrativeExpenses": 130300000, "otherExpenses": 22400000, "operatingExpenses": 152700000, "costAndExpenses": 464400000, "interestIncome": 0, "interestExpense": 0, "depreciationAndAmortization": 22400000, "ebitda": 44500000, "ebitdaratio": 0.0905944625, "operatingIncome": 26800000, "operatingIncomeRatio": 0.0545602606, "totalOtherIncomeExpensesNet": 4700000, "incomeBeforeTax": 28200000, "incomeBeforeTaxRatio": 0.0574104235, "incomeTaxExpense": 9900000, "netIncome": 18300000, "netIncomeRatio": 0.0372557003, "eps": 0.46, "epsdiluted": 0.46, "weightedAverageShsOut": 39965693, "weightedAverageShsOutDil": 40063171, "link": "https://www.sec.gov/Archives/edgar/data/66570/000095013299000292/0000950132-99-000292-index.html", "finalLink": "https://www.sec.gov/Archives/edgar/data/66570/", "calculatedOtherExpenses": 22400000, "calculatedOperatingExpenses": 152700000, "calculatedNetInterest": 0, "calculatedOtherIncome": 1400000, "calculatedIncomeNonControlling": 0, "calculatedEbitda": 49200000}, {"date": "1997-12-31", "symbol": "MSA", "reportedCurrency": "USD", "cik": "0000066570", "fillingDate": "1998-03-26", "acceptedDate": "1998-03-26 00:00:00", "calendarYear": "1997", "period": "FY", "revenue": 494300000, "costOfRevenue": 302200000, "grossProfit": 192100000, "grossProfitRatio": 0.3886303864, "researchAndDevelopmentExpenses": 0, "generalAndAdministrativeExpenses": 136600000, "sellingAndMarketingExpenses": 0, "sellingGeneralAndAdministrativeExpenses": 136600000, "otherExpenses": 21500000, "operatingExpenses": 158100000, "costAndExpenses": 460300000, "interestIncome": 0, "interestExpense": 0, "depreciationAndAmortization": 21500000, "ebitda": 50400000, "ebitdaratio": 0.101962371, "operatingIncome": 34000000, "operatingIncomeRatio": 0.0687841392, "totalOtherIncomeExpensesNet": 5100000, "incomeBeforeTax": 36300000, "incomeBeforeTaxRatio": 0.0734371839, "incomeTaxExpense": 14400000, "netIncome": 21900000, "netIncomeRatio": 0.0443050779, "eps": 0.53, "epsdiluted": 0.53, "weightedAverageShsOut": 41103604, "weightedAverageShsOutDil": 41103604, "link": "https://www.sec.gov/Archives/edgar/data/66570/000095013298000275/0000950132-98-000275-index.html", "finalLink": "https://www.sec.gov/Archives/edgar/data/66570/", "calculatedOtherExpenses": 21500000, "calculatedOperatingExpenses": 158100000, "calculatedNetInterest": 0, "calculatedOtherIncome": 2300000, "calculatedIncomeNonControlling": 0, "calculatedEbitda": 55500000}, {"date": "1996-12-31", "symbol": "MSA", "reportedCurrency": "USD", "cik": "0000066570", "fillingDate": "1997-03-26", "acceptedDate": "1997-03-26 00:00:00", "calendarYear": "1996", "period": "FY", "revenue": 501000000, "costOfRevenue": 307100000, "grossProfit": 193900000, "grossProfitRatio": 0.3870259481, "researchAndDevelopmentExpenses": 0, "generalAndAdministrativeExpenses": 133100000, "sellingAndMarketingExpenses": 0, "sellingGeneralAndAdministrativeExpenses": 133100000, "otherExpenses": 22400000, "operatingExpenses": 155500000, "costAndExpenses": 462600000, "interestIncome": 0, "interestExpense": 0, "depreciationAndAmortization": 22400000, "ebitda": 60900000, "ebitdaratio": 0.1215568862, "operatingIncome": 38400000, "operatingIncomeRatio": 0.0766467066, "totalOtherIncomeExpensesNet": -100000, "incomeBeforeTax": 36700000, "incomeBeforeTaxRatio": 0.073253493, "incomeTaxExpense": 13600000, "netIncome": 23100000, "netIncomeRatio": 0.0461077844, "eps": 0.53, "epsdiluted": 0.53, "weightedAverageShsOut": 43904664, "weightedAverageShsOutDil": 43904664, "link": "https://www.sec.gov/Archives/edgar/data/66570/000095013297000205/0000950132-97-000205-index.html", "finalLink": "https://www.sec.gov/Archives/edgar/data/66570/", "calculatedOtherExpenses": 22400000, "calculatedOperatingExpenses": 155500000, "calculatedNetInterest": 0, "calculatedOtherIncome": -1700000, "calculatedIncomeNonControlling": 0, "calculatedEbitda": 60800000}, {"date": "1995-12-31", "symbol": "MSA", "reportedCurrency": "USD", "cik": "0000066570", "fillingDate": "1996-03-27", "acceptedDate": "1996-03-27 00:00:00", "calendarYear": "1995", "period": "FY", "revenue": 487700000, "costOfRevenue": 296800000, "grossProfit": 190900000, "grossProfitRatio": 0.3914291573, "researchAndDevelopmentExpenses": 0, "generalAndAdministrativeExpenses": 138200000, "sellingAndMarketingExpenses": 0, "sellingGeneralAndAdministrativeExpenses": 138200000, "otherExpenses": 20000000, "operatingExpenses": 158200000, "costAndExpenses": 455000000, "interestIncome": 0, "interestExpense": 0, "depreciationAndAmortization": 20000000, "ebitda": 50500000, "ebitdaratio": 0.1035472627, "operatingIncome": 32700000, "operatingIncomeRatio": 0.0670494156, "totalOtherIncomeExpensesNet": 2200000, "incomeBeforeTax": 33100000, "incomeBeforeTaxRatio": 0.067869592, "incomeTaxExpense": 14200000, "netIncome": 18900000, "netIncomeRatio": 0.038753332, "eps": 0.37, "epsdiluted": 0.37, "weightedAverageShsOut": 50963855, "weightedAverageShsOutDil": 52466259, "link": "https://www.sec.gov/Archives/edgar/data/66570/000095013296000170/0000950132-96-000170-index.html", "finalLink": "https://www.sec.gov/Archives/edgar/data/66570/", "calculatedOtherExpenses": 20000000, "calculatedOperatingExpenses": 158200000, "calculatedNetInterest": 0, "calculatedOtherIncome": 400000, "calculatedIncomeNonControlling": 0, "calculatedEbitda": 52700000}, {"date": "1994-12-31", "symbol": "MSA", "reportedCurrency": "USD", "cik": "0000066570", "fillingDate": "1995-03-27", "acceptedDate": "1995-03-27 00:00:00", "calendarYear": "1994", "period": "FY", "revenue": 459600000, "costOfRevenue": 286700000, "grossProfit": 172900000, "grossProfitRatio": 0.3761966928, "researchAndDevelopmentExpenses": 0, "generalAndAdministrativeExpenses": 124700000, "sellingAndMarketingExpenses": 0, "sellingGeneralAndAdministrativeExpenses": 124700000, "otherExpenses": 18500000, "operatingExpenses": 143200000, "costAndExpenses": 429900000, "interestIncome": 0, "interestExpense": 0, "depreciationAndAmortization": 18500000, "ebitda": 49800000, "ebitdaratio": 0.1083550914, "operatingIncome": 29700000, "operatingIncomeRatio": 0.0646214099, "totalOtherIncomeExpensesNet": -1600000, "incomeBeforeTax": 25800000, "incomeBeforeTaxRatio": 0.0561357702, "incomeTaxExpense": 10500000, "netIncome": 15300000, "netIncomeRatio": 0.0332898172, "eps": 0.29, "epsdiluted": 0.29, "weightedAverageShsOut": 53023256, "weightedAverageShsOutDil": 53952257, "link": "https://www.sec.gov/Archives/edgar/data/66570/000095013295000098/0000950132-95-000098-index.html", "finalLink": "https://www.sec.gov/Archives/edgar/data/66570/", "calculatedOtherExpenses": 18500000, "calculatedOperatingExpenses": 143200000, "calculatedNetInterest": 0, "calculatedOtherIncome": -3900000, "calculatedIncomeNonControlling": 0, "calculatedEbitda": 48200000}, {"date": "1993-12-31", "symbol": "MSA", "reportedCurrency": "USD", "cik": "0000066570", "fillingDate": "1994-03-25", "acceptedDate": "1994-03-25 00:00:00", "calendarYear": "1993", "period": "FY", "revenue": 429200000, "costOfRevenue": 273400000, "grossProfit": 155800000, "grossProfitRatio": 0.363000932, "researchAndDevelopmentExpenses": 0, "generalAndAdministrativeExpenses": 0, "sellingAndMarketingExpenses": 0, "sellingGeneralAndAdministrativeExpenses": 124500000, "otherExpenses": 17300000, "operatingExpenses": 141800000, "costAndExpenses": 415200000, "interestIncome": 0, "interestExpense": 0, "depreciationAndAmortization": 17300000, "ebitda": 25400000, "ebitdaratio": 0.0591798695, "operatingIncome": 14000000, "operatingIncomeRatio": 0.0326188257, "totalOtherIncomeExpensesNet": 5900000, "incomeBeforeTax": 18300000, "incomeBeforeTaxRatio": 0.0426374651, "incomeTaxExpense": 7700000, "netIncome": 10600000, "netIncomeRatio": 0.0246971109, "eps": 0.19, "epsdiluted": 0.19, "weightedAverageShsOut": 54364710, "weightedAverageShsOutDil": 54364710, "link": "https://www.sec.gov/Archives/edgar/data/66570/000095013294000103/0000950132-94-000103-index.html", "finalLink": "https://www.sec.gov/Archives/edgar/data/66570/", "calculatedOtherExpenses": 17300000, "calculatedOperatingExpenses": 141800000, "calculatedNetInterest": 0, "calculatedOtherIncome": 4300000, "calculatedIncomeNonControlling": 0, "calculatedEbitda": 31300000}, {"date": "1992-12-31", "symbol": "MSA", "reportedCurrency": "USD", "cik": "0000066570", "fillingDate": "1992-12-31", "acceptedDate": "1992-12-30 19:00:00", "calendarYear": "1992", "period": "FY", "revenue": 502400000, "costOfRevenue": 327600000, "grossProfit": 174800000, "grossProfitRatio": 0.3479299363, "researchAndDevelopmentExpenses": 0, "generalAndAdministrativeExpenses": 0, "sellingAndMarketingExpenses": 0, "sellingGeneralAndAdministrativeExpenses": 141200000, "otherExpenses": 16800000, "operatingExpenses": 158000000, "costAndExpenses": 485600000, "interestIncome": 0, "interestExpense": 0, "depreciationAndAmortization": 16800000, "ebitda": 21000000, "ebitdaratio": 0.0417993631, "operatingIncome": 16800000, "operatingIncomeRatio": 0.0334394904, "totalOtherIncomeExpensesNet": 12600000, "incomeBeforeTax": 27800000, "incomeBeforeTaxRatio": 0.0553343949, "incomeTaxExpense": 11100000, "netIncome": 2600000, "netIncomeRatio": 0.0051751592, "eps": 0.0466, "epsdiluted": 0.0466, "weightedAverageShsOut": 55770056, "weightedAverageShsOutDil": 55770056, "link": "", "finalLink": "", "calculatedOtherExpenses": 16800000, "calculatedOperatingExpenses": 158000000, "calculatedNetInterest": 0, "calculatedOtherIncome": 11000000, "calculatedIncomeNonControlling": 14100000, "calculatedEbitda": 33600000}, {"date": "1991-12-31", "symbol": "MSA", "reportedCurrency": "USD", "cik": "0000066570", "fillingDate": "1991-12-31", "acceptedDate": "1991-12-30 19:00:00", "calendarYear": "1991", "period": "FY", "revenue": 500700000, "costOfRevenue": 327100000, "grossProfit": 173600000, "grossProfitRatio": 0.3467145996, "researchAndDevelopmentExpenses": 0, "generalAndAdministrativeExpenses": 0, "sellingAndMarketingExpenses": 0, "sellingGeneralAndAdministrativeExpenses": 128300000, "otherExpenses": 17900000, "operatingExpenses": 146200000, "costAndExpenses": 473300000, "interestIncome": 0, "interestExpense": 0, "depreciationAndAmortization": 17900000, "ebitda": 35600000, "ebitdaratio": 0.0711004594, "operatingIncome": 27400000, "operatingIncomeRatio": 0.0547233873, "totalOtherIncomeExpensesNet": 9700000, "incomeBeforeTax": 35000000, "incomeBeforeTaxRatio": 0.069902137, "incomeTaxExpense": 16300000, "netIncome": 18700000, "netIncomeRatio": 0.0373477132, "eps": 0.32, "epsdiluted": 0.32, "weightedAverageShsOut": 57583357, "weightedAverageShsOutDil": 57583357, "link": "", "finalLink": "", "calculatedOtherExpenses": 17900000, "calculatedOperatingExpenses": 146200000, "calculatedNetInterest": 0, "calculatedOtherIncome": 7600000, "calculatedIncomeNonControlling": 0, "calculatedEbitda": 45300000}, {"date": "1990-12-31", "symbol": "MSA", "reportedCurrency": "USD", "cik": "0000066570", "fillingDate": "1990-12-31", "acceptedDate": "1990-12-30 19:00:00", "calendarYear": "1990", "period": "FY", "revenue": 474100000, "costOfRevenue": 288500000, "grossProfit": 185600000, "grossProfitRatio": 0.391478591, "researchAndDevelopmentExpenses": 0, "generalAndAdministrativeExpenses": 0, "sellingAndMarketingExpenses": 0, "sellingGeneralAndAdministrativeExpenses": 126000000, "otherExpenses": 15000000, "operatingExpenses": 141000000, "costAndExpenses": 429500000, "interestIncome": 0, "interestExpense": 0, "depreciationAndAmortization": 15000000, "ebitda": 50800000, "ebitdaratio": 0.1071503902, "operatingIncome": 44600000, "operatingIncomeRatio": 0.0940729804, "totalOtherIncomeExpensesNet": 8800000, "incomeBeforeTax": 51100000, "incomeBeforeTaxRatio": 0.1077831681, "incomeTaxExpense": 21900000, "netIncome": 29200000, "netIncomeRatio": 0.0615903818, "eps": 0.5, "epsdiluted": 0.5, "weightedAverageShsOut": 58258258, "weightedAverageShsOutDil": 58258258, "link": "", "finalLink": "", "calculatedOtherExpenses": 15000000, "calculatedOperatingExpenses": 141000000, "calculatedNetInterest": 0, "calculatedOtherIncome": 6500000, "calculatedIncomeNonControlling": 0, "calculatedEbitda": 59600000}, {"date": "1989-12-31", "symbol": "MSA", "reportedCurrency": "USD", "cik": "0000066570", "fillingDate": "1989-12-31", "acceptedDate": "1989-12-30 19:00:00", "calendarYear": "1989", "period": "FY", "revenue": 415000000, "costOfRevenue": 250200000, "grossProfit": 164800000, "grossProfitRatio": 0.3971084337, "researchAndDevelopmentExpenses": 0, "generalAndAdministrativeExpenses": 0, "sellingAndMarketingExpenses": 0, "sellingGeneralAndAdministrativeExpenses": 110500000, "otherExpenses": 13800000, "operatingExpenses": 124300000, "costAndExpenses": 374500000, "interestIncome": 0, "interestExpense": 0, "depreciationAndAmortization": 13800000, "ebitda": 47100000, "ebitdaratio": 0.1134939759, "operatingIncome": 40500000, "operatingIncomeRatio": 0.0975903614, "totalOtherIncomeExpensesNet": 7200000, "incomeBeforeTax": 45100000, "incomeBeforeTaxRatio": 0.1086746988, "incomeTaxExpense": 17600000, "netIncome": 27500000, "netIncomeRatio": 0.0662650602, "eps": 0.47, "epsdiluted": 0.47, "weightedAverageShsOut": 58773059, "weightedAverageShsOutDil": 58773059, "link": "", "finalLink": "", "calculatedOtherExpenses": 13800000, "calculatedOperatingExpenses": 124300000, "calculatedNetInterest": 0, "calculatedOtherIncome": 4600000, "calculatedIncomeNonControlling": 0, "calculatedEbitda": 54300000}, {"date": "1988-12-31", "symbol": "MSA", "reportedCurrency": "USD", "cik": "0000066570", "fillingDate": "1988-12-31", "acceptedDate": "1988-12-30 19:00:00", "calendarYear": "1988", "period": "FY", "revenue": 397400000, "costOfRevenue": 238100000, "grossProfit": 159300000, "grossProfitRatio": 0.4008555611, "researchAndDevelopmentExpenses": 0, "generalAndAdministrativeExpenses": 0, "sellingAndMarketingExpenses": 0, "sellingGeneralAndAdministrativeExpenses": 105000000, "otherExpenses": 15300000, "operatingExpenses": 120300000, "costAndExpenses": 358400000, "interestIncome": 0, "interestExpense": 0, "depreciationAndAmortization": 15300000, "ebitda": 50300000, "ebitdaratio": 0.1265727227, "operatingIncome": 39000000, "operatingIncomeRatio": 0.0981378963, "totalOtherIncomeExpensesNet": 4000000, "incomeBeforeTax": 41000000, "incomeBeforeTaxRatio": 0.103170609, "incomeTaxExpense": 16800000, "netIncome": 24200000, "netIncomeRatio": 0.0608958228, "eps": 0.41, "epsdiluted": 0.41, "weightedAverageShsOut": 59567764, "weightedAverageShsOutDil": 59567764, "link": "", "finalLink": "", "calculatedOtherExpenses": 15300000, "calculatedOperatingExpenses": 120300000, "calculatedNetInterest": 0, "calculatedOtherIncome": 2000000, "calculatedIncomeNonControlling": 0, "calculatedEbitda": 54300000}, {"date": "1987-12-31", "symbol": "MSA", "reportedCurrency": "USD", "cik": "0000066570", "fillingDate": "1987-12-31", "acceptedDate": "1987-12-30 19:00:00", "calendarYear": "1987", "period": "FY", "revenue": 382600000, "costOfRevenue": 243400000, "grossProfit": 139200000, "grossProfitRatio": 0.3638264506, "researchAndDevelopmentExpenses": 0, "generalAndAdministrativeExpenses": 0, "sellingAndMarketingExpenses": 0, "sellingGeneralAndAdministrativeExpenses": 98500000, "otherExpenses": 15800000, "operatingExpenses": 114300000, "costAndExpenses": 357700000, "interestIncome": 0, "interestExpense": 0, "depreciationAndAmortization": 15800000, "ebitda": 38900000, "ebitdaratio": 0.1016727653, "operatingIncome": 24900000, "operatingIncomeRatio": 0.0650810246, "totalOtherIncomeExpensesNet": 1800000, "incomeBeforeTax": 22900000, "incomeBeforeTaxRatio": 0.059853633, "incomeTaxExpense": 8900000, "netIncome": 14000000, "netIncomeRatio": 0.0365917407, "eps": 0.23, "epsdiluted": 0.23, "weightedAverageShsOut": 59631060, "weightedAverageShsOutDil": 59631060, "link": "", "finalLink": "", "calculatedOtherExpenses": 15800000, "calculatedOperatingExpenses": 114300000, "calculatedNetInterest": 0, "calculatedOtherIncome": -2000000, "calculatedIncomeNonControlling": 0, "calculatedEbitda": 40700000}, {"date": "1986-12-31", "symbol": "MSA", "reportedCurrency": "USD", "cik": "0000066570", "fillingDate": "1986-12-31", "acceptedDate": "1986-12-30 19:00:00", "calendarYear": "1986", "period": "FY", "revenue": 388700000, "costOfRevenue": 242400000, "grossProfit": 146300000, "grossProfitRatio": 0.3763828145, "researchAndDevelopmentExpenses": 0, "generalAndAdministrativeExpenses": 0, "sellingAndMarketingExpenses": 0, "sellingGeneralAndAdministrativeExpenses": 94000000, "otherExpenses": 13900000, "operatingExpenses": 107900000, "costAndExpenses": 350300000, "interestIncome": 0, "interestExpense": 0, "depreciationAndAmortization": 13900000, "ebitda": 48600000, "ebitdaratio": 0.1250321585, "operatingIncome": 38400000, "operatingIncomeRatio": 0.0987908413, "totalOtherIncomeExpensesNet": 3700000, "incomeBeforeTax": 39000000, "incomeBeforeTaxRatio": 0.1003344482, "incomeTaxExpense": 17900000, "netIncome": 21100000, "netIncomeRatio": 0.0542835091, "eps": 0.35, "epsdiluted": 0.35, "weightedAverageShsOut": 59493456, "weightedAverageShsOutDil": 59493456, "link": "", "finalLink": "", "calculatedOtherExpenses": 13900000, "calculatedOperatingExpenses": 107900000, "calculatedNetInterest": 0, "calculatedOtherIncome": 600000, "calculatedIncomeNonControlling": 0, "calculatedEbitda": 52300000}, {"date": "1985-12-31", "symbol": "MSA", "reportedCurrency": "USD", "cik": "0000066570", "fillingDate": "1985-12-31", "acceptedDate": "1985-12-30 19:00:00", "calendarYear": "1985", "period": "FY", "revenue": 393300000, "costOfRevenue": 252600000, "grossProfit": 140700000, "grossProfitRatio": 0.3577421815, "researchAndDevelopmentExpenses": 0, "generalAndAdministrativeExpenses": 0, "sellingAndMarketingExpenses": 0, "sellingGeneralAndAdministrativeExpenses": 84100000, "otherExpenses": 10700000, "operatingExpenses": 94800000, "costAndExpenses": 347400000, "interestIncome": 0, "interestExpense": 0, "depreciationAndAmortization": 10700000, "ebitda": 53800000, "ebitdaratio": 0.1367912535, "operatingIncome": 45900000, "operatingIncomeRatio": 0.1167048055, "totalOtherIncomeExpensesNet": 2800000, "incomeBeforeTax": 46000000, "incomeBeforeTaxRatio": 0.1169590643, "incomeTaxExpense": 20400000, "netIncome": 25600000, "netIncomeRatio": 0.0650902619, "eps": 0.43, "epsdiluted": 0.43, "weightedAverageShsOut": 59825450, "weightedAverageShsOutDil": 59825450, "link": "", "finalLink": "", "calculatedOtherExpenses": 10700000, "calculatedOperatingExpenses": 94800000, "calculatedNetInterest": 0, "calculatedOtherIncome": 100000, "calculatedIncomeNonControlling": 0, "calculatedEbitda": 56600000}]}