{"originalCurrency": "USD", "convertedCurrency": "USD", "report": [{"date": "2023-12-31", "symbol": "MSCI", "reportedCurrency": "USD", "cik": "0001408198", "fillingDate": "2024-02-09", "acceptedDate": "2024-02-09 16:39:39", "calendarYear": "2023", "period": "FY", "revenue": 2528920000, "costOfRevenue": 446581000, "grossProfit": 2082339000, "grossProfitRatio": 0.8234103886, "researchAndDevelopmentExpenses": 132121000, "generalAndAdministrativeExpenses": 153967000, "sellingAndMarketingExpenses": 276204000, "sellingGeneralAndAdministrativeExpenses": 430171000, "otherExpenses": -6377000, "operatingExpenses": 697730000, "costAndExpenses": 1144311000, "interestIncome": 34479000, "interestExpense": 186679000, "depreciationAndAmortization": 159219000, "ebitda": 1714959000, "ebitdaratio": 0.6781388893, "operatingIncome": 1384609000, "operatingIncomeRatio": 0.5475100043, "totalOtherIncomeExpensesNet": 136652000, "incomeBeforeTax": 1369061000, "incomeBeforeTaxRatio": 0.5413619252, "incomeTaxExpense": 220469000, "netIncome": 1148592000, "netIncomeRatio": 0.4541828132, "eps": 14.45, "epsdiluted": 14.39, "weightedAverageShsOut": 79462000, "weightedAverageShsOutDil": 79843000, "link": "https://www.sec.gov/Archives/edgar/data/1408198/000140819824000030/0001408198-24-000030-index.htm", "finalLink": "https://www.sec.gov/Archives/edgar/data/1408198/000140819824000030/msci-20231231.htm", "calculatedOtherExpenses": 135438000, "calculatedOperatingExpenses": 697730000, "calculatedNetInterest": -152200000, "calculatedOtherIncome": 136652000, "calculatedIncomeNonControlling": 0, "calculatedEbitda": 1543828000}, {"date": "2022-12-31", "symbol": "MSCI", "reportedCurrency": "USD", "cik": "0001408198", "fillingDate": "2023-02-10", "acceptedDate": "2023-02-10 16:28:55", "calendarYear": "2022", "period": "FY", "revenue": 2248598000, "costOfRevenue": 404341000, "grossProfit": 1844257000, "grossProfitRatio": 0.8201808416, "researchAndDevelopmentExpenses": 107205000, "generalAndAdministrativeExpenses": 146857000, "sellingAndMarketingExpenses": 264583000, "sellingGeneralAndAdministrativeExpenses": 411440000, "otherExpenses": 117972000, "operatingExpenses": 636617000, "costAndExpenses": 1040958000, "interestIncome": 11769000, "interestExpense": 171571000, "depreciationAndAmortization": 125744000, "ebitda": 1333384000, "ebitdaratio": 0.5929846064, "operatingIncome": 1207640000, "operatingIncomeRatio": 0.5370635391, "totalOtherIncomeExpensesNet": -163799000, "incomeBeforeTax": 1043841000, "incomeBeforeTaxRatio": 0.4642185931, "incomeTaxExpense": 173268000, "netIncome": 870573000, "netIncomeRatio": 0.3871625786, "eps": 10.78, "epsdiluted": 10.72, "weightedAverageShsOut": 80746000, "weightedAverageShsOutDil": 81215000, "link": "https://www.sec.gov/Archives/edgar/data/1408198/000140819823000011/0001408198-23-000011-index.htm", "finalLink": "https://www.sec.gov/Archives/edgar/data/1408198/000140819823000011/msci-20221231.htm", "calculatedOtherExpenses": 117972000, "calculatedOperatingExpenses": 636617000, "calculatedNetInterest": -159802000, "calculatedOtherIncome": -3997000, "calculatedIncomeNonControlling": 0, "calculatedEbitda": 1333384000}, {"date": "2021-12-31", "symbol": "MSCI", "reportedCurrency": "USD", "cik": "0001408198", "fillingDate": "2022-02-11", "acceptedDate": "2022-02-11 16:30:54", "calendarYear": "2021", "period": "FY", "revenue": 2043544000, "costOfRevenue": 358684000, "grossProfit": 1684860000, "grossProfitRatio": 0.8244794338, "researchAndDevelopmentExpenses": 111564000, "generalAndAdministrativeExpenses": 147893000, "sellingAndMarketingExpenses": 243185000, "sellingGeneralAndAdministrativeExpenses": 391078000, "otherExpenses": 109493000, "operatingExpenses": 612135000, "costAndExpenses": 970819000, "interestIncome": 1497000, "interestExpense": 159614000, "depreciationAndAmortization": 54518000, "ebitda": 1127243000, "ebitdaratio": 0.5516118077, "operatingIncome": 1072725000, "operatingIncomeRatio": 0.5249336447, "totalOtherIncomeExpensesNet": -214589000, "incomeBeforeTax": 858136000, "incomeBeforeTaxRatio": 0.4199253845, "incomeTaxExpense": 132153000, "netIncome": 725983000, "netIncomeRatio": 0.3552568479, "eps": 8.8, "epsdiluted": 8.7, "weightedAverageShsOut": 82508000, "weightedAverageShsOutDil": 83479000, "link": "https://www.sec.gov/Archives/edgar/data/1408198/000156459022004803/0001564590-22-004803-index.htm", "finalLink": "https://www.sec.gov/Archives/edgar/data/1408198/000156459022004803/msci-10k_20211231.htm", "calculatedOtherExpenses": 109493000, "calculatedOperatingExpenses": 612135000, "calculatedNetInterest": -158117000, "calculatedOtherIncome": -56472000, "calculatedIncomeNonControlling": 0, "calculatedEbitda": 1127243000}, {"date": "2020-12-31", "symbol": "MSCI", "reportedCurrency": "USD", "cik": "0001408198", "fillingDate": "2021-02-12", "acceptedDate": "2021-02-12 16:54:12", "calendarYear": "2020", "period": "FY", "revenue": 1695390000, "costOfRevenue": 291704000, "grossProfit": 1403686000, "grossProfitRatio": 0.8279428332, "researchAndDevelopmentExpenses": 101053000, "generalAndAdministrativeExpenses": 114627000, "sellingAndMarketingExpenses": 216496000, "sellingGeneralAndAdministrativeExpenses": 331123000, "otherExpenses": 86746000, "operatingExpenses": 518922000, "costAndExpenses": 810626000, "interestIncome": 5030000, "interestExpense": 156324000, "depreciationAndAmortization": 44531000, "ebitda": 929295000, "ebitdaratio": 0.5481305186, "operatingIncome": 884764000, "operatingIncomeRatio": 0.5218645857, "totalOtherIncomeExpensesNet": -198539000, "incomeBeforeTax": 686225000, "incomeBeforeTaxRatio": 0.4047593769, "incomeTaxExpense": 84403000, "netIncome": 601822000, "netIncomeRatio": 0.3549755513, "eps": 7.19, "epsdiluted": 7.12, "weightedAverageShsOut": 83716000, "weightedAverageShsOutDil": 84517000, "link": "https://www.sec.gov/Archives/edgar/data/1408198/000156459021005811/0001564590-21-005811-index.htm", "finalLink": "https://www.sec.gov/Archives/edgar/data/1408198/000156459021005811/msci-10k_20201231.htm", "calculatedOtherExpenses": 86746000, "calculatedOperatingExpenses": 518922000, "calculatedNetInterest": -151294000, "calculatedOtherIncome": -47245000, "calculatedIncomeNonControlling": 0, "calculatedEbitda": 929295000}, {"date": "2019-12-31", "symbol": "MSCI", "reportedCurrency": "USD", "cik": "0001408198", "fillingDate": "2020-02-18", "acceptedDate": "2020-02-18 13:24:25", "calendarYear": "2019", "period": "FY", "revenue": 1557796000, "costOfRevenue": 294961000, "grossProfit": 1262835000, "grossProfitRatio": 0.8106549253, "researchAndDevelopmentExpenses": 98334000, "generalAndAdministrativeExpenses": 110093000, "sellingAndMarketingExpenses": 219298000, "sellingGeneralAndAdministrativeExpenses": 329391000, "otherExpenses": 79409000, "operatingExpenses": 507134000, "costAndExpenses": 802095000, "interestIncome": 16403000, "interestExpense": 148041000, "depreciationAndAmortization": 75067000, "ebitda": 830768000, "ebitdaratio": 0.5332970427, "operatingIncome": 755701000, "operatingIncomeRatio": 0.48510909, "totalOtherIncomeExpensesNet": -152383000, "incomeBeforeTax": 603318000, "incomeBeforeTaxRatio": 0.3872894782, "incomeTaxExpense": 39670000, "netIncome": 563648000, "netIncomeRatio": 0.3618240129, "eps": 6.66, "epsdiluted": 6.59, "weightedAverageShsOut": 84644000, "weightedAverageShsOutDil": 85536000, "link": "https://www.sec.gov/Archives/edgar/data/1408198/000156459020004992/0001564590-20-004992-index.htm", "finalLink": "https://www.sec.gov/Archives/edgar/data/1408198/000156459020004992/msci-10k_20191231.htm", "calculatedOtherExpenses": 79409000, "calculatedOperatingExpenses": 507134000, "calculatedNetInterest": -131638000, "calculatedOtherIncome": -20745000, "calculatedIncomeNonControlling": 0, "calculatedEbitda": 830768000}, {"date": "2018-12-31", "symbol": "MSCI", "reportedCurrency": "USD", "cik": "0001408198", "fillingDate": "2019-02-22", "acceptedDate": "2019-02-22 15:26:15", "calendarYear": "2018", "period": "FY", "revenue": 1433984000, "costOfRevenue": 287335000, "grossProfit": 1146649000, "grossProfitRatio": 0.799624682, "researchAndDevelopmentExpenses": 81411000, "generalAndAdministrativeExpenses": 99882000, "sellingAndMarketingExpenses": 192923000, "sellingGeneralAndAdministrativeExpenses": 292805000, "otherExpenses": 56443000, "operatingExpenses": 459751000, "costAndExpenses": 747086000, "interestIncome": 19669000, "interestExpense": 133114000, "depreciationAndAmortization": 85535000, "ebitda": 848545000, "ebitdaratio": 0.5917395173, "operatingIncome": 686898000, "operatingIncomeRatio": 0.4790137128, "totalOtherIncomeExpensesNet": 56443000, "incomeBeforeTax": 629896000, "incomeBeforeTaxRatio": 0.4392629206, "incomeTaxExpense": 122011000, "netIncome": 507885000, "netIncomeRatio": 0.3541775919, "eps": 5.83, "epsdiluted": 5.66, "weightedAverageShsOut": 87179001, "weightedAverageShsOutDil": 89701001, "link": "https://www.sec.gov/Archives/edgar/data/1408198/000156459019003885/0001564590-19-003885-index.htm", "finalLink": "https://www.sec.gov/Archives/edgar/data/1408198/000156459019003885/msci-10k_20181231.htm", "calculatedOtherExpenses": 85535000, "calculatedOperatingExpenses": 459751000, "calculatedNetInterest": -113445000, "calculatedOtherIncome": 56443000, "calculatedIncomeNonControlling": 0, "calculatedEbitda": 772433000}, {"date": "2017-12-31", "symbol": "MSCI", "reportedCurrency": "USD", "cik": "0001408198", "fillingDate": "2018-02-26", "acceptedDate": "2018-02-26 10:45:53", "calendarYear": "2017", "period": "FY", "revenue": 1274172000, "costOfRevenue": 273913000, "grossProfit": 1000259000, "grossProfitRatio": 0.7850266683, "researchAndDevelopmentExpenses": 75884000, "generalAndAdministrativeExpenses": 87903000, "sellingAndMarketingExpenses": 177297000, "sellingGeneralAndAdministrativeExpenses": 265200000, "otherExpenses": -2505000, "operatingExpenses": 421071000, "costAndExpenses": 694984000, "interestIncome": 6314000, "interestExpense": 116098000, "depreciationAndAmortization": 79987000, "ebitda": 662984000, "ebitdaratio": 0.5203253564, "operatingIncome": 579188000, "operatingIncomeRatio": 0.4545602948, "totalOtherIncomeExpensesNet": -2505000, "incomeBeforeTax": 466899000, "incomeBeforeTaxRatio": 0.3664332602, "incomeTaxExpense": 162927000, "netIncome": 303972000, "netIncomeRatio": 0.2385643383, "eps": 3.36, "epsdiluted": 3.31, "weightedAverageShsOut": 90336001, "weightedAverageShsOutDil": 91914001, "link": "https://www.sec.gov/Archives/edgar/data/1408198/000156459018003147/0001564590-18-003147-index.htm", "finalLink": "https://www.sec.gov/Archives/edgar/data/1408198/000156459018003147/msci-10k_20171231.htm", "calculatedOtherExpenses": 79987000, "calculatedOperatingExpenses": 421071000, "calculatedNetInterest": -109784000, "calculatedOtherIncome": -2505000, "calculatedIncomeNonControlling": 0, "calculatedEbitda": 659175000}, {"date": "2016-12-31", "symbol": "MSCI", "reportedCurrency": "USD", "cik": "0001408198", "fillingDate": "2017-02-24", "acceptedDate": "2017-02-24 12:14:24", "calendarYear": "2016", "period": "FY", "revenue": 1150669000, "costOfRevenue": 252107000, "grossProfit": 898562000, "grossProfitRatio": 0.7809039785, "researchAndDevelopmentExpenses": 75204000, "generalAndAdministrativeExpenses": 87235000, "sellingAndMarketingExpenses": 166666000, "sellingGeneralAndAdministrativeExpenses": 253901000, "otherExpenses": -3421000, "operatingExpenses": 410458000, "costAndExpenses": 662565000, "interestIncome": 2906000, "interestExpense": 101651000, "depreciationAndAmortization": 81353000, "ebitda": 568942000, "ebitdaratio": 0.4944445362, "operatingIncome": 488104000, "operatingIncomeRatio": 0.4241914921, "totalOtherIncomeExpensesNet": -3421000, "incomeBeforeTax": 385938000, "incomeBeforeTaxRatio": 0.3354031437, "incomeTaxExpense": 125083000, "netIncome": 260855000, "netIncomeRatio": 0.2266985554, "eps": 2.72, "epsdiluted": 2.7, "weightedAverageShsOut": 95986001, "weightedAverageShsOutDil": 96540001, "link": "https://www.sec.gov/Archives/edgar/data/1408198/000156459017002336/0001564590-17-002336-index.htm", "finalLink": "https://www.sec.gov/Archives/edgar/data/1408198/000156459017002336/msci-10k_20161231.htm", "calculatedOtherExpenses": 81353000, "calculatedOperatingExpenses": 410458000, "calculatedNetInterest": -98745000, "calculatedOtherIncome": -3421000, "calculatedIncomeNonControlling": 0, "calculatedEbitda": 569457000}, {"date": "2015-12-31", "symbol": "MSCI", "reportedCurrency": "USD", "cik": "0001408198", "fillingDate": "2016-02-26", "acceptedDate": "2016-02-26 17:06:29", "calendarYear": "2015", "period": "FY", "revenue": 1075013000, "costOfRevenue": 267695000, "grossProfit": 807318000, "grossProfitRatio": 0.7509844067, "researchAndDevelopmentExpenses": 77320000, "generalAndAdministrativeExpenses": 86007000, "sellingAndMarketingExpenses": 162294000, "sellingGeneralAndAdministrativeExpenses": 248301000, "otherExpenses": 6877000, "operatingExpenses": 403420000, "costAndExpenses": 671115000, "interestIncome": 1166000, "interestExpense": 62387000, "depreciationAndAmortization": 77799000, "ebitda": 489740000, "ebitdaratio": 0.4555665838, "operatingIncome": 403898000, "operatingIncomeRatio": 0.3757145262, "totalOtherIncomeExpensesNet": 6877000, "incomeBeforeTax": 349554000, "incomeBeforeTaxRatio": 0.3251625794, "incomeTaxExpense": 119516000, "netIncome": 223648000, "netIncomeRatio": 0.2080421353, "eps": 2.05, "epsdiluted": 2.03, "weightedAverageShsOut": 109124001, "weightedAverageShsOutDil": 109926001, "link": "https://www.sec.gov/Archives/edgar/data/1408198/000119312516482334/0001193125-16-482334-index.htm", "finalLink": "https://www.sec.gov/Archives/edgar/data/1408198/000119312516482334/d20757d10k.htm", "calculatedOtherExpenses": 77799000, "calculatedOperatingExpenses": 403420000, "calculatedNetInterest": -61221000, "calculatedOtherIncome": 6877000, "calculatedIncomeNonControlling": 6390000, "calculatedEbitda": 481697000}, {"date": "2014-12-31", "symbol": "MSCI", "reportedCurrency": "USD", "cik": "0001408198", "fillingDate": "2015-02-27", "acceptedDate": "2015-02-27 16:08:27", "calendarYear": "2014", "period": "FY", "revenue": 996680000, "costOfRevenue": 308574000, "grossProfit": 688106000, "grossProfitRatio": 0.6903981218, "researchAndDevelopmentExpenses": 71095000, "generalAndAdministrativeExpenses": 279352000, "sellingAndMarketingExpenses": 163839000, "sellingGeneralAndAdministrativeExpenses": 279352000, "otherExpenses": 2141000, "operatingExpenses": 350940000, "costAndExpenses": 659514000, "interestIncome": 851000, "interestExpense": 31820000, "depreciationAndAmortization": 71588000, "ebitda": 411746000, "ebitdaratio": 0.4131175503, "operatingIncome": 337166000, "operatingIncomeRatio": 0.3382891199, "totalOtherIncomeExpensesNet": 2141000, "incomeBeforeTax": 308338000, "incomeBeforeTaxRatio": 0.3093650921, "incomeTaxExpense": 109396000, "netIncome": 284113000, "netIncomeRatio": 0.2850593972, "eps": 2.45, "epsdiluted": 2.43, "weightedAverageShsOut": 115737001, "weightedAverageShsOutDil": 116706001, "link": "https://www.sec.gov/Archives/edgar/data/1408198/000119312515069699/0001193125-15-069699-index.htm", "finalLink": "https://www.sec.gov/Archives/edgar/data/1408198/000119312515069699/d832959d10k.htm", "calculatedOtherExpenses": 493000, "calculatedOperatingExpenses": 350940000, "calculatedNetInterest": -30969000, "calculatedOtherIncome": 2141000, "calculatedIncomeNonControlling": -85171000, "calculatedEbitda": 408754000}, {"date": "2013-12-31", "symbol": "MSCI", "reportedCurrency": "USD", "cik": "0001408198", "fillingDate": "2014-02-28", "acceptedDate": "2014-02-28 17:25:37", "calendarYear": "2013", "period": "FY", "revenue": 1035667000, "costOfRevenue": 328311000, "grossProfit": 707356000, "grossProfitRatio": 0.6829955961, "researchAndDevelopmentExpenses": 61003000, "generalAndAdministrativeExpenses": 255345000, "sellingAndMarketingExpenses": 137693000, "sellingGeneralAndAdministrativeExpenses": 255345000, "otherExpenses": -651000, "operatingExpenses": 335850000, "costAndExpenses": 664161000, "interestIncome": 1031000, "interestExpense": 26265000, "depreciationAndAmortization": 80505000, "ebitda": 452391000, "ebitdaratio": 0.436811253, "operatingIncome": 371506000, "operatingIncomeRatio": 0.3587118253, "totalOtherIncomeExpensesNet": -651000, "incomeBeforeTax": 345621000, "incomeBeforeTaxRatio": 0.3337182704, "incomeTaxExpense": 123064000, "netIncome": 222557000, "netIncomeRatio": 0.2148924316, "eps": 1.85, "epsdiluted": 1.84, "weightedAverageShsOut": 120100001, "weightedAverageShsOutDil": 121074001, "link": "https://www.sec.gov/Archives/edgar/data/1408198/000119312514077882/0001193125-14-077882-index.htm", "finalLink": "https://www.sec.gov/Archives/edgar/data/1408198/000119312514077882/d640965d10k.htm", "calculatedOtherExpenses": 19502000, "calculatedOperatingExpenses": 335850000, "calculatedNetInterest": -25234000, "calculatedOtherIncome": -651000, "calculatedIncomeNonControlling": 0, "calculatedEbitda": 452011000}, {"date": "2012-12-31", "symbol": "MSCI", "reportedCurrency": "USD", "cik": "0001408198", "fillingDate": "2013-03-01", "acceptedDate": "2013-03-01 17:19:08", "calendarYear": "2012", "period": "FY", "revenue": 950141000, "costOfRevenue": 288075000, "grossProfit": 662066000, "grossProfitRatio": 0.6968081579, "researchAndDevelopmentExpenses": 0, "generalAndAdministrativeExpenses": 233183000, "sellingAndMarketingExpenses": 0, "sellingGeneralAndAdministrativeExpenses": 233183000, "otherExpenses": -2053000, "operatingExpenses": 315181000, "costAndExpenses": 603256000, "interestIncome": 954000, "interestExpense": 56428000, "depreciationAndAmortization": 81998000, "ebitda": 427784000, "ebitdaratio": 0.4502321234, "operatingIncome": 346936000, "operatingIncomeRatio": 0.3651415948, "totalOtherIncomeExpensesNet": -2002000, "incomeBeforeTax": 289409000, "incomeBeforeTaxRatio": 0.3045958442, "incomeTaxExpense": 105171000, "netIncome": 184238000, "netIncomeRatio": 0.1939059571, "eps": 1.51, "epsdiluted": 1.5, "weightedAverageShsOut": 122023001, "weightedAverageShsOutDil": 123204001, "link": "https://www.sec.gov/Archives/edgar/data/1408198/000119312513087988/0001193125-13-087988-index.htm", "finalLink": "https://www.sec.gov/Archives/edgar/data/1408198/000119312513087988/d448124d10k.htm", "calculatedOtherExpenses": 81947000, "calculatedOperatingExpenses": 315130000, "calculatedNetInterest": -55474000, "calculatedOtherIncome": -2053000, "calculatedIncomeNonControlling": 0, "calculatedEbitda": 428934000}, {"date": "2011-12-31", "symbol": "MSCI", "reportedCurrency": "USD", "cik": "0001408198", "fillingDate": "2012-02-29", "acceptedDate": "2012-02-29 06:18:47", "calendarYear": "2011", "period": "FY", "revenue": 900941000, "costOfRevenue": 277147000, "grossProfit": 623794000, "grossProfitRatio": 0.6923805221, "researchAndDevelopmentExpenses": 0, "generalAndAdministrativeExpenses": 212972000, "sellingAndMarketingExpenses": 0, "sellingGeneralAndAdministrativeExpenses": 212972000, "otherExpenses": 85230000, "operatingExpenses": 298202000, "costAndExpenses": 575349000, "interestIncome": 848000, "interestExpense": 55819000, "depreciationAndAmortization": 85230000, "ebitda": 411670000, "ebitdaratio": 0.4569333619, "operatingIncome": 321998000, "operatingIncomeRatio": 0.357401872, "totalOtherIncomeExpensesNet": -7208000, "incomeBeforeTax": 263413000, "incomeBeforeTaxRatio": 0.2923754164, "incomeTaxExpense": 89959000, "netIncome": 173454000, "netIncomeRatio": 0.1925253707, "eps": 1.44, "epsdiluted": 1.42, "weightedAverageShsOut": 120717001, "weightedAverageShsOutDil": 122276001, "link": "https://www.sec.gov/Archives/edgar/data/1408198/000119312512086989/0001193125-12-086989-index.htm", "finalLink": "https://www.sec.gov/Archives/edgar/data/1408198/000119312512086989/d264713d10k.htm", "calculatedOtherExpenses": 88824000, "calculatedOperatingExpenses": 301796000, "calculatedNetInterest": -54971000, "calculatedOtherIncome": -3614000, "calculatedIncomeNonControlling": 0, "calculatedEbitda": 407228000}, {"date": "2010-11-30", "symbol": "MSCI", "reportedCurrency": "USD", "cik": "0001408198", "fillingDate": "2011-01-31", "acceptedDate": "2011-01-28 20:13:12", "calendarYear": "2010", "period": "FY", "revenue": 662901000, "costOfRevenue": 198626000, "grossProfit": 464275000, "grossProfitRatio": 0.7003685317, "researchAndDevelopmentExpenses": 0, "generalAndAdministrativeExpenses": 0, "sellingAndMarketingExpenses": 0, "sellingGeneralAndAdministrativeExpenses": 190244000, "otherExpenses": 59012000, "operatingExpenses": 249256000, "costAndExpenses": 447882000, "interestIncome": 993000, "interestExpense": 51337000, "depreciationAndAmortization": 59012000, "ebitda": 275024000, "ebitdaratio": 0.4148794466, "operatingIncome": 206123000, "operatingIncomeRatio": 0.3109408494, "totalOtherIncomeExpensesNet": -11184000, "incomeBeforeTax": 153491000, "incomeBeforeTaxRatio": 0.2315443784, "incomeTaxExpense": 61321000, "netIncome": 92170000, "netIncomeRatio": 0.1390403695, "eps": 0.82, "epsdiluted": 0.81, "weightedAverageShsOut": 112074001, "weightedAverageShsOutDil": 113357001, "link": "https://www.sec.gov/Archives/edgar/data/1408198/000119312511017728/0001193125-11-017728-index.htm", "finalLink": "https://www.sec.gov/Archives/edgar/data/1408198/000119312511017728/d10k.htm", "calculatedOtherExpenses": 67908000, "calculatedOperatingExpenses": 258152000, "calculatedNetInterest": -50344000, "calculatedOtherIncome": -2288000, "calculatedIncomeNonControlling": 0, "calculatedEbitda": 265135000}, {"date": "2009-11-30", "symbol": "MSCI", "reportedCurrency": "USD", "cik": "0001408198", "fillingDate": "2010-01-29", "acceptedDate": "2010-01-29 16:25:09", "calendarYear": "2009", "period": "FY", "revenue": 442948000, "costOfRevenue": 118665000, "grossProfit": 324283000, "grossProfitRatio": 0.7321017365, "researchAndDevelopmentExpenses": 0, "generalAndAdministrativeExpenses": 0, "sellingAndMarketingExpenses": 0, "sellingGeneralAndAdministrativeExpenses": 135780000, "otherExpenses": 37511000, "operatingExpenses": 173291000, "costAndExpenses": 291956000, "interestIncome": 1053000, "interestExpense": 19683000, "depreciationAndAmortization": 37511000, "ebitda": 189556000, "ebitdaratio": 0.4279418803, "operatingIncome": 150992000, "operatingIncomeRatio": 0.3408797421, "totalOtherIncomeExpensesNet": -641000, "incomeBeforeTax": 131721000, "incomeBeforeTaxRatio": 0.2973735066, "incomeTaxExpense": 49920000, "netIncome": 81801000, "netIncomeRatio": 0.1846740475, "eps": 0.81, "epsdiluted": 0.8, "weightedAverageShsOut": 100607001, "weightedAverageShsOutDil": 102475001, "link": "https://www.sec.gov/Archives/edgar/data/1408198/000119312510017074/0001193125-10-017074-index.htm", "finalLink": "https://www.sec.gov/Archives/edgar/data/1408198/000119312510017074/d10k.htm", "calculatedOtherExpenses": 37511000, "calculatedOperatingExpenses": 173291000, "calculatedNetInterest": -18630000, "calculatedOtherIncome": -641000, "calculatedIncomeNonControlling": 0, "calculatedEbitda": 188503000}, {"date": "2008-11-30", "symbol": "MSCI", "reportedCurrency": "USD", "cik": "0001408198", "fillingDate": "2009-01-29", "acceptedDate": "2009-01-29 17:27:01", "calendarYear": "2008", "period": "FY", "revenue": 430961000, "costOfRevenue": 124671000, "grossProfit": 306290000, "grossProfitRatio": 0.7107139625, "researchAndDevelopmentExpenses": 0, "generalAndAdministrativeExpenses": 142000000, "sellingAndMarketingExpenses": 0, "sellingGeneralAndAdministrativeExpenses": 142000000, "otherExpenses": 28500000, "operatingExpenses": 170500000, "costAndExpenses": 295171000, "interestIncome": 0, "interestExpense": 26932000, "depreciationAndAmortization": 33470000, "ebitda": 176617000, "ebitdaratio": 0.4098213063, "operatingIncome": 135790000, "operatingIncomeRatio": 0.3150865159, "totalOtherIncomeExpensesNet": -7357000, "incomeBeforeTax": 109643000, "incomeBeforeTaxRatio": 0.2544151327, "incomeTaxExpense": 41375000, "netIncome": 68268000, "netIncomeRatio": 0.1584087655, "eps": 0.68, "epsdiluted": 0.67, "weightedAverageShsOut": 100037001, "weightedAverageShsOutDil": 101194001, "link": "https://www.sec.gov/Archives/edgar/data/1408198/000119312509014341/0001193125-09-014341-index.htm", "finalLink": "https://www.sec.gov/Archives/edgar/data/1408198/000119312509014341/d10k.htm", "calculatedOtherExpenses": 28500000, "calculatedOperatingExpenses": 170500000, "calculatedNetInterest": -26932000, "calculatedOtherIncome": 785000, "calculatedIncomeNonControlling": 0, "calculatedEbitda": 169260000}, {"date": "2007-11-30", "symbol": "MSCI", "reportedCurrency": "USD", "cik": "0001408198", "fillingDate": "2008-02-28", "acceptedDate": "2008-02-28 06:16:08", "calendarYear": "2007", "period": "FY", "revenue": 369886000, "costOfRevenue": 121711000, "grossProfit": 248175000, "grossProfitRatio": 0.6709499684, "researchAndDevelopmentExpenses": 0, "generalAndAdministrativeExpenses": 92477000, "sellingAndMarketingExpenses": 0, "sellingGeneralAndAdministrativeExpenses": 92477000, "otherExpenses": 26353000, "operatingExpenses": 118830000, "costAndExpenses": 240541000, "interestIncome": 0, "interestExpense": 9586000, "depreciationAndAmortization": 27828000, "ebitda": 156783000, "ebitdaratio": 0.4238684351, "operatingIncome": 129345000, "operatingIncomeRatio": 0.349688823, "totalOtherIncomeExpensesNet": 390000, "incomeBeforeTax": 133292000, "incomeBeforeTaxRatio": 0.3603596784, "incomeTaxExpense": 52181000, "netIncome": 81111000, "netIncomeRatio": 0.2192864829, "eps": 0.96, "epsdiluted": 0.96, "weightedAverageShsOut": 84608001, "weightedAverageShsOutDil": 84624001, "link": "https://www.sec.gov/Archives/edgar/data/1408198/000119312508040715/0001193125-08-040715-index.htm", "finalLink": "https://www.sec.gov/Archives/edgar/data/1408198/000119312508040715/d10k.htm", "calculatedOtherExpenses": 26353000, "calculatedOperatingExpenses": 118830000, "calculatedNetInterest": -9586000, "calculatedOtherIncome": 13533000, "calculatedIncomeNonControlling": 0, "calculatedEbitda": 157173000}, {"date": "2006-11-30", "symbol": "MSCI", "reportedCurrency": "USD", "cik": "0001408198", "fillingDate": "2006-11-30", "acceptedDate": "2006-11-29 19:00:00", "calendarYear": "2006", "period": "FY", "revenue": 310698000, "costOfRevenue": 115426000, "grossProfit": 195272000, "grossProfitRatio": 0.628494551, "researchAndDevelopmentExpenses": 0, "generalAndAdministrativeExpenses": 85820000, "sellingAndMarketingExpenses": 0, "sellingGeneralAndAdministrativeExpenses": 85820000, "otherExpenses": 26156000, "operatingExpenses": 111976000, "costAndExpenses": 227402000, "interestIncome": 0, "interestExpense": 0, "depreciationAndAmortization": 29655000, "ebitda": 111908000, "ebitdaratio": 0.3601825567, "operatingIncome": 83296000, "operatingIncomeRatio": 0.2680931322, "totalOtherIncomeExpensesNet": 1043000, "incomeBeforeTax": 99469000, "incomeBeforeTaxRatio": 0.3201468951, "incomeTaxExpense": 36097000, "netIncome": 71445000, "netIncomeRatio": 0.2299499836, "eps": 0.85, "epsdiluted": 0.85, "weightedAverageShsOut": 83900001, "weightedAverageShsOutDil": 83900001, "link": "", "finalLink": "", "calculatedOtherExpenses": 26156000, "calculatedOperatingExpenses": 111976000, "calculatedNetInterest": 0, "calculatedOtherIncome": 16173000, "calculatedIncomeNonControlling": -8073000, "calculatedEbitda": 112951000}, {"date": "2005-11-30", "symbol": "MSCI", "reportedCurrency": "USD", "cik": "0001408198", "fillingDate": "2005-11-30", "acceptedDate": "2005-11-29 19:00:00", "calendarYear": "2005", "period": "FY", "revenue": 278474000, "costOfRevenue": 106598000, "grossProfit": 171876000, "grossProfitRatio": 0.6172066333, "researchAndDevelopmentExpenses": 0, "generalAndAdministrativeExpenses": 70220000, "sellingAndMarketingExpenses": 0, "sellingGeneralAndAdministrativeExpenses": 70220000, "otherExpenses": 28031000, "operatingExpenses": 98251000, "costAndExpenses": 204849000, "interestIncome": 0, "interestExpense": 0, "depreciationAndAmortization": 32077000, "ebitda": 105304000, "ebitdaratio": 0.3781466133, "operatingIncome": 73625000, "operatingIncomeRatio": 0.2643873396, "totalOtherIncomeExpensesNet": 398000, "incomeBeforeTax": 80897000, "incomeBeforeTaxRatio": 0.2905010881, "incomeTaxExpense": 30449000, "netIncome": 54554000, "netIncomeRatio": 0.1959033877, "eps": 0.65, "epsdiluted": 0.65, "weightedAverageShsOut": 83900001, "weightedAverageShsOutDil": 83900001, "link": "", "finalLink": "", "calculatedOtherExpenses": 28031000, "calculatedOperatingExpenses": 98251000, "calculatedNetInterest": 0, "calculatedOtherIncome": 7272000, "calculatedIncomeNonControlling": -4106000, "calculatedEbitda": 105702000}, {"date": "2004-11-30", "symbol": "MSCI", "reportedCurrency": "USD", "cik": "0001408198", "fillingDate": "2004-11-30", "acceptedDate": "2004-11-29 19:00:00", "calendarYear": "2004", "period": "FY", "revenue": 178446000, "costOfRevenue": 0, "grossProfit": 178446000, "grossProfitRatio": 1, "researchAndDevelopmentExpenses": 0, "generalAndAdministrativeExpenses": 0, "sellingAndMarketingExpenses": 0, "sellingGeneralAndAdministrativeExpenses": 0, "otherExpenses": 0, "operatingExpenses": 0, "costAndExpenses": 0, "interestIncome": 0, "interestExpense": 0, "depreciationAndAmortization": 0, "ebitda": 178446000, "ebitdaratio": 1, "operatingIncome": 178446000, "operatingIncomeRatio": 1, "totalOtherIncomeExpensesNet": 0, "incomeBeforeTax": 0, "incomeBeforeTaxRatio": 0, "incomeTaxExpense": -20853000, "netIncome": 20853000, "netIncomeRatio": 0.1168588817, "eps": 0.37, "epsdiluted": 0.37, "weightedAverageShsOut": 56256000, "weightedAverageShsOutDil": 56256000, "link": "", "finalLink": "", "calculatedOtherExpenses": 0, "calculatedOperatingExpenses": 0, "calculatedNetInterest": 0, "calculatedOtherIncome": -178446000, "calculatedIncomeNonControlling": 0, "calculatedEbitda": 178446000}, {"date": "2003-11-30", "symbol": "MSCI", "reportedCurrency": "USD", "cik": "0001408198", "fillingDate": "2003-11-30", "acceptedDate": "2003-11-29 19:00:00", "calendarYear": "2003", "period": "FY", "revenue": 91277000, "costOfRevenue": 0, "grossProfit": 91277000, "grossProfitRatio": 1, "researchAndDevelopmentExpenses": 0, "generalAndAdministrativeExpenses": 0, "sellingAndMarketingExpenses": 0, "sellingGeneralAndAdministrativeExpenses": 0, "otherExpenses": -74752000, "operatingExpenses": -74752000, "costAndExpenses": -74752000, "interestIncome": 0, "interestExpense": 0, "depreciationAndAmortization": 74752000, "ebitda": 91277000, "ebitdaratio": 1, "operatingIncome": 16525000, "operatingIncomeRatio": 0.1810423217, "totalOtherIncomeExpensesNet": -11049000, "incomeBeforeTax": 5476000, "incomeBeforeTaxRatio": 0.0599932075, "incomeTaxExpense": -5921000, "netIncome": 11397000, "netIncomeRatio": 0.1248616848, "eps": 0.14, "epsdiluted": 0.14, "weightedAverageShsOut": 83900001, "weightedAverageShsOutDil": 83900001, "link": "", "finalLink": "", "calculatedOtherExpenses": 74752000, "calculatedOperatingExpenses": 74752000, "calculatedNetInterest": 0, "calculatedOtherIncome": -11049000, "calculatedIncomeNonControlling": 0, "calculatedEbitda": 91277000}]}