{"originalCurrency": "USD", "convertedCurrency": "USD", "report": [{"date": "2023-06-30", "symbol": "MSGS", "reportedCurrency": "USD", "cik": "0001636519", "fillingDate": "2023-08-17", "acceptedDate": "2023-08-17 17:23:56", "calendarYear": "2023", "period": "FY", "revenue": 887447000, "costOfRevenue": 548811000, "grossProfit": 338636000, "grossProfitRatio": 0.3815844777, "researchAndDevelopmentExpenses": 0, "generalAndAdministrativeExpenses": 242606000, "sellingAndMarketingExpenses": 7279000, "sellingGeneralAndAdministrativeExpenses": 249885000, "otherExpenses": 25239000, "operatingExpenses": 253462000, "costAndExpenses": 802273000, "interestIncome": 2392000, "interestExpense": 22884000, "depreciationAndAmortization": 3577000, "ebitda": 116382000, "ebitdaratio": 0.1311424795, "operatingIncome": 85174000, "operatingIncomeRatio": 0.0959764358, "totalOtherIncomeExpensesNet": 25239000, "incomeBeforeTax": 89921000, "incomeBeforeTaxRatio": 0.1013254876, "incomeTaxExpense": 44293000, "netIncome": 47793000, "netIncomeRatio": 0.0538544837, "eps": 1.9, "epsdiluted": 1.89, "weightedAverageShsOut": 24090000, "weightedAverageShsOutDil": 24194000, "link": "https://www.sec.gov/Archives/edgar/data/1636519/000163651923000009/0001636519-23-000009-index.htm", "finalLink": "https://www.sec.gov/Archives/edgar/data/1636519/000163651923000009/msgs-20230630.htm", "calculatedOtherExpenses": 3577000, "calculatedOperatingExpenses": 253462000, "calculatedNetInterest": -20492000, "calculatedOtherIncome": 25239000, "calculatedIncomeNonControlling": -2165000, "calculatedEbitda": 88751000}, {"date": "2022-06-30", "symbol": "MSGS", "reportedCurrency": "USD", "cik": "0001636519", "fillingDate": "2022-08-18", "acceptedDate": "2022-08-18 16:03:58", "calendarYear": "2022", "period": "FY", "revenue": 821354000, "costOfRevenue": 500564000, "grossProfit": 320790000, "grossProfitRatio": 0.3905624128, "researchAndDevelopmentExpenses": 0, "generalAndAdministrativeExpenses": 224828000, "sellingAndMarketingExpenses": 4840000, "sellingGeneralAndAdministrativeExpenses": 229668000, "otherExpenses": 5042000, "operatingExpenses": 234710000, "costAndExpenses": 735274000, "interestIncome": 313000, "interestExpense": 11735000, "depreciationAndAmortization": 4629000, "ebitda": 90709000, "ebitdaratio": 0.1104383737, "operatingIncome": 86080000, "operatingIncomeRatio": 0.1048025577, "totalOtherIncomeExpensesNet": -12148000, "incomeBeforeTax": 73932000, "incomeBeforeTaxRatio": 0.0900123455, "incomeTaxExpense": 25052000, "netIncome": 51131000, "netIncomeRatio": 0.0622520862, "eps": 2.11, "epsdiluted": 2.1, "weightedAverageShsOut": 24246000, "weightedAverageShsOutDil": 24405000, "link": "https://www.sec.gov/Archives/edgar/data/1636519/000163651922000009/0001636519-22-000009-index.htm", "finalLink": "https://www.sec.gov/Archives/edgar/data/1636519/000163651922000009/msgs-20220630.htm", "calculatedOtherExpenses": 5042000, "calculatedOperatingExpenses": 234710000, "calculatedNetInterest": -11422000, "calculatedOtherIncome": -726000, "calculatedIncomeNonControlling": -2251000, "calculatedEbitda": 90709000}, {"date": "2021-06-30", "symbol": "MSGS", "reportedCurrency": "USD", "cik": "0001636519", "fillingDate": "2021-08-19", "acceptedDate": "2021-08-19 16:46:47", "calendarYear": "2021", "period": "FY", "revenue": 415721000, "costOfRevenue": 281890000, "grossProfit": 133831000, "grossProfitRatio": 0.3219250411, "researchAndDevelopmentExpenses": 0, "generalAndAdministrativeExpenses": 204409000, "sellingAndMarketingExpenses": 2291000, "sellingGeneralAndAdministrativeExpenses": 206700000, "otherExpenses": 5574000, "operatingExpenses": 212274000, "costAndExpenses": 494164000, "interestIncome": 32000, "interestExpense": 10561000, "depreciationAndAmortization": 5260000, "ebitda": -73183000, "ebitdaratio": -0.1760387375, "operatingIncome": -78443000, "operatingIncomeRatio": -0.1886914541, "totalOtherIncomeExpensesNet": -10875000, "incomeBeforeTax": -89318000, "incomeBeforeTaxRatio": -0.2148508254, "incomeTaxExpense": -73421000, "netIncome": -15897000, "netIncomeRatio": -0.0382395886, "eps": -0.66, "epsdiluted": -0.66, "weightedAverageShsOut": 24129000, "weightedAverageShsOutDil": 24129000, "link": "https://www.sec.gov/Archives/edgar/data/1636519/000163651921000010/0001636519-21-000010-index.htm", "finalLink": "https://www.sec.gov/Archives/edgar/data/1636519/000163651921000010/msgs-20210630.htm", "calculatedOtherExpenses": 5574000, "calculatedOperatingExpenses": 212274000, "calculatedNetInterest": -10529000, "calculatedOtherIncome": -346000, "calculatedIncomeNonControlling": 0, "calculatedEbitda": -73183000}, {"date": "2020-06-30", "symbol": "MSGS", "reportedCurrency": "USD", "cik": "0001636519", "fillingDate": "2020-08-31", "acceptedDate": "2020-08-28 19:25:30", "calendarYear": "2020", "period": "FY", "revenue": 603319000, "costOfRevenue": 359970000, "grossProfit": 243349000, "grossProfitRatio": 0.4033504663, "researchAndDevelopmentExpenses": 0, "generalAndAdministrativeExpenses": 316611000, "sellingAndMarketingExpenses": 3064000, "sellingGeneralAndAdministrativeExpenses": 319675000, "otherExpenses": 17540000, "operatingExpenses": 337215000, "costAndExpenses": 697185000, "interestIncome": 700000, "interestExpense": 4461000, "depreciationAndAmortization": 17819000, "ebitda": -76047000, "ebitdaratio": -0.1260477459, "operatingIncome": -93866000, "operatingIncomeRatio": -0.1555827017, "totalOtherIncomeExpensesNet": -4182000, "incomeBeforeTax": -98048000, "incomeBeforeTaxRatio": -0.1625143581, "incomeTaxExpense": 20593000, "netIncome": -118641000, "netIncomeRatio": -0.1966472132, "eps": -4.96, "epsdiluted": -4.96, "weightedAverageShsOut": 23942000, "weightedAverageShsOutDil": 23942000, "link": "https://www.sec.gov/Archives/edgar/data/1636519/000163651920000025/0001636519-20-000025-index.htm", "finalLink": "https://www.sec.gov/Archives/edgar/data/1636519/000163651920000025/msgs0630202010k.htm", "calculatedOtherExpenses": 17540000, "calculatedOperatingExpenses": 337215000, "calculatedNetInterest": -3761000, "calculatedOtherIncome": -421000, "calculatedIncomeNonControlling": 0, "calculatedEbitda": -76047000}, {"date": "2019-06-30", "symbol": "MSGS", "reportedCurrency": "USD", "cik": "0001636519", "fillingDate": "2019-08-20", "acceptedDate": "2019-08-20 16:41:04", "calendarYear": "2019", "period": "FY", "revenue": 1631068000, "costOfRevenue": 997077000, "grossProfit": 633991000, "grossProfitRatio": 0.3886968538, "researchAndDevelopmentExpenses": 0, "generalAndAdministrativeExpenses": 524291000, "sellingAndMarketingExpenses": 4381000, "sellingGeneralAndAdministrativeExpenses": 528672000, "otherExpenses": 119193000, "operatingExpenses": 647865000, "costAndExpenses": 1644942000, "interestIncome": 30205000, "interestExpense": 20410000, "depreciationAndAmortization": 119193000, "ebitda": 137834000, "ebitdaratio": 0.084505367, "operatingIncome": 18641000, "operatingIncomeRatio": 0.0114287081, "totalOtherIncomeExpensesNet": -20410000, "incomeBeforeTax": -1769000, "incomeBeforeTaxRatio": -0.0010845655, "incomeTaxExpense": 1348000, "netIncome": -3117000, "netIncomeRatio": -0.0019110178, "eps": -0.13, "epsdiluted": -0.13, "weightedAverageShsOut": 23767000, "weightedAverageShsOutDil": 23900000, "link": "https://www.sec.gov/Archives/edgar/data/1636519/000163651919000019/0001636519-19-000019-index.htm", "finalLink": "https://www.sec.gov/Archives/edgar/data/1636519/000163651919000019/tmsgc06302019-10k.htm", "calculatedOtherExpenses": 86678000, "calculatedOperatingExpenses": 615350000, "calculatedNetInterest": 9795000, "calculatedOtherIncome": -30205000, "calculatedIncomeNonControlling": 0, "calculatedEbitda": 137834000}, {"date": "2018-06-30", "symbol": "MSGS", "reportedCurrency": "USD", "cik": "0001636519", "fillingDate": "2018-08-17", "acceptedDate": "2018-08-16 21:46:26", "calendarYear": "2018", "period": "FY", "revenue": 1559095000, "costOfRevenue": 945428000, "grossProfit": 613667000, "grossProfitRatio": 0.3936046232, "researchAndDevelopmentExpenses": 0, "generalAndAdministrativeExpenses": 0, "sellingAndMarketingExpenses": 0, "sellingGeneralAndAdministrativeExpenses": 472305000, "otherExpenses": 303000, "operatingExpenses": 594791000, "costAndExpenses": 1540219000, "interestIncome": 21582000, "interestExpense": 15415000, "depreciationAndAmortization": 122486000, "ebitda": 155477000, "ebitdaratio": 0.0997225955, "operatingIncome": 18876000, "operatingIncomeRatio": 0.0121070236, "totalOtherIncomeExpensesNet": -7467000, "incomeBeforeTax": 17576000, "incomeBeforeTaxRatio": 0.0112732066, "incomeTaxExpense": -116872000, "netIncome": 141594000, "netIncomeRatio": 0.0908180707, "eps": 5.99, "epsdiluted": 5.94, "weightedAverageShsOut": 23639000, "weightedAverageShsOutDil": 23846000, "link": "https://www.sec.gov/Archives/edgar/data/1636519/000163651918000010/0001636519-18-000010-index.htm", "finalLink": "https://www.sec.gov/Archives/edgar/data/1636519/000163651918000010/tmsgc06302018-10k.htm", "calculatedOtherExpenses": 122486000, "calculatedOperatingExpenses": 594791000, "calculatedNetInterest": 6167000, "calculatedOtherIncome": -7467000, "calculatedIncomeNonControlling": -7146000, "calculatedEbitda": 141362000}, {"date": "2017-06-30", "symbol": "MSGS", "reportedCurrency": "USD", "cik": "0001636519", "fillingDate": "2017-08-17", "acceptedDate": "2017-08-17 16:27:30", "calendarYear": "2017", "period": "FY", "revenue": 1318452000, "costOfRevenue": 861381000, "grossProfit": 457071000, "grossProfitRatio": 0.3466724613, "researchAndDevelopmentExpenses": 0, "generalAndAdministrativeExpenses": 0, "sellingAndMarketingExpenses": 0, "sellingGeneralAndAdministrativeExpenses": 410039000, "otherExpenses": 1492000, "operatingExpenses": 517427000, "costAndExpenses": 1378808000, "interestIncome": 11836000, "interestExpense": 4189000, "depreciationAndAmortization": 107388000, "ebitda": 30384000, "ebitdaratio": 0.0230452076, "operatingIncome": -60356000, "operatingIncomeRatio": -0.0457779274, "totalOtherIncomeExpensesNet": -28484000, "incomeBeforeTax": -81193000, "incomeBeforeTaxRatio": -0.0615820675, "incomeTaxExpense": -4404000, "netIncome": -72723000, "netIncomeRatio": -0.055157867, "eps": -3.05, "epsdiluted": -3.05, "weightedAverageShsOut": 23843606, "weightedAverageShsOutDil": 23853000, "link": "https://www.sec.gov/Archives/edgar/data/1636519/000163651917000010/0001636519-17-000010-index.htm", "finalLink": "https://www.sec.gov/Archives/edgar/data/1636519/000163651917000010/tmsgc06302017-10k.htm", "calculatedOtherExpenses": 107388000, "calculatedOperatingExpenses": 517427000, "calculatedNetInterest": 7647000, "calculatedOtherIncome": -28484000, "calculatedIncomeNonControlling": -4066000, "calculatedEbitda": 47032000}, {"date": "2016-06-30", "symbol": "MSGS", "reportedCurrency": "USD", "cik": "0001636519", "fillingDate": "2016-08-19", "acceptedDate": "2016-08-19 16:43:12", "calendarYear": "2016", "period": "FY", "revenue": 1115311000, "costOfRevenue": 737857000, "grossProfit": 377454000, "grossProfitRatio": 0.3384293708, "researchAndDevelopmentExpenses": 0, "generalAndAdministrativeExpenses": 0, "sellingAndMarketingExpenses": 0, "sellingGeneralAndAdministrativeExpenses": 333603000, "otherExpenses": -4017000, "operatingExpenses": 436085000, "costAndExpenses": 1173942000, "interestIncome": 6782000, "interestExpense": 2028000, "depreciationAndAmortization": 102482000, "ebitda": 27517000, "ebitdaratio": 0.0246720421, "operatingIncome": -58631000, "operatingIncomeRatio": -0.0525691937, "totalOtherIncomeExpensesNet": -23116000, "incomeBeforeTax": -76993000, "incomeBeforeTaxRatio": -0.0690327631, "incomeTaxExpense": 297000, "netIncome": -77290000, "netIncomeRatio": -0.0692990565, "eps": -3.12, "epsdiluted": -3.12, "weightedAverageShsOut": 24754000, "weightedAverageShsOutDil": 24754000, "link": "https://www.sec.gov/Archives/edgar/data/1636519/000163651916000016/0001636519-16-000016-index.htm", "finalLink": "https://www.sec.gov/Archives/edgar/data/1636519/000163651916000016/tmsgc06302016-10k.htm", "calculatedOtherExpenses": 102482000, "calculatedOperatingExpenses": 436085000, "calculatedNetInterest": 4754000, "calculatedOtherIncome": -23116000, "calculatedIncomeNonControlling": 0, "calculatedEbitda": 43851000}, {"date": "2015-06-30", "symbol": "MSGS", "reportedCurrency": "USD", "cik": "0001636519", "fillingDate": "2015-06-30", "acceptedDate": "2015-06-29 20:00:00", "calendarYear": "2015", "period": "FY", "revenue": 1071551000, "costOfRevenue": 724881000, "grossProfit": 346670000, "grossProfitRatio": 0.3235216989, "researchAndDevelopmentExpenses": 0, "generalAndAdministrativeExpenses": 0, "sellingAndMarketingExpenses": 0, "sellingGeneralAndAdministrativeExpenses": 238318000, "otherExpenses": 190000, "operatingExpenses": 347076000, "costAndExpenses": 1071957000, "interestIncome": 3056000, "interestExpense": 2498000, "depreciationAndAmortization": 108758000, "ebitda": 71008000, "ebitdaratio": 0.0662665613, "operatingIncome": -406000, "operatingIncomeRatio": -0.00037889, "totalOtherIncomeExpensesNet": -40400000, "incomeBeforeTax": -40248000, "incomeBeforeTaxRatio": -0.0375605081, "incomeTaxExpense": 436000, "netIncome": -40684000, "netIncomeRatio": -0.0379673949, "eps": -1.63, "epsdiluted": -1.63, "weightedAverageShsOut": 24906547, "weightedAverageShsOutDil": 24906547, "link": "", "finalLink": "", "calculatedOtherExpenses": 108758000, "calculatedOperatingExpenses": 347076000, "calculatedNetInterest": 558000, "calculatedOtherIncome": -40400000, "calculatedIncomeNonControlling": 0, "calculatedEbitda": 108352000}, {"date": "2014-06-30", "symbol": "MSGS", "reportedCurrency": "USD", "cik": "0001636519", "fillingDate": "2014-06-30", "acceptedDate": "2014-06-29 20:00:00", "calendarYear": "2014", "period": "FY", "revenue": 913615000, "costOfRevenue": 714825000, "grossProfit": 198790000, "grossProfitRatio": 0.2175861824, "researchAndDevelopmentExpenses": 0, "generalAndAdministrativeExpenses": 0, "sellingAndMarketingExpenses": 0, "sellingGeneralAndAdministrativeExpenses": 221109000, "otherExpenses": 95000, "operatingExpenses": 312818000, "costAndExpenses": 1027643000, "interestIncome": 1548000, "interestExpense": 1528000, "depreciationAndAmortization": 91709000, "ebitda": -21999000, "ebitdaratio": -0.0240790705, "operatingIncome": -114028000, "operatingIncomeRatio": -0.1248096846, "totalOtherIncomeExpensesNet": -1228000, "incomeBeforeTax": -115236000, "incomeBeforeTaxRatio": -0.1261319046, "incomeTaxExpense": 1697000, "netIncome": -116933000, "netIncomeRatio": -0.1279893609, "eps": -4.69, "epsdiluted": -4.69, "weightedAverageShsOut": 24928000, "weightedAverageShsOutDil": 24928000, "link": "", "finalLink": "", "calculatedOtherExpenses": 91709000, "calculatedOperatingExpenses": 312818000, "calculatedNetInterest": 20000, "calculatedOtherIncome": -1228000, "calculatedIncomeNonControlling": 0, "calculatedEbitda": -22319000}, {"date": "2013-06-30", "symbol": "MSGS", "reportedCurrency": "USD", "cik": "0001636519", "fillingDate": "2013-06-30", "acceptedDate": "2013-06-29 20:00:00", "calendarYear": "2013", "period": "FY", "revenue": 722943000, "costOfRevenue": 533282000, "grossProfit": 189661000, "grossProfitRatio": 0.2623457174, "researchAndDevelopmentExpenses": 0, "generalAndAdministrativeExpenses": 0, "sellingAndMarketingExpenses": 0, "sellingGeneralAndAdministrativeExpenses": 176139000, "otherExpenses": 3497000, "operatingExpenses": 248690000, "costAndExpenses": 781972000, "interestIncome": 595000, "interestExpense": 2204000, "depreciationAndAmortization": 72551000, "ebitda": 17614000, "ebitdaratio": 0.0243642998, "operatingIncome": -59029000, "operatingIncomeRatio": -0.0816509739, "totalOtherIncomeExpensesNet": 3497000, "incomeBeforeTax": -57141000, "incomeBeforeTaxRatio": -0.0790394263, "incomeTaxExpense": 1133000, "netIncome": -58274000, "netIncomeRatio": -0.0806066315, "eps": -2.27, "epsdiluted": -2.27, "weightedAverageShsOut": 25713000, "weightedAverageShsOutDil": 25713000, "link": "", "finalLink": "", "calculatedOtherExpenses": 72551000, "calculatedOperatingExpenses": 248690000, "calculatedNetInterest": -1609000, "calculatedOtherIncome": 3497000, "calculatedIncomeNonControlling": 0, "calculatedEbitda": 13522000}, {"date": "2012-06-30", "symbol": "MSGS", "reportedCurrency": "USD", "cik": "0001636519", "fillingDate": "2012-06-30", "acceptedDate": "2012-06-29 20:00:00", "calendarYear": "2012", "period": "FY", "revenue": 728867000, "costOfRevenue": 530307000, "grossProfit": 198560000, "grossProfitRatio": 0.2724228151, "researchAndDevelopmentExpenses": 0, "generalAndAdministrativeExpenses": 0, "sellingAndMarketingExpenses": 0, "sellingGeneralAndAdministrativeExpenses": 171757000, "otherExpenses": 7072000, "operatingExpenses": 234697000, "costAndExpenses": 765004000, "interestIncome": 384000, "interestExpense": 1251000, "depreciationAndAmortization": 62940000, "ebitda": 34259000, "ebitdaratio": 0.0470030884, "operatingIncome": -36137000, "operatingIncomeRatio": -0.0495796901, "totalOtherIncomeExpensesNet": 7072000, "incomeBeforeTax": -29932000, "incomeBeforeTaxRatio": -0.0410664771, "incomeTaxExpense": 6350000, "netIncome": -36282000, "netIncomeRatio": -0.049778629, "eps": -1.41, "epsdiluted": -1.41, "weightedAverageShsOut": 25713000, "weightedAverageShsOutDil": 25713000, "link": "", "finalLink": "", "calculatedOtherExpenses": 62940000, "calculatedOperatingExpenses": 234697000, "calculatedNetInterest": -867000, "calculatedOtherIncome": 7072000, "calculatedIncomeNonControlling": 0, "calculatedEbitda": 26803000}]}