{"originalCurrency": "USD", "convertedCurrency": "USD", "report": [{"date": "2023-12-31", "symbol": "MSI", "reportedCurrency": "USD", "cik": "0000068505", "fillingDate": "2024-02-15", "acceptedDate": "2024-02-15 07:04:17", "calendarYear": "2023", "period": "FY", "revenue": 9978000000, "costOfRevenue": 5178000000, "grossProfit": 4800000000, "grossProfitRatio": 0.4810583283, "researchAndDevelopmentExpenses": 858000000, "generalAndAdministrativeExpenses": 1462000000, "sellingAndMarketingExpenses": 98000000, "sellingGeneralAndAdministrativeExpenses": 1560000000, "otherExpenses": 6000000, "operatingExpenses": 2418000000, "costAndExpenses": 7596000000, "interestIncome": 33000000, "interestExpense": 249000000, "depreciationAndAmortization": 417000000, "ebitda": 2799000000, "ebitdaratio": 0.2805171377, "operatingIncome": 2382000000, "operatingIncomeRatio": 0.2387251954, "totalOtherIncomeExpensesNet": -236000000, "incomeBeforeTax": 2146000000, "incomeBeforeTaxRatio": 0.215073161, "incomeTaxExpense": 432000000, "netIncome": 1709000000, "netIncomeRatio": 0.171276809, "eps": 10.23, "epsdiluted": 9.93, "weightedAverageShsOut": 167000000, "weightedAverageShsOutDil": 172100000, "link": "https://www.sec.gov/Archives/edgar/data/68505/000006850524000008/0000068505-24-000008-index.htm", "finalLink": "https://www.sec.gov/Archives/edgar/data/68505/000006850524000008/msi-20231231.htm", "calculatedOtherExpenses": 0, "calculatedOperatingExpenses": 2418000000, "calculatedNetInterest": -216000000, "calculatedOtherIncome": -20000000, "calculatedIncomeNonControlling": 5000000, "calculatedEbitda": 2799000000}, {"date": "2022-12-31", "symbol": "MSI", "reportedCurrency": "USD", "cik": "0000068505", "fillingDate": "2023-02-16", "acceptedDate": "2023-02-16 16:31:18", "calendarYear": "2022", "period": "FY", "revenue": 9112000000, "costOfRevenue": 4883000000, "grossProfit": 4229000000, "grossProfitRatio": 0.4641132572, "researchAndDevelopmentExpenses": 779000000, "generalAndAdministrativeExpenses": 1450000000, "sellingAndMarketingExpenses": 0, "sellingGeneralAndAdministrativeExpenses": 1450000000, "otherExpenses": 257000000, "operatingExpenses": 2486000000, "costAndExpenses": 7369000000, "interestIncome": 14000000, "interestExpense": 240000000, "depreciationAndAmortization": 647000000, "ebitda": 2308000000, "ebitdaratio": 0.2532923617, "operatingIncome": 1661000000, "operatingIncomeRatio": 0.1822870939, "totalOtherIncomeExpensesNet": -146000000, "incomeBeforeTax": 1515000000, "incomeBeforeTaxRatio": 0.1662642669, "incomeTaxExpense": 148000000, "netIncome": 1363000000, "netIncomeRatio": 0.1495829675, "eps": 8.14, "epsdiluted": 7.93, "weightedAverageShsOut": 167500000, "weightedAverageShsOutDil": 171900000, "link": "https://www.sec.gov/Archives/edgar/data/68505/000006850523000015/0000068505-23-000015-index.htm", "finalLink": "https://www.sec.gov/Archives/edgar/data/68505/000006850523000015/msi-20221231.htm", "calculatedOtherExpenses": 339000000, "calculatedOperatingExpenses": 2568000000, "calculatedNetInterest": -226000000, "calculatedOtherIncome": 80000000, "calculatedIncomeNonControlling": 4000000, "calculatedEbitda": 2308000000}, {"date": "2021-12-31", "symbol": "MSI", "reportedCurrency": "USD", "cik": "0000068505", "fillingDate": "2022-02-16", "acceptedDate": "2022-02-16 17:28:28", "calendarYear": "2021", "period": "FY", "revenue": 8171000000, "costOfRevenue": 4131000000, "grossProfit": 4040000000, "grossProfitRatio": 0.4944315261, "researchAndDevelopmentExpenses": 734000000, "generalAndAdministrativeExpenses": 1353000000, "sellingAndMarketingExpenses": 0, "sellingGeneralAndAdministrativeExpenses": 1353000000, "otherExpenses": 286000000, "operatingExpenses": 2373000000, "costAndExpenses": 6504000000, "interestIncome": 7000000, "interestExpense": 208000000, "depreciationAndAmortization": 530000000, "ebitda": 2197000000, "ebitdaratio": 0.2688777383, "operatingIncome": 1667000000, "operatingIncomeRatio": 0.2040141965, "totalOtherIncomeExpensesNet": -115000000, "incomeBeforeTax": 1552000000, "incomeBeforeTaxRatio": 0.1899400318, "incomeTaxExpense": 302000000, "netIncome": 1245000000, "netIncomeRatio": 0.1523681312, "eps": 7.36, "epsdiluted": 7.17, "weightedAverageShsOut": 169200000, "weightedAverageShsOutDil": 173600000, "link": "https://www.sec.gov/Archives/edgar/data/68505/000006850522000010/0000068505-22-000010-index.htm", "finalLink": "https://www.sec.gov/Archives/edgar/data/68505/000006850522000010/msi-20211231.htm", "calculatedOtherExpenses": 286000000, "calculatedOperatingExpenses": 2373000000, "calculatedNetInterest": -201000000, "calculatedOtherIncome": 86000000, "calculatedIncomeNonControlling": 5000000, "calculatedEbitda": 2197000000}, {"date": "2020-12-31", "symbol": "MSI", "reportedCurrency": "USD", "cik": "0000068505", "fillingDate": "2021-02-12", "acceptedDate": "2021-02-12 10:32:15", "calendarYear": "2020", "period": "FY", "revenue": 7414000000, "costOfRevenue": 3806000000, "grossProfit": 3608000000, "grossProfitRatio": 0.4866468843, "researchAndDevelopmentExpenses": 686000000, "generalAndAdministrativeExpenses": 1293000000, "sellingAndMarketingExpenses": 0, "sellingGeneralAndAdministrativeExpenses": 1293000000, "otherExpenses": 246000000, "operatingExpenses": 2225000000, "costAndExpenses": 6031000000, "interestIncome": 13000000, "interestExpense": 220000000, "depreciationAndAmortization": 422000000, "ebitda": 1805000000, "ebitdaratio": 0.2434583221, "operatingIncome": 1383000000, "operatingIncomeRatio": 0.1865389803, "totalOtherIncomeExpensesNet": -209000000, "incomeBeforeTax": 1174000000, "incomeBeforeTaxRatio": 0.1583490693, "incomeTaxExpense": 221000000, "netIncome": 949000000, "netIncomeRatio": 0.128001079, "eps": 5.55, "epsdiluted": 5.42, "weightedAverageShsOut": 170000000, "weightedAverageShsOutDil": 174100000, "link": "https://www.sec.gov/Archives/edgar/data/68505/000006850521000008/0000068505-21-000008-index.htm", "finalLink": "https://www.sec.gov/Archives/edgar/data/68505/000006850521000008/msi-20201231.htm", "calculatedOtherExpenses": 246000000, "calculatedOperatingExpenses": 2225000000, "calculatedNetInterest": -207000000, "calculatedOtherIncome": -2000000, "calculatedIncomeNonControlling": 4000000, "calculatedEbitda": 1805000000}, {"date": "2019-12-31", "symbol": "MSI", "reportedCurrency": "USD", "cik": "0000068505", "fillingDate": "2020-02-14", "acceptedDate": "2020-02-13 19:41:57", "calendarYear": "2019", "period": "FY", "revenue": 7887000000, "costOfRevenue": 3956000000, "grossProfit": 3931000000, "grossProfitRatio": 0.4984151135, "researchAndDevelopmentExpenses": 687000000, "generalAndAdministrativeExpenses": 1403000000, "sellingAndMarketingExpenses": 0, "sellingGeneralAndAdministrativeExpenses": 1403000000, "otherExpenses": 208000000, "operatingExpenses": 2298000000, "costAndExpenses": 6254000000, "interestIncome": 17000000, "interestExpense": 220000000, "depreciationAndAmortization": 394000000, "ebitda": 1610000000, "ebitdaratio": 0.204133384, "operatingIncome": 1216000000, "operatingIncomeRatio": 0.1541777609, "totalOtherIncomeExpensesNet": -215000000, "incomeBeforeTax": 1001000000, "incomeBeforeTaxRatio": 0.1269177127, "incomeTaxExpense": 130000000, "netIncome": 868000000, "netIncomeRatio": 0.1100545201, "eps": 5.21, "epsdiluted": 4.94, "weightedAverageShsOut": 166600000, "weightedAverageShsOutDil": 175600000, "link": "https://www.sec.gov/Archives/edgar/data/68505/000006850520000006/0000068505-20-000006-index.htm", "finalLink": "https://www.sec.gov/Archives/edgar/data/68505/000006850520000006/msi201910-k.htm", "calculatedOtherExpenses": 625000000, "calculatedOperatingExpenses": 2715000000, "calculatedNetInterest": -203000000, "calculatedOtherIncome": -12000000, "calculatedIncomeNonControlling": 3000000, "calculatedEbitda": 1610000000}, {"date": "2018-12-31", "symbol": "MSI", "reportedCurrency": "USD", "cik": "0000068505", "fillingDate": "2019-02-15", "acceptedDate": "2019-02-15 14:38:15", "calendarYear": "2018", "period": "FY", "revenue": 7343000000, "costOfRevenue": 3863000000, "grossProfit": 3480000000, "grossProfitRatio": 0.4739207408, "researchAndDevelopmentExpenses": 637000000, "generalAndAdministrativeExpenses": 1254000000, "sellingAndMarketingExpenses": 0, "sellingGeneralAndAdministrativeExpenses": 1254000000, "otherExpenses": -93000000, "operatingExpenses": 2079000000, "costAndExpenses": 5942000000, "interestIncome": 18000000, "interestExpense": 222000000, "depreciationAndAmortization": 360000000, "ebitda": 1668000000, "ebitdaratio": 0.2271551137, "operatingIncome": 1255000000, "operatingIncomeRatio": 0.1709110718, "totalOtherIncomeExpensesNet": -77000000, "incomeBeforeTax": 1102000000, "incomeBeforeTaxRatio": 0.1500749013, "incomeTaxExpense": 133000000, "netIncome": 966000000, "netIncomeRatio": 0.1315538608, "eps": 5.62, "epsdiluted": 5.62, "weightedAverageShsOut": 171886120, "weightedAverageShsOutDil": 172000000, "link": "https://www.sec.gov/Archives/edgar/data/68505/000006850519000006/0000068505-19-000006-index.htm", "finalLink": "https://www.sec.gov/Archives/edgar/data/68505/000006850519000006/msi201810-k.htm", "calculatedOtherExpenses": 334000000, "calculatedOperatingExpenses": 2225000000, "calculatedNetInterest": -204000000, "calculatedOtherIncome": 51000000, "calculatedIncomeNonControlling": 3000000, "calculatedEbitda": 1615000000}, {"date": "2017-12-31", "symbol": "MSI", "reportedCurrency": "USD", "cik": "0000068505", "fillingDate": "2018-02-16", "acceptedDate": "2018-02-16 15:14:22", "calendarYear": "2017", "period": "FY", "revenue": 6380000000, "costOfRevenue": 3356000000, "grossProfit": 3024000000, "grossProfitRatio": 0.4739811912, "researchAndDevelopmentExpenses": 568000000, "generalAndAdministrativeExpenses": 979000000, "sellingAndMarketingExpenses": 0, "sellingGeneralAndAdministrativeExpenses": 979000000, "otherExpenses": -52000000, "operatingExpenses": 1698000000, "costAndExpenses": 5054000000, "interestIncome": 14000000, "interestExpense": 201000000, "depreciationAndAmortization": 343000000, "ebitda": 1617000000, "ebitdaratio": 0.2534482759, "operatingIncome": 1282000000, "operatingIncomeRatio": 0.2009404389, "totalOtherIncomeExpensesNet": -49000000, "incomeBeforeTax": 1076000000, "incomeBeforeTaxRatio": 0.1686520376, "incomeTaxExpense": 1227000000, "netIncome": -155000000, "netIncomeRatio": -0.0242946708, "eps": -0.95, "epsdiluted": -0.95, "weightedAverageShsOut": 162900000, "weightedAverageShsOutDil": 162900000, "link": "https://www.sec.gov/Archives/edgar/data/68505/000006850518000009/0000068505-18-000009-index.htm", "finalLink": "https://www.sec.gov/Archives/edgar/data/68505/000006850518000009/msi201710-k.htm", "calculatedOtherExpenses": 195000000, "calculatedOperatingExpenses": 1742000000, "calculatedNetInterest": -187000000, "calculatedOtherIncome": -19000000, "calculatedIncomeNonControlling": 4000000, "calculatedEbitda": 1625000000}, {"date": "2016-12-31", "symbol": "MSI", "reportedCurrency": "USD", "cik": "0000068505", "fillingDate": "2017-02-21", "acceptedDate": "2017-02-21 06:11:48", "calendarYear": "2016", "period": "FY", "revenue": 6038000000, "costOfRevenue": 3169000000, "grossProfit": 2869000000, "grossProfitRatio": 0.4751573369, "researchAndDevelopmentExpenses": 553000000, "generalAndAdministrativeExpenses": 1000000000, "sellingAndMarketingExpenses": 0, "sellingGeneralAndAdministrativeExpenses": 1000000000, "otherExpenses": -148000000, "operatingExpenses": 1666000000, "costAndExpenses": 4835000000, "interestIncome": 20000000, "interestExpense": 205000000, "depreciationAndAmortization": 295000000, "ebitda": 1350000000, "ebitdaratio": 0.2235839682, "operatingIncome": 1067000000, "operatingIncomeRatio": 0.1767141438, "totalOtherIncomeExpensesNet": -154000000, "incomeBeforeTax": 844000000, "incomeBeforeTaxRatio": 0.1397813846, "incomeTaxExpense": 282000000, "netIncome": 560000000, "netIncomeRatio": 0.0927459424, "eps": 3.3, "epsdiluted": 3.24, "weightedAverageShsOut": 169600000, "weightedAverageShsOutDil": 173100000, "link": "https://www.sec.gov/Archives/edgar/data/68505/000006850517000002/0000068505-17-000002-index.htm", "finalLink": "https://www.sec.gov/Archives/edgar/data/68505/000006850517000002/msi201610-k.htm", "calculatedOtherExpenses": 249000000, "calculatedOperatingExpenses": 1802000000, "calculatedNetInterest": -185000000, "calculatedOtherIncome": -38000000, "calculatedIncomeNonControlling": 2000000, "calculatedEbitda": 1362000000}, {"date": "2015-12-31", "symbol": "MSI", "reportedCurrency": "USD", "cik": "0000068505", "fillingDate": "2016-02-23", "acceptedDate": "2016-02-22 17:44:47", "calendarYear": "2015", "period": "FY", "revenue": 5695000000, "costOfRevenue": 2976000000, "grossProfit": 2719000000, "grossProfitRatio": 0.4774363477, "researchAndDevelopmentExpenses": 620000000, "generalAndAdministrativeExpenses": 1021000000, "sellingAndMarketingExpenses": 0, "sellingGeneralAndAdministrativeExpenses": 1021000000, "otherExpenses": -87000000, "operatingExpenses": 1649000000, "costAndExpenses": 4625000000, "interestIncome": 13000000, "interestExpense": 173000000, "depreciationAndAmortization": 150000000, "ebitda": 1133000000, "ebitdaratio": 0.1989464442, "operatingIncome": 994000000, "operatingIncomeRatio": 0.1745390694, "totalOtherIncomeExpensesNet": 20000000, "incomeBeforeTax": 917000000, "incomeBeforeTaxRatio": 0.1610184372, "incomeTaxExpense": 274000000, "netIncome": 610000000, "netIncomeRatio": 0.1071115013, "eps": 3.06, "epsdiluted": 3.02, "weightedAverageShsOut": 199600000, "weightedAverageShsOutDil": 201800000, "link": "https://www.sec.gov/Archives/edgar/data/68505/000006850516000017/0000068505-16-000017-index.htm", "finalLink": "https://www.sec.gov/Archives/edgar/data/68505/000006850516000017/msi201510-k.htm", "calculatedOtherExpenses": 84000000, "calculatedOperatingExpenses": 1725000000, "calculatedNetInterest": -160000000, "calculatedOtherIncome": 83000000, "calculatedIncomeNonControlling": 33000000, "calculatedEbitda": 1144000000}, {"date": "2014-12-31", "symbol": "MSI", "reportedCurrency": "USD", "cik": "0000068505", "fillingDate": "2015-02-13", "acceptedDate": "2015-02-13 14:12:13", "calendarYear": "2014", "period": "FY", "revenue": 5881000000, "costOfRevenue": 3050000000, "grossProfit": 2831000000, "grossProfitRatio": 0.4813807176, "researchAndDevelopmentExpenses": 681000000, "generalAndAdministrativeExpenses": 1184000000, "sellingAndMarketingExpenses": 0, "sellingGeneralAndAdministrativeExpenses": 1184000000, "otherExpenses": -2002000000, "operatingExpenses": 1869000000, "costAndExpenses": 4919000000, "interestIncome": 21000000, "interestExpense": 126000000, "depreciationAndAmortization": 173000000, "ebitda": -867000000, "ebitdaratio": -0.1474239075, "operatingIncome": -1006000000, "operatingIncomeRatio": -0.1710593436, "totalOtherIncomeExpensesNet": -1997000000, "incomeBeforeTax": -1161000000, "incomeBeforeTaxRatio": -0.1974154055, "incomeTaxExpense": -465000000, "netIncome": 1299000000, "netIncomeRatio": 0.2208808026, "eps": 5.29, "epsdiluted": 5.29, "weightedAverageShsOut": 245422535, "weightedAverageShsOutDil": 245600000, "link": "https://www.sec.gov/Archives/edgar/data/68505/000006850515000003/0000068505-15-000003-index.htm", "finalLink": "https://www.sec.gov/Archives/edgar/data/68505/000006850515000003/msi201410-k.htm", "calculatedOtherExpenses": 1972000000, "calculatedOperatingExpenses": 3837000000, "calculatedNetInterest": -105000000, "calculatedOtherIncome": -50000000, "calculatedIncomeNonControlling": -1995000000, "calculatedEbitda": -833000000}, {"date": "2013-12-31", "symbol": "MSI", "reportedCurrency": "USD", "cik": "0000068505", "fillingDate": "2014-02-13", "acceptedDate": "2014-02-13 15:22:11", "calendarYear": "2013", "period": "FY", "revenue": 8696000000, "costOfRevenue": 4455000000, "grossProfit": 4241000000, "grossProfitRatio": 0.4876954922, "researchAndDevelopmentExpenses": 1055000000, "generalAndAdministrativeExpenses": 1838000000, "sellingAndMarketingExpenses": 0, "sellingGeneralAndAdministrativeExpenses": 1838000000, "otherExpenses": -104000000, "operatingExpenses": 2919000000, "costAndExpenses": 7374000000, "interestIncome": 19000000, "interestExpense": 113000000, "depreciationAndAmortization": 228000000, "ebitda": 1446000000, "ebitdaratio": 0.1662833487, "operatingIncome": 1215000000, "operatingIncomeRatio": 0.1397194112, "totalOtherIncomeExpensesNet": -64000000, "incomeBeforeTax": 1145000000, "incomeBeforeTaxRatio": 0.1316697332, "incomeTaxExpense": 40000000, "netIncome": 1099000000, "netIncomeRatio": 0.1263799448, "eps": 4.13, "epsdiluted": 4.06, "weightedAverageShsOut": 266000000, "weightedAverageShsOutDil": 270500000, "link": "https://www.sec.gov/Archives/edgar/data/68505/000006850514000005/0000068505-14-000005-index.htm", "finalLink": "https://www.sec.gov/Archives/edgar/data/68505/000006850514000005/msi201310-k.htm", "calculatedOtherExpenses": 133000000, "calculatedOperatingExpenses": 3026000000, "calculatedNetInterest": -94000000, "calculatedOtherIncome": 24000000, "calculatedIncomeNonControlling": 6000000, "calculatedEbitda": 1443000000}, {"date": "2012-12-31", "symbol": "MSI", "reportedCurrency": "USD", "cik": "0000068505", "fillingDate": "2013-02-12", "acceptedDate": "2013-02-12 10:45:50", "calendarYear": "2012", "period": "FY", "revenue": 8698000000, "costOfRevenue": 4350000000, "grossProfit": 4348000000, "grossProfitRatio": 0.499885031, "researchAndDevelopmentExpenses": 1075000000, "generalAndAdministrativeExpenses": 1963000000, "sellingAndMarketingExpenses": 0, "sellingGeneralAndAdministrativeExpenses": 1963000000, "otherExpenses": -39000000, "operatingExpenses": 3067000000, "costAndExpenses": 7417000000, "interestIncome": 42000000, "interestExpense": 66000000, "depreciationAndAmortization": 208000000, "ebitda": 1450000000, "ebitdaratio": 0.1667049897, "operatingIncome": 1256000000, "operatingIncomeRatio": 0.1444010117, "totalOtherIncomeExpensesNet": 25000000, "incomeBeforeTax": 1215000000, "incomeBeforeTaxRatio": 0.1396872844, "incomeTaxExpense": 337000000, "netIncome": 881000000, "netIncomeRatio": 0.1012876523, "eps": 3.01, "epsdiluted": 2.96, "weightedAverageShsOut": 292100000, "weightedAverageShsOutDil": 297400000, "link": "https://www.sec.gov/Archives/edgar/data/68505/000144530513000205/0001445305-13-000205-index.htm", "finalLink": "https://www.sec.gov/Archives/edgar/data/68505/000144530513000205/msi2012123110-k.htm", "calculatedOtherExpenses": 54000000, "calculatedOperatingExpenses": 3092000000, "calculatedNetInterest": -24000000, "calculatedOtherIncome": -17000000, "calculatedIncomeNonControlling": -3000000, "calculatedEbitda": 1464000000}, {"date": "2011-12-31", "symbol": "MSI", "reportedCurrency": "USD", "cik": "0000068505", "fillingDate": "2012-02-15", "acceptedDate": "2012-02-15 17:07:24", "calendarYear": "2011", "period": "FY", "revenue": 8203000000, "costOfRevenue": 4057000000, "grossProfit": 4146000000, "grossProfitRatio": 0.5054248446, "researchAndDevelopmentExpenses": 1035000000, "generalAndAdministrativeExpenses": 1912000000, "sellingAndMarketingExpenses": 0, "sellingGeneralAndAdministrativeExpenses": 1912000000, "otherExpenses": 0, "operatingExpenses": 3288000000, "costAndExpenses": 7345000000, "interestIncome": 58000000, "interestExpense": 132000000, "depreciationAndAmortization": 366000000, "ebitda": 1293000000, "ebitdaratio": 0.1576252591, "operatingIncome": 858000000, "operatingIncomeRatio": 0.1045958796, "totalOtherIncomeExpensesNet": -46000000, "incomeBeforeTax": 738000000, "incomeBeforeTaxRatio": 0.0899670852, "incomeTaxExpense": -3000000, "netIncome": 1158000000, "netIncomeRatio": 0.1411678654, "eps": 3.47, "epsdiluted": 3.41, "weightedAverageShsOut": 333800000, "weightedAverageShsOutDil": 339700000, "link": "https://www.sec.gov/Archives/edgar/data/68505/000119312512063569/0001193125-12-063569-index.htm", "finalLink": "https://www.sec.gov/Archives/edgar/data/68505/000119312512063569/d280303d10k.htm", "calculatedOtherExpenses": 341000000, "calculatedOperatingExpenses": 3288000000, "calculatedNetInterest": -74000000, "calculatedOtherIncome": -46000000, "calculatedIncomeNonControlling": -417000000, "calculatedEbitda": 1224000000}, {"date": "2010-12-31", "symbol": "MSI", "reportedCurrency": "USD", "cik": "0000068505", "fillingDate": "2011-02-18", "acceptedDate": "2011-02-18 09:27:06", "calendarYear": "2010", "period": "FY", "revenue": 19282000000, "costOfRevenue": 12384000000, "grossProfit": 6898000000, "grossProfitRatio": 0.3577429727, "researchAndDevelopmentExpenses": 2530000000, "generalAndAdministrativeExpenses": 3367000000, "sellingAndMarketingExpenses": 0, "sellingGeneralAndAdministrativeExpenses": 3367000000, "otherExpenses": 212000000, "operatingExpenses": 5867000000, "costAndExpenses": 18251000000, "interestIncome": 89000000, "interestExpense": 131000000, "depreciationAndAmortization": 572000000, "ebitda": 1603000000, "ebitdaratio": 0.0831345296, "operatingIncome": 789000000, "operatingIncomeRatio": 0.0409189918, "totalOtherIncomeExpensesNet": -223000000, "incomeBeforeTax": 677000000, "incomeBeforeTaxRatio": 0.0351104657, "incomeTaxExpense": 406000000, "netIncome": 633000000, "netIncomeRatio": 0.0328285448, "eps": 1.9, "epsdiluted": 1.87, "weightedAverageShsOut": 333316332, "weightedAverageShsOutDil": 338116567, "link": "https://www.sec.gov/Archives/edgar/data/68505/000119312511039822/0001193125-11-039822-index.htm", "finalLink": "https://www.sec.gov/Archives/edgar/data/68505/000119312511039822/d10k.htm", "calculatedOtherExpenses": 212000000, "calculatedOperatingExpenses": 6109000000, "calculatedNetInterest": -42000000, "calculatedOtherIncome": -70000000, "calculatedIncomeNonControlling": -362000000, "calculatedEbitda": 1361000000}, {"date": "2009-12-31", "symbol": "MSI", "reportedCurrency": "USD", "cik": "0000068505", "fillingDate": "2010-02-16", "acceptedDate": "2010-02-16 16:45:44", "calendarYear": "2009", "period": "FY", "revenue": 22044000000, "costOfRevenue": 14987000000, "grossProfit": 7057000000, "grossProfitRatio": 0.3201324623, "researchAndDevelopmentExpenses": 3183000000, "generalAndAdministrativeExpenses": 3381000000, "sellingAndMarketingExpenses": 0, "sellingGeneralAndAdministrativeExpenses": 3381000000, "otherExpenses": 641000000, "operatingExpenses": 7163000000, "costAndExpenses": 22150000000, "interestIncome": 81000000, "interestExpense": 213000000, "depreciationAndAmortization": 751000000, "ebitda": 572000000, "ebitdaratio": 0.0259481038, "operatingIncome": -148000000, "operatingIncomeRatio": -0.006713845, "totalOtherIncomeExpensesNet": 73000000, "incomeBeforeTax": -165000000, "incomeBeforeTaxRatio": -0.0074850299, "incomeTaxExpense": -77000000, "netIncome": -51000000, "netIncomeRatio": -0.0023135547, "eps": -0.16, "epsdiluted": -0.16, "weightedAverageShsOut": 327942529, "weightedAverageShsOutDil": 327942529, "link": "https://www.sec.gov/Archives/edgar/data/68505/000104746910000905/0001047469-10-000905-index.htm", "finalLink": "https://www.sec.gov/Archives/edgar/data/68505/000104746910000905/a2196244z10-k.htm", "calculatedOtherExpenses": 641000000, "calculatedOperatingExpenses": 7205000000, "calculatedNetInterest": -132000000, "calculatedOtherIncome": 115000000, "calculatedIncomeNonControlling": -37000000, "calculatedEbitda": 603000000}, {"date": "2008-12-31", "symbol": "MSI", "reportedCurrency": "USD", "cik": "0000068505", "fillingDate": "2009-02-26", "acceptedDate": "2009-02-26 16:59:13", "calendarYear": "2008", "period": "FY", "revenue": 30146000000, "costOfRevenue": 21751000000, "grossProfit": 8395000000, "grossProfitRatio": 0.2784780734, "researchAndDevelopmentExpenses": 4109000000, "generalAndAdministrativeExpenses": 4330000000, "sellingAndMarketingExpenses": 0, "sellingGeneralAndAdministrativeExpenses": 4330000000, "otherExpenses": 2039000000, "operatingExpenses": 10478000000, "costAndExpenses": 32229000000, "interestIncome": 0, "interestExpense": 91000000, "depreciationAndAmortization": 831000000, "ebitda": 1071000000, "ebitdaratio": 0.0355271014, "operatingIncome": -2391000000, "operatingIncomeRatio": -0.0793140052, "totalOtherIncomeExpensesNet": -2323000000, "incomeBeforeTax": -2637000000, "incomeBeforeTaxRatio": -0.0874742918, "incomeTaxExpense": 1607000000, "netIncome": -4244000000, "netIncomeRatio": -0.1407815299, "eps": -13.11, "epsdiluted": -13.11, "weightedAverageShsOut": 323628247, "weightedAverageShsOutDil": 323628247, "link": "https://www.sec.gov/Archives/edgar/data/68505/000095013709001324/0000950137-09-001324-index.htm", "finalLink": "https://www.sec.gov/Archives/edgar/data/68505/000095013709001324/c49054e10vk.htm", "calculatedOtherExpenses": 2347000000, "calculatedOperatingExpenses": 10786000000, "calculatedNetInterest": -91000000, "calculatedOtherIncome": -155000000, "calculatedIncomeNonControlling": 0, "calculatedEbitda": -1560000000}, {"date": "2007-12-31", "symbol": "MSI", "reportedCurrency": "USD", "cik": "0000068505", "fillingDate": "2008-02-28", "acceptedDate": "2008-02-28 15:45:40", "calendarYear": "2007", "period": "FY", "revenue": 36622000000, "costOfRevenue": 26670000000, "grossProfit": 9952000000, "grossProfitRatio": 0.2717492218, "researchAndDevelopmentExpenses": 4429000000, "generalAndAdministrativeExpenses": 5092000000, "sellingAndMarketingExpenses": 0, "sellingGeneralAndAdministrativeExpenses": 5092000000, "otherExpenses": 598000000, "operatingExpenses": 10119000000, "costAndExpenses": 36789000000, "interestIncome": 0, "interestExpense": 91000000, "depreciationAndAmortization": 903000000, "ebitda": 1279000000, "ebitdaratio": 0.0349243624, "operatingIncome": -553000000, "operatingIncomeRatio": -0.015100213, "totalOtherIncomeExpensesNet": -543000000, "incomeBeforeTax": -390000000, "incomeBeforeTaxRatio": -0.0106493365, "incomeTaxExpense": -285000000, "netIncome": -49000000, "netIncomeRatio": -0.0013379936, "eps": -0.15, "epsdiluted": -0.15, "weightedAverageShsOut": 330385383, "weightedAverageShsOutDil": 330385383, "link": "https://www.sec.gov/Archives/edgar/data/68505/000095013708002935/0000950137-08-002935-index.htm", "finalLink": "https://www.sec.gov/Archives/edgar/data/68505/000095013708002935/c23246e10vk.htm", "calculatedOtherExpenses": 984000000, "calculatedOperatingExpenses": 10505000000, "calculatedNetInterest": -91000000, "calculatedOtherIncome": 254000000, "calculatedIncomeNonControlling": -56000000, "calculatedEbitda": 350000000}, {"date": "2006-12-31", "symbol": "MSI", "reportedCurrency": "USD", "cik": "0000068505", "fillingDate": "2007-02-28", "acceptedDate": "2007-02-28 17:12:16", "calendarYear": "2006", "period": "FY", "revenue": 42879000000, "costOfRevenue": 30152000000, "grossProfit": 12727000000, "grossProfitRatio": 0.2968119592, "researchAndDevelopmentExpenses": 4106000000, "generalAndAdministrativeExpenses": 4504000000, "sellingAndMarketingExpenses": 0, "sellingGeneralAndAdministrativeExpenses": 4504000000, "otherExpenses": 25000000, "operatingExpenses": 8635000000, "costAndExpenses": 38787000000, "interestIncome": 0, "interestExpense": 326000000, "depreciationAndAmortization": 558000000, "ebitda": 4483000000, "ebitdaratio": 0.1045500128, "operatingIncome": 4092000000, "operatingIncomeRatio": 0.09543133, "totalOtherIncomeExpensesNet": 167000000, "incomeBeforeTax": 4610000000, "incomeBeforeTaxRatio": 0.1075118356, "incomeTaxExpense": 1349000000, "netIncome": 3661000000, "netIncomeRatio": 0.0853797896, "eps": 10.5, "epsdiluted": 10.22, "weightedAverageShsOut": 349471079, "weightedAverageShsOutDil": 357742499, "link": "https://www.sec.gov/Archives/edgar/data/68505/000095013707003011/0000950137-07-003011-index.htm", "finalLink": "https://www.sec.gov/Archives/edgar/data/68505/000095013707003011/c11830e10vk.htm", "calculatedOtherExpenses": 25000000, "calculatedOperatingExpenses": 8635000000, "calculatedNetInterest": -326000000, "calculatedOtherIncome": 844000000, "calculatedIncomeNonControlling": -400000000, "calculatedEbitda": 4650000000}, {"date": "2005-12-31", "symbol": "MSI", "reportedCurrency": "USD", "cik": "0000068505", "fillingDate": "2006-03-02", "acceptedDate": "2006-03-02 15:39:25", "calendarYear": "2005", "period": "FY", "revenue": 36843000000, "costOfRevenue": 25066000000, "grossProfit": 11777000000, "grossProfitRatio": 0.3196536656, "researchAndDevelopmentExpenses": 3680000000, "generalAndAdministrativeExpenses": 3859000000, "sellingAndMarketingExpenses": 0, "sellingGeneralAndAdministrativeExpenses": 3859000000, "otherExpenses": -526000000, "operatingExpenses": 7013000000, "costAndExpenses": 32079000000, "interestIncome": 0, "interestExpense": 71000000, "depreciationAndAmortization": 613000000, "ebitda": 3166000000, "ebitdaratio": 0.0859321988, "operatingIncome": 4696000000, "operatingIncomeRatio": 0.1274597617, "totalOtherIncomeExpensesNet": 2211000000, "incomeBeforeTax": 6520000000, "incomeBeforeTaxRatio": 0.1769671308, "incomeTaxExpense": 1921000000, "netIncome": 4578000000, "netIncomeRatio": 0.1242569823, "eps": 12.95, "epsdiluted": 12.67, "weightedAverageShsOut": 353042504, "weightedAverageShsOutDil": 360999639, "link": "https://www.sec.gov/Archives/edgar/data/68505/000095013706002484/0000950137-06-002484-index.htm", "finalLink": "https://www.sec.gov/Archives/edgar/data/68505/000095013706002484/c02378e10vk.htm", "calculatedOtherExpenses": -458000000, "calculatedOperatingExpenses": 7081000000, "calculatedNetInterest": -71000000, "calculatedOtherIncome": 1895000000, "calculatedIncomeNonControlling": 21000000, "calculatedEbitda": 5309000000}, {"date": "2004-12-31", "symbol": "MSI", "reportedCurrency": "USD", "cik": "0000068505", "fillingDate": "2005-03-04", "acceptedDate": "2005-03-04 17:22:26", "calendarYear": "2004", "period": "FY", "revenue": 31323000000, "costOfRevenue": 20826000000, "grossProfit": 10497000000, "grossProfitRatio": 0.335121157, "researchAndDevelopmentExpenses": 3060000000, "generalAndAdministrativeExpenses": 4209000000, "sellingAndMarketingExpenses": 0, "sellingGeneralAndAdministrativeExpenses": 4209000000, "otherExpenses": 111000000, "operatingExpenses": 7380000000, "costAndExpenses": 28206000000, "interestIncome": 0, "interestExpense": -199000000, "depreciationAndAmortization": 659000000, "ebitda": 3553000000, "ebitdaratio": 0.1134310251, "operatingIncome": 3132000000, "operatingIncomeRatio": 0.0999904224, "totalOtherIncomeExpensesNet": 223000000, "incomeBeforeTax": 3252000000, "incomeBeforeTaxRatio": 0.103821473, "incomeTaxExpense": 1061000000, "netIncome": 1532000000, "netIncomeRatio": 0.0489097468, "eps": 4.38, "epsdiluted": 4.38, "weightedAverageShsOut": 335656807, "weightedAverageShsOutDil": 353142504, "link": "https://www.sec.gov/Archives/edgar/data/68505/000095013705002687/0000950137-05-002687-index.htm", "finalLink": "https://www.sec.gov/Archives/edgar/data/68505/000095013705002687/c91705e10vk.htm", "calculatedOtherExpenses": 96000000, "calculatedOperatingExpenses": 7365000000, "calculatedNetInterest": 199000000, "calculatedOtherIncome": -79000000, "calculatedIncomeNonControlling": 659000000, "calculatedEbitda": 3791000000}, {"date": "2003-12-31", "symbol": "MSI", "reportedCurrency": "USD", "cik": "0000068505", "fillingDate": "2004-03-12", "acceptedDate": "2004-03-12 17:29:30", "calendarYear": "2003", "period": "FY", "revenue": 27058000000, "costOfRevenue": 18101000000, "grossProfit": 8957000000, "grossProfitRatio": 0.33102964, "researchAndDevelopmentExpenses": 3771000000, "generalAndAdministrativeExpenses": 4073000000, "sellingAndMarketingExpenses": 0, "sellingGeneralAndAdministrativeExpenses": 4073000000, "otherExpenses": -57000000, "operatingExpenses": 7787000000, "costAndExpenses": 25888000000, "interestIncome": 0, "interestExpense": -295000000, "depreciationAndAmortization": 1667000000, "ebitda": 2362000000, "ebitdaratio": 0.0872939611, "operatingIncome": 1084000000, "operatingIncomeRatio": 0.0400620888, "totalOtherIncomeExpensesNet": 475000000, "incomeBeforeTax": 1293000000, "incomeBeforeTaxRatio": 0.047786237, "incomeTaxExpense": 400000000, "netIncome": 893000000, "netIncomeRatio": 0.0330031784, "eps": 2.67, "epsdiluted": 2.66, "weightedAverageShsOut": 331171097, "weightedAverageShsOutDil": 335885378, "link": "https://www.sec.gov/Archives/edgar/data/68505/000119312504040743/0001193125-04-040743-index.htm", "finalLink": "https://www.sec.gov/Archives/edgar/data/68505/000119312504040743/d10k.htm", "calculatedOtherExpenses": 29000000, "calculatedOperatingExpenses": 7873000000, "calculatedNetInterest": 295000000, "calculatedOtherIncome": -86000000, "calculatedIncomeNonControlling": 0, "calculatedEbitda": 2751000000}, {"date": "2002-12-31", "symbol": "MSI", "reportedCurrency": "USD", "cik": "0000068505", "fillingDate": "2003-03-27", "acceptedDate": "2003-03-27 17:03:16", "calendarYear": "2002", "period": "FY", "revenue": 26679000000, "costOfRevenue": 17938000000, "grossProfit": 8741000000, "grossProfitRatio": 0.3276359684, "researchAndDevelopmentExpenses": 3754000000, "generalAndAdministrativeExpenses": 4203000000, "sellingAndMarketingExpenses": 0, "sellingGeneralAndAdministrativeExpenses": 4203000000, "otherExpenses": 823000000, "operatingExpenses": 8780000000, "costAndExpenses": 26718000000, "interestIncome": 0, "interestExpense": 0, "depreciationAndAmortization": 2108000000, "ebitda": 5943000000, "ebitdaratio": 0.2227594737, "operatingIncome": -1813000000, "operatingIncomeRatio": -0.0679560703, "totalOtherIncomeExpensesNet": -3874000000, "incomeBeforeTax": -3446000000, "incomeBeforeTaxRatio": -0.1291652611, "incomeTaxExpense": -961000000, "netIncome": -2485000000, "netIncomeRatio": -0.0931444207, "eps": -7.65, "epsdiluted": -7.62, "weightedAverageShsOut": 324928246, "weightedAverageShsOutDil": 326042531, "link": "https://www.sec.gov/Archives/edgar/data/68505/000104746903010564/0001047469-03-010564-index.htm", "finalLink": "https://www.sec.gov/Archives/edgar/data/68505/000104746903010564/a2106429z10-k.htm", "calculatedOtherExpenses": 2597000000, "calculatedOperatingExpenses": 10554000000, "calculatedNetInterest": 0, "calculatedOtherIncome": -1633000000, "calculatedIncomeNonControlling": 0, "calculatedEbitda": 295000000}, {"date": "2001-12-31", "symbol": "MSI", "reportedCurrency": "USD", "cik": "0000068505", "fillingDate": "2002-03-29", "acceptedDate": "2002-03-29 00:00:00", "calendarYear": "2001", "period": "FY", "revenue": 30004000000, "costOfRevenue": 21445000000, "grossProfit": 8559000000, "grossProfitRatio": 0.2852619651, "researchAndDevelopmentExpenses": 4318000000, "generalAndAdministrativeExpenses": 3703000000, "sellingAndMarketingExpenses": 0, "sellingGeneralAndAdministrativeExpenses": 3703000000, "otherExpenses": 2357000000, "operatingExpenses": 10378000000, "costAndExpenses": 31823000000, "interestIncome": 0, "interestExpense": 0, "depreciationAndAmortization": 2552000000, "ebitda": 3988000000, "ebitdaratio": 0.1329156113, "operatingIncome": -1859000000, "operatingIncomeRatio": -0.0619584055, "totalOtherIncomeExpensesNet": -3255000000, "incomeBeforeTax": -5511000000, "incomeBeforeTaxRatio": -0.1836755099, "incomeTaxExpense": -1574000000, "netIncome": -3937000000, "netIncomeRatio": -0.1312158379, "eps": -12.5, "epsdiluted": -12.45, "weightedAverageShsOut": 314956827, "weightedAverageShsOutDil": 316185398, "link": "https://www.sec.gov/Archives/edgar/data/68505/000091205702012645/0000912057-02-012645-index.htm", "finalLink": "https://www.sec.gov/Archives/edgar/data/68505/000091205702012645/a2074699z10-k.htm", "calculatedOtherExpenses": 2397000000, "calculatedOperatingExpenses": 10418000000, "calculatedNetInterest": 0, "calculatedOtherIncome": -3652000000, "calculatedIncomeNonControlling": 0, "calculatedEbitda": 693000000}, {"date": "2000-12-31", "symbol": "MSI", "reportedCurrency": "USD", "cik": "0000068505", "fillingDate": "2001-03-30", "acceptedDate": "2001-03-30 00:00:00", "calendarYear": "2000", "period": "FY", "revenue": 37580000000, "costOfRevenue": 23628000000, "grossProfit": 13952000000, "grossProfitRatio": 0.3712613092, "researchAndDevelopmentExpenses": 4437000000, "generalAndAdministrativeExpenses": 5141000000, "sellingAndMarketingExpenses": 0, "sellingGeneralAndAdministrativeExpenses": 5141000000, "otherExpenses": 2352000000, "operatingExpenses": 11930000000, "costAndExpenses": 35558000000, "interestIncome": 0, "interestExpense": 0, "depreciationAndAmortization": 2522000000, "ebitda": 4087000000, "ebitdaratio": 0.1087546567, "operatingIncome": 1690000000, "operatingIncomeRatio": 0.0449707291, "totalOtherIncomeExpensesNet": 457000000, "incomeBeforeTax": 2231000000, "incomeBeforeTaxRatio": 0.0593666844, "incomeTaxExpense": 913000000, "netIncome": 1318000000, "netIncomeRatio": 0.0350718467, "eps": 4.21, "epsdiluted": 4.06, "weightedAverageShsOut": 309156833, "weightedAverageShsOutDil": 322371106, "link": "https://www.sec.gov/Archives/edgar/data/68505/000095013701500523/0000950137-01-500523-index.htm", "finalLink": "https://www.sec.gov/Archives/edgar/data/68505/000095013701500523/c61260e10-k.txt", "calculatedOtherExpenses": 2684000000, "calculatedOperatingExpenses": 12262000000, "calculatedNetInterest": 0, "calculatedOtherIncome": 541000000, "calculatedIncomeNonControlling": 0, "calculatedEbitda": 4212000000}, {"date": "1999-12-31", "symbol": "MSI", "reportedCurrency": "USD", "cik": "0000068505", "fillingDate": "2000-03-22", "acceptedDate": "2000-03-22 00:00:00", "calendarYear": "1999", "period": "FY", "revenue": 30931000000, "costOfRevenue": 19158000000, "grossProfit": 11773000000, "grossProfitRatio": 0.3806213831, "researchAndDevelopmentExpenses": 3438000000, "generalAndAdministrativeExpenses": 5045000000, "sellingAndMarketingExpenses": 0, "sellingGeneralAndAdministrativeExpenses": 5045000000, "otherExpenses": 2193000000, "operatingExpenses": 10676000000, "costAndExpenses": 29834000000, "interestIncome": 0, "interestExpense": 0, "depreciationAndAmortization": 2193000000, "ebitda": 3064000000, "ebitdaratio": 0.0990591963, "operatingIncome": 1097000000, "operatingIncomeRatio": 0.0354660373, "totalOtherIncomeExpensesNet": 226000000, "incomeBeforeTax": 1168000000, "incomeBeforeTaxRatio": 0.0377614691, "incomeTaxExpense": 351000000, "netIncome": 817000000, "netIncomeRatio": 0.0264136303, "eps": 3.39, "epsdiluted": 2.87, "weightedAverageShsOut": 259502026, "weightedAverageShsOutDil": 314571114, "link": "https://www.sec.gov/Archives/edgar/data/68505/000095013100001895/0000950131-00-001895-index.html", "finalLink": "https://www.sec.gov/Archives/edgar/data/68505/000095013100001895/", "calculatedOtherExpenses": 2193000000, "calculatedOperatingExpenses": 10676000000, "calculatedNetInterest": 0, "calculatedOtherIncome": 71000000, "calculatedIncomeNonControlling": 0, "calculatedEbitda": 3290000000}, {"date": "1998-12-31", "symbol": "MSI", "reportedCurrency": "USD", "cik": "0000068505", "fillingDate": "1999-03-22", "acceptedDate": "1999-03-22 00:00:00", "calendarYear": "1998", "period": "FY", "revenue": 29398000000, "costOfRevenue": 20875000000, "grossProfit": 8523000000, "grossProfitRatio": 0.2899176815, "researchAndDevelopmentExpenses": 0, "generalAndAdministrativeExpenses": 5493000000, "sellingAndMarketingExpenses": 0, "sellingGeneralAndAdministrativeExpenses": 5493000000, "otherExpenses": 2208000000, "operatingExpenses": 7701000000, "costAndExpenses": 28576000000, "interestIncome": 0, "interestExpense": 0, "depreciationAndAmortization": 2208000000, "ebitda": 5010000000, "ebitdaratio": 0.1704197564, "operatingIncome": 822000000, "operatingIncomeRatio": 0.0279610858, "totalOtherIncomeExpensesNet": -1980000000, "incomeBeforeTax": -1374000000, "incomeBeforeTaxRatio": -0.0467378733, "incomeTaxExpense": -412000000, "netIncome": -962000000, "netIncomeRatio": -0.0327233145, "eps": -3.75, "epsdiluted": -3.25, "weightedAverageShsOut": 256542029, "weightedAverageShsOutDil": 295871132, "link": "https://www.sec.gov/Archives/edgar/data/68505/000095013199001635/0000950131-99-001635-index.html", "finalLink": "https://www.sec.gov/Archives/edgar/data/68505/", "calculatedOtherExpenses": 2208000000, "calculatedOperatingExpenses": 7701000000, "calculatedNetInterest": 0, "calculatedOtherIncome": -2196000000, "calculatedIncomeNonControlling": 0, "calculatedEbitda": 3030000000}, {"date": "1997-12-31", "symbol": "MSI", "reportedCurrency": "USD", "cik": "0000068505", "fillingDate": "1998-03-20", "acceptedDate": "1998-03-20 00:00:00", "calendarYear": "1997", "period": "FY", "revenue": 29794000000, "costOfRevenue": 19993000000, "grossProfit": 9801000000, "grossProfitRatio": 0.3289588508, "researchAndDevelopmentExpenses": 0, "generalAndAdministrativeExpenses": 5515000000, "sellingAndMarketingExpenses": 0, "sellingGeneralAndAdministrativeExpenses": 5515000000, "otherExpenses": 2339000000, "operatingExpenses": 7854000000, "costAndExpenses": 27847000000, "interestIncome": 0, "interestExpense": 0, "depreciationAndAmortization": 2339000000, "ebitda": 4286000000, "ebitdaratio": 0.1438544673, "operatingIncome": 1947000000, "operatingIncomeRatio": 0.0653487279, "totalOtherIncomeExpensesNet": -131000000, "incomeBeforeTax": 1816000000, "incomeBeforeTaxRatio": 0.0609518695, "incomeTaxExpense": 636000000, "netIncome": 1180000000, "netIncomeRatio": 0.0396052897, "eps": 4.62, "epsdiluted": 4.55, "weightedAverageShsOut": 255411000, "weightedAverageShsOutDil": 259340400, "link": "https://www.sec.gov/Archives/edgar/data/68505/000095013198001863/0000950131-98-001863-index.html", "finalLink": "https://www.sec.gov/Archives/edgar/data/68505/", "calculatedOtherExpenses": 2339000000, "calculatedOperatingExpenses": 7854000000, "calculatedNetInterest": 0, "calculatedOtherIncome": -131000000, "calculatedIncomeNonControlling": 0, "calculatedEbitda": 4286000000}, {"date": "1996-12-31", "symbol": "MSI", "reportedCurrency": "USD", "cik": "0000068505", "fillingDate": "1997-03-25", "acceptedDate": "1997-03-25 00:00:00", "calendarYear": "1996", "period": "FY", "revenue": 27973000000, "costOfRevenue": 18982000000, "grossProfit": 8991000000, "grossProfitRatio": 0.3214170808, "researchAndDevelopmentExpenses": 0, "generalAndAdministrativeExpenses": 4715000000, "sellingAndMarketingExpenses": 0, "sellingGeneralAndAdministrativeExpenses": 4715000000, "otherExpenses": 2316000000, "operatingExpenses": 7031000000, "costAndExpenses": 26013000000, "interestIncome": 0, "interestExpense": 0, "depreciationAndAmortization": 2316000000, "ebitda": 4276000000, "ebitdaratio": 0.1528616881, "operatingIncome": 1960000000, "operatingIncomeRatio": 0.0700675652, "totalOtherIncomeExpensesNet": -185000000, "incomeBeforeTax": 1775000000, "incomeBeforeTaxRatio": 0.063454045, "incomeTaxExpense": 621000000, "netIncome": 1154000000, "netIncomeRatio": 0.0412540664, "eps": 4.55, "epsdiluted": 4.41, "weightedAverageShsOut": 253626120, "weightedAverageShsOutDil": 261677743, "link": "https://www.sec.gov/Archives/edgar/data/68505/000095013197002031/0000950131-97-002031-index.html", "finalLink": "https://www.sec.gov/Archives/edgar/data/68505/", "calculatedOtherExpenses": 2316000000, "calculatedOperatingExpenses": 7031000000, "calculatedNetInterest": 0, "calculatedOtherIncome": -185000000, "calculatedIncomeNonControlling": 0, "calculatedEbitda": 4276000000}, {"date": "1995-12-31", "symbol": "MSI", "reportedCurrency": "USD", "cik": "0000068505", "fillingDate": "1996-03-22", "acceptedDate": "1996-03-22 00:00:00", "calendarYear": "1995", "period": "FY", "revenue": 27037000000, "costOfRevenue": 17545000000, "grossProfit": 9492000000, "grossProfitRatio": 0.3510744535, "researchAndDevelopmentExpenses": 0, "generalAndAdministrativeExpenses": 4642000000, "sellingAndMarketingExpenses": 0, "sellingGeneralAndAdministrativeExpenses": 4642000000, "otherExpenses": 1919000000, "operatingExpenses": 6561000000, "costAndExpenses": 24106000000, "interestIncome": 0, "interestExpense": 0, "depreciationAndAmortization": 1931000000, "ebitda": 4862000000, "ebitdaratio": 0.1798276436, "operatingIncome": 2931000000, "operatingIncomeRatio": 0.1084069978, "totalOtherIncomeExpensesNet": -149000000, "incomeBeforeTax": 2782000000, "incomeBeforeTaxRatio": 0.1028960314, "incomeTaxExpense": 1001000000, "netIncome": 1781000000, "netIncomeRatio": 0.065872693, "eps": 8.12, "epsdiluted": 7.91, "weightedAverageShsOut": 219334756, "weightedAverageShsOutDil": 225157803, "link": "https://www.sec.gov/Archives/edgar/data/68505/000091205796004991/0000912057-96-004991-index.html", "finalLink": "https://www.sec.gov/Archives/edgar/data/68505/", "calculatedOtherExpenses": 1919000000, "calculatedOperatingExpenses": 6561000000, "calculatedNetInterest": 0, "calculatedOtherIncome": -149000000, "calculatedIncomeNonControlling": 0, "calculatedEbitda": 4862000000}, {"date": "1994-12-31", "symbol": "MSI", "reportedCurrency": "USD", "cik": "0000068505", "fillingDate": "1995-03-24", "acceptedDate": "1995-03-24 00:00:00", "calendarYear": "1994", "period": "FY", "revenue": 22245000000, "costOfRevenue": 13760000000, "grossProfit": 8485000000, "grossProfitRatio": 0.3814340301, "researchAndDevelopmentExpenses": 0, "generalAndAdministrativeExpenses": 4381000000, "sellingAndMarketingExpenses": 0, "sellingGeneralAndAdministrativeExpenses": 4381000000, "otherExpenses": 1525000000, "operatingExpenses": 5906000000, "costAndExpenses": 19666000000, "interestIncome": 0, "interestExpense": 0, "depreciationAndAmortization": 1547000000, "ebitda": 4126000000, "ebitdaratio": 0.1854798831, "operatingIncome": 2579000000, "operatingIncomeRatio": 0.1159361654, "totalOtherIncomeExpensesNet": -142000000, "incomeBeforeTax": 2437000000, "incomeBeforeTaxRatio": 0.1095527085, "incomeTaxExpense": 877000000, "netIncome": 1560000000, "netIncomeRatio": 0.0701281187, "eps": 6.18, "epsdiluted": 6.18, "weightedAverageShsOut": 252981318, "weightedAverageShsOutDil": 254014031, "link": "https://www.sec.gov/Archives/edgar/data/68505/000091205795001682/0000912057-95-001682-index.html", "finalLink": "https://www.sec.gov/Archives/edgar/data/68505/", "calculatedOtherExpenses": 1525000000, "calculatedOperatingExpenses": 5906000000, "calculatedNetInterest": 0, "calculatedOtherIncome": -142000000, "calculatedIncomeNonControlling": 0, "calculatedEbitda": 4126000000}, {"date": "1993-12-31", "symbol": "MSI", "reportedCurrency": "USD", "cik": "0000068505", "fillingDate": "1994-03-28", "acceptedDate": "1994-03-28 00:00:00", "calendarYear": "1993", "period": "FY", "revenue": 16963000000, "costOfRevenue": 10351000000, "grossProfit": 6612000000, "grossProfitRatio": 0.3897895419, "researchAndDevelopmentExpenses": 0, "generalAndAdministrativeExpenses": 0, "sellingAndMarketingExpenses": 0, "sellingGeneralAndAdministrativeExpenses": 3776000000, "otherExpenses": 1170000000, "operatingExpenses": 4946000000, "costAndExpenses": 15297000000, "interestIncome": 0, "interestExpense": 0, "depreciationAndAmortization": 1196000000, "ebitda": 2862000000, "ebitdaratio": 0.1687201556, "operatingIncome": 1666000000, "operatingIncomeRatio": 0.0982137594, "totalOtherIncomeExpensesNet": -141000000, "incomeBeforeTax": 1525000000, "incomeBeforeTaxRatio": 0.0899015504, "incomeTaxExpense": 503000000, "netIncome": 1022000000, "netIncomeRatio": 0.0602487767, "eps": 4.13, "epsdiluted": 4.13, "weightedAverageShsOut": 250450178, "weightedAverageShsOutDil": 250450178, "link": "https://www.sec.gov/Archives/edgar/data/68505/000091205794001081/0000912057-94-001081-index.html", "finalLink": "https://www.sec.gov/Archives/edgar/data/68505/", "calculatedOtherExpenses": 1170000000, "calculatedOperatingExpenses": 4946000000, "calculatedNetInterest": 0, "calculatedOtherIncome": -141000000, "calculatedIncomeNonControlling": 0, "calculatedEbitda": 2862000000}, {"date": "1992-12-31", "symbol": "MSI", "reportedCurrency": "USD", "cik": "0000068505", "fillingDate": "1992-12-31", "acceptedDate": "1992-12-30 19:00:00", "calendarYear": "1992", "period": "FY", "revenue": 13303000000, "costOfRevenue": 8479000000, "grossProfit": 4824000000, "grossProfitRatio": 0.3626249718, "researchAndDevelopmentExpenses": 0, "generalAndAdministrativeExpenses": 0, "sellingAndMarketingExpenses": 0, "sellingGeneralAndAdministrativeExpenses": 2838000000, "otherExpenses": 1029000000, "operatingExpenses": 3867000000, "costAndExpenses": 12346000000, "interestIncome": 0, "interestExpense": 0, "depreciationAndAmortization": 1029000000, "ebitda": 1986000000, "ebitdaratio": 0.1492896339, "operatingIncome": 957000000, "operatingIncomeRatio": 0.0719386605, "totalOtherIncomeExpensesNet": -157000000, "incomeBeforeTax": 800000000, "incomeBeforeTaxRatio": 0.0601368112, "incomeTaxExpense": 224000000, "netIncome": 453000000, "netIncomeRatio": 0.0340524694, "eps": 1.96, "epsdiluted": 1.96, "weightedAverageShsOut": 231122218, "weightedAverageShsOutDil": 231122218, "link": "", "finalLink": "", "calculatedOtherExpenses": 1029000000, "calculatedOperatingExpenses": 3867000000, "calculatedNetInterest": 0, "calculatedOtherIncome": -157000000, "calculatedIncomeNonControlling": 123000000, "calculatedEbitda": 1986000000}, {"date": "1991-12-31", "symbol": "MSI", "reportedCurrency": "USD", "cik": "0000068505", "fillingDate": "1991-12-31", "acceptedDate": "1991-12-30 19:00:00", "calendarYear": "1991", "period": "FY", "revenue": 11341000000, "costOfRevenue": 7245000000, "grossProfit": 4096000000, "grossProfitRatio": 0.3611674456, "researchAndDevelopmentExpenses": 0, "generalAndAdministrativeExpenses": 0, "sellingAndMarketingExpenses": 0, "sellingGeneralAndAdministrativeExpenses": 2468000000, "otherExpenses": 886000000, "operatingExpenses": 3354000000, "costAndExpenses": 10599000000, "interestIncome": 0, "interestExpense": 0, "depreciationAndAmortization": 886000000, "ebitda": 1628000000, "ebitdaratio": 0.1435499515, "operatingIncome": 742000000, "operatingIncomeRatio": 0.0654263292, "totalOtherIncomeExpensesNet": -129000000, "incomeBeforeTax": 613000000, "incomeBeforeTaxRatio": 0.0540516709, "incomeTaxExpense": 159000000, "netIncome": 454000000, "netIncomeRatio": 0.0400317432, "eps": 2.03, "epsdiluted": 2.03, "weightedAverageShsOut": 223645097, "weightedAverageShsOutDil": 223645097, "link": "", "finalLink": "", "calculatedOtherExpenses": 886000000, "calculatedOperatingExpenses": 3354000000, "calculatedNetInterest": 0, "calculatedOtherIncome": -129000000, "calculatedIncomeNonControlling": 0, "calculatedEbitda": 1628000000}, {"date": "1990-12-31", "symbol": "MSI", "reportedCurrency": "USD", "cik": "0000068505", "fillingDate": "1990-12-31", "acceptedDate": "1990-12-30 19:00:00", "calendarYear": "1990", "period": "FY", "revenue": 10885000000, "costOfRevenue": 6882000000, "grossProfit": 4003000000, "grossProfitRatio": 0.3677537896, "researchAndDevelopmentExpenses": 0, "generalAndAdministrativeExpenses": 0, "sellingAndMarketingExpenses": 0, "sellingGeneralAndAdministrativeExpenses": 2414000000, "otherExpenses": 790000000, "operatingExpenses": 3204000000, "costAndExpenses": 10086000000, "interestIncome": 0, "interestExpense": 0, "depreciationAndAmortization": 790000000, "ebitda": 1589000000, "ebitdaratio": 0.1459807074, "operatingIncome": 799000000, "operatingIncomeRatio": 0.0734037667, "totalOtherIncomeExpensesNet": -133000000, "incomeBeforeTax": 666000000, "incomeBeforeTaxRatio": 0.0611851171, "incomeTaxExpense": 167000000, "netIncome": 499000000, "netIncomeRatio": 0.0458429031, "eps": 2.24, "epsdiluted": 2.24, "weightedAverageShsOut": 222767634, "weightedAverageShsOutDil": 222767634, "link": "", "finalLink": "", "calculatedOtherExpenses": 790000000, "calculatedOperatingExpenses": 3204000000, "calculatedNetInterest": 0, "calculatedOtherIncome": -133000000, "calculatedIncomeNonControlling": 0, "calculatedEbitda": 1589000000}, {"date": "1989-12-31", "symbol": "MSI", "reportedCurrency": "USD", "cik": "0000068505", "fillingDate": "1989-12-31", "acceptedDate": "1989-12-30 19:00:00", "calendarYear": "1989", "period": "FY", "revenue": 9620000000, "costOfRevenue": 5905000000, "grossProfit": 3715000000, "grossProfitRatio": 0.3861746362, "researchAndDevelopmentExpenses": 0, "generalAndAdministrativeExpenses": 0, "sellingAndMarketingExpenses": 0, "sellingGeneralAndAdministrativeExpenses": 2289000000, "otherExpenses": 650000000, "operatingExpenses": 2939000000, "costAndExpenses": 8844000000, "interestIncome": 0, "interestExpense": 0, "depreciationAndAmortization": 650000000, "ebitda": 1426000000, "ebitdaratio": 0.1482328482, "operatingIncome": 776000000, "operatingIncomeRatio": 0.0806652807, "totalOtherIncomeExpensesNet": -130000000, "incomeBeforeTax": 646000000, "incomeBeforeTaxRatio": 0.0671517672, "incomeTaxExpense": 148000000, "netIncome": 498000000, "netIncomeRatio": 0.0517671518, "eps": 2.24, "epsdiluted": 2.24, "weightedAverageShsOut": 222321206, "weightedAverageShsOutDil": 222321206, "link": "", "finalLink": "", "calculatedOtherExpenses": 650000000, "calculatedOperatingExpenses": 2939000000, "calculatedNetInterest": 0, "calculatedOtherIncome": -130000000, "calculatedIncomeNonControlling": 0, "calculatedEbitda": 1426000000}, {"date": "1988-12-31", "symbol": "MSI", "reportedCurrency": "USD", "cik": "0000068505", "fillingDate": "1988-12-31", "acceptedDate": "1988-12-30 19:00:00", "calendarYear": "1988", "period": "FY", "revenue": 8250000000, "costOfRevenue": 5040000000, "grossProfit": 3210000000, "grossProfitRatio": 0.3890909091, "researchAndDevelopmentExpenses": 0, "generalAndAdministrativeExpenses": 0, "sellingAndMarketingExpenses": 0, "sellingGeneralAndAdministrativeExpenses": 1957000000, "otherExpenses": 543000000, "operatingExpenses": 2500000000, "costAndExpenses": 7540000000, "interestIncome": 0, "interestExpense": 0, "depreciationAndAmortization": 543000000, "ebitda": 1253000000, "ebitdaratio": 0.1518787879, "operatingIncome": 710000000, "operatingIncomeRatio": 0.0860606061, "totalOtherIncomeExpensesNet": -98000000, "incomeBeforeTax": 612000000, "incomeBeforeTaxRatio": 0.0741818182, "incomeTaxExpense": 167000000, "netIncome": 445000000, "netIncomeRatio": 0.0539393939, "eps": 2.03, "epsdiluted": 2.03, "weightedAverageShsOut": 219211603, "weightedAverageShsOutDil": 219211603, "link": "", "finalLink": "", "calculatedOtherExpenses": 543000000, "calculatedOperatingExpenses": 2500000000, "calculatedNetInterest": 0, "calculatedOtherIncome": -98000000, "calculatedIncomeNonControlling": 0, "calculatedEbitda": 1253000000}, {"date": "1987-12-31", "symbol": "MSI", "reportedCurrency": "USD", "cik": "0000068505", "fillingDate": "1987-12-31", "acceptedDate": "1987-12-30 19:00:00", "calendarYear": "1987", "period": "FY", "revenue": 6707000000, "costOfRevenue": 4059000000, "grossProfit": 2648000000, "grossProfitRatio": 0.3948113911, "researchAndDevelopmentExpenses": 0, "generalAndAdministrativeExpenses": 0, "sellingAndMarketingExpenses": 0, "sellingGeneralAndAdministrativeExpenses": 1659000000, "otherExpenses": 494000000, "operatingExpenses": 2153000000, "costAndExpenses": 6212000000, "interestIncome": 0, "interestExpense": 0, "depreciationAndAmortization": 494000000, "ebitda": 989000000, "ebitdaratio": 0.1474578798, "operatingIncome": 495000000, "operatingIncomeRatio": 0.0738034889, "totalOtherIncomeExpensesNet": -79000000, "incomeBeforeTax": 416000000, "incomeBeforeTaxRatio": 0.0620247503, "incomeTaxExpense": 108000000, "netIncome": 308000000, "netIncomeRatio": 0.0459221709, "eps": 1.4, "epsdiluted": 1.4, "weightedAverageShsOut": 219999780, "weightedAverageShsOutDil": 219999780, "link": "", "finalLink": "", "calculatedOtherExpenses": 494000000, "calculatedOperatingExpenses": 2153000000, "calculatedNetInterest": 0, "calculatedOtherIncome": -79000000, "calculatedIncomeNonControlling": 0, "calculatedEbitda": 989000000}, {"date": "1986-12-31", "symbol": "MSI", "reportedCurrency": "USD", "cik": "0000068505", "fillingDate": "1986-12-31", "acceptedDate": "1986-12-30 19:00:00", "calendarYear": "1986", "period": "FY", "revenue": 5888000000, "costOfRevenue": 3647000000, "grossProfit": 2241000000, "grossProfitRatio": 0.3806046196, "researchAndDevelopmentExpenses": 0, "generalAndAdministrativeExpenses": 0, "sellingAndMarketingExpenses": 0, "sellingGeneralAndAdministrativeExpenses": 1431000000, "otherExpenses": 459000000, "operatingExpenses": 1890000000, "costAndExpenses": 5537000000, "interestIncome": 0, "interestExpense": 0, "depreciationAndAmortization": 459000000, "ebitda": 810000000, "ebitdaratio": 0.1375679348, "operatingIncome": 351000000, "operatingIncomeRatio": 0.0596127717, "totalOtherIncomeExpensesNet": -86000000, "incomeBeforeTax": 265000000, "incomeBeforeTaxRatio": 0.0450067935, "incomeTaxExpense": 71000000, "netIncome": 194000000, "netIncomeRatio": 0.0329483696, "eps": 0.91, "epsdiluted": 0.91, "weightedAverageShsOut": 213186600, "weightedAverageShsOutDil": 213186600, "link": "", "finalLink": "", "calculatedOtherExpenses": 459000000, "calculatedOperatingExpenses": 1890000000, "calculatedNetInterest": 0, "calculatedOtherIncome": -86000000, "calculatedIncomeNonControlling": 0, "calculatedEbitda": 810000000}, {"date": "1985-12-31", "symbol": "MSI", "reportedCurrency": "USD", "cik": "0000068505", "fillingDate": "1985-12-31", "acceptedDate": "1985-12-30 19:00:00", "calendarYear": "1985", "period": "FY", "revenue": 5443000000, "costOfRevenue": 3406000000, "grossProfit": 2037000000, "grossProfitRatio": 0.3742421459, "researchAndDevelopmentExpenses": 0, "generalAndAdministrativeExpenses": 0, "sellingAndMarketingExpenses": 0, "sellingGeneralAndAdministrativeExpenses": 1475000000, "otherExpenses": 441000000, "operatingExpenses": 1916000000, "costAndExpenses": 5322000000, "interestIncome": 0, "interestExpense": 0, "depreciationAndAmortization": 441000000, "ebitda": 562000000, "ebitdaratio": 0.1032518832, "operatingIncome": 121000000, "operatingIncomeRatio": 0.0222303877, "totalOtherIncomeExpensesNet": -76000000, "incomeBeforeTax": 45000000, "incomeBeforeTaxRatio": 0.0082674995, "incomeTaxExpense": -27000000, "netIncome": 72000000, "netIncomeRatio": 0.0132279993, "eps": 0.35, "epsdiluted": 0.35, "weightedAverageShsOut": 205714080, "weightedAverageShsOutDil": 205714080, "link": "", "finalLink": "", "calculatedOtherExpenses": 441000000, "calculatedOperatingExpenses": 1916000000, "calculatedNetInterest": 0, "calculatedOtherIncome": -76000000, "calculatedIncomeNonControlling": 0, "calculatedEbitda": 562000000}]}