{"originalCurrency": "USD", "convertedCurrency": "USD", "report": [{"date": "2023-12-31", "symbol": "MSTR", "reportedCurrency": "USD", "cik": "0001050446", "fillingDate": "2024-02-15", "acceptedDate": "2024-02-15 16:02:10", "calendarYear": "2023", "period": "FY", "revenue": 496261000, "costOfRevenue": 118044000, "grossProfit": 378217000, "grossProfitRatio": 0.7621332323, "researchAndDevelopmentExpenses": 120530000, "generalAndAdministrativeExpenses": 115312000, "sellingAndMarketingExpenses": 149671000, "sellingGeneralAndAdministrativeExpenses": 256882999, "otherExpenses": -5204000, "operatingExpenses": 377413000, "costAndExpenses": 495457000, "interestIncome": 48960000, "interestExpense": 48960000, "depreciationAndAmortization": 31270000, "ebitda": 32073999, "ebitdaratio": 0.0646313109, "operatingIncome": 804000, "operatingIncomeRatio": 0.0016201152, "totalOtherIncomeExpensesNet": -125329000, "incomeBeforeTax": -124525000, "incomeBeforeTaxRatio": -0.2509264278, "incomeTaxExpense": -553646000, "netIncome": 429121000, "netIncomeRatio": 0.8647082886, "eps": 31.39, "epsdiluted": 26.42, "weightedAverageShsOut": 13671000, "weightedAverageShsOutDil": 16565999, "link": "https://www.sec.gov/Archives/edgar/data/1050446/000095017024015847/0000950170-24-015847-index.htm", "finalLink": "https://www.sec.gov/Archives/edgar/data/1050446/000095017024015847/mstr-20231231.htm", "calculatedOtherExpenses": 1, "calculatedOperatingExpenses": 377413000, "calculatedNetInterest": 0, "calculatedOtherIncome": -125329000, "calculatedIncomeNonControlling": 0, "calculatedEbitda": 32074000}, {"date": "2022-12-31", "symbol": "MSTR", "reportedCurrency": "USD", "cik": "0001050446", "fillingDate": "2023-02-16", "acceptedDate": "2023-02-16 16:16:29", "calendarYear": "2022", "period": "FY", "revenue": 499264000, "costOfRevenue": 102989000, "grossProfit": 396275000, "grossProfitRatio": 0.7937183534, "researchAndDevelopmentExpenses": 127428000, "generalAndAdministrativeExpenses": 111421000, "sellingAndMarketingExpenses": 146882000, "sellingGeneralAndAdministrativeExpenses": 258303000, "otherExpenses": 6413000, "operatingExpenses": 385731000, "costAndExpenses": 488720000, "interestIncome": 53136000, "interestExpense": 53136000, "depreciationAndAmortization": 10874000, "ebitda": 16957000, "ebitdaratio": 0.033963995, "operatingIncome": 6083000, "operatingIncomeRatio": 0.0121839348, "totalOtherIncomeExpensesNet": -1328548000, "incomeBeforeTax": -1322465000, "incomeBeforeTaxRatio": -2.6488290764, "incomeTaxExpense": 147332000, "netIncome": -1469797000, "netIncomeRatio": -2.9439274612, "eps": -129.83, "epsdiluted": -129.83, "weightedAverageShsOut": 11321000, "weightedAverageShsOutDil": 11321000, "link": "https://www.sec.gov/Archives/edgar/data/1050446/000156459023002012/0001564590-23-002012-index.htm", "finalLink": "https://www.sec.gov/Archives/edgar/data/1050446/000156459023002012/mstr-10k_20221231.htm", "calculatedOtherExpenses": 4461000, "calculatedOperatingExpenses": 390192000, "calculatedNetInterest": 0, "calculatedOtherIncome": -1328548000, "calculatedIncomeNonControlling": 0, "calculatedEbitda": 16957000}, {"date": "2021-12-31", "symbol": "MSTR", "reportedCurrency": "USD", "cik": "0001050446", "fillingDate": "2022-02-16", "acceptedDate": "2022-02-15 21:45:16", "calendarYear": "2021", "period": "FY", "revenue": 510762000, "costOfRevenue": 91909000, "grossProfit": 418853000, "grossProfitRatio": 0.8200551333, "researchAndDevelopmentExpenses": 117117000, "generalAndAdministrativeExpenses": 95501000, "sellingAndMarketingExpenses": 160141000, "sellingGeneralAndAdministrativeExpenses": 255642000, "otherExpenses": 2287000, "operatingExpenses": 372759000, "costAndExpenses": 464668000, "interestIncome": 29149000, "interestExpense": -29149000, "depreciationAndAmortization": 11358000, "ebitda": 888073000, "ebitdaratio": 1.738721753, "operatingIncome": 876715000, "operatingIncomeRatio": 1.71648439, "totalOtherIncomeExpensesNet": -1688104000, "incomeBeforeTax": -811389000, "incomeBeforeTaxRatio": -1.5885852902, "incomeTaxExpense": -275909000, "netIncome": -535480000, "netIncomeRatio": -1.0483943598, "eps": -53.44, "epsdiluted": -53.44, "weightedAverageShsOut": 10020000, "weightedAverageShsOutDil": 10020000, "link": "https://www.sec.gov/Archives/edgar/data/1050446/000156459022005287/0001564590-22-005287-index.htm", "finalLink": "https://www.sec.gov/Archives/edgar/data/1050446/000156459022005287/mstr-10k_20211231.htm", "calculatedOtherExpenses": -830621000, "calculatedOperatingExpenses": -457862000, "calculatedNetInterest": 58298000, "calculatedOtherIncome": -1746402000, "calculatedIncomeNonControlling": 0, "calculatedEbitda": 888073000}, {"date": "2020-12-31", "symbol": "MSTR", "reportedCurrency": "USD", "cik": "0001050446", "fillingDate": "2021-02-12", "acceptedDate": "2021-02-12 16:13:09", "calendarYear": "2020", "period": "FY", "revenue": 480735000, "costOfRevenue": 91055000, "grossProfit": 389680000, "grossProfitRatio": 0.8105921142, "researchAndDevelopmentExpenses": 103561000, "generalAndAdministrativeExpenses": 80136000, "sellingAndMarketingExpenses": 148910000, "sellingGeneralAndAdministrativeExpenses": 229046000, "otherExpenses": -7038000, "operatingExpenses": 332607000, "costAndExpenses": 423662000, "interestIncome": 710000, "interestExpense": 1814000, "depreciationAndAmortization": 13332000, "ebitda": 141103000, "ebitdaratio": 0.2935151383, "operatingIncome": 127771000, "operatingIncomeRatio": 0.2657826037, "totalOtherIncomeExpensesNet": -147724000, "incomeBeforeTax": -19953000, "incomeBeforeTaxRatio": -0.0415051952, "incomeTaxExpense": -12429000, "netIncome": -7524000, "netIncomeRatio": -0.0156510344, "eps": -0.78, "epsdiluted": -0.78, "weightedAverageShsOut": 9684000, "weightedAverageShsOutDil": 9684000, "link": "https://www.sec.gov/Archives/edgar/data/1050446/000156459021005783/0001564590-21-005783-index.htm", "finalLink": "https://www.sec.gov/Archives/edgar/data/1050446/000156459021005783/mstr-10k_20201231.htm", "calculatedOtherExpenses": -70698000, "calculatedOperatingExpenses": 261909000, "calculatedNetInterest": -1104000, "calculatedOtherIncome": -146620000, "calculatedIncomeNonControlling": 0, "calculatedEbitda": 141103000}, {"date": "2019-12-31", "symbol": "MSTR", "reportedCurrency": "USD", "cik": "0001050446", "fillingDate": "2020-02-14", "acceptedDate": "2020-02-13 21:05:18", "calendarYear": "2019", "period": "FY", "revenue": 486327000, "costOfRevenue": 99974000, "grossProfit": 386353000, "grossProfitRatio": 0.7944304964, "researchAndDevelopmentExpenses": 109423000, "generalAndAdministrativeExpenses": 86697000, "sellingAndMarketingExpenses": 191235000, "sellingGeneralAndAdministrativeExpenses": 277932000, "otherExpenses": 28356000, "operatingExpenses": 387355000, "costAndExpenses": 487329000, "interestIncome": 10909000, "interestExpense": 0, "depreciationAndAmortization": 16699000, "ebitda": 15697000, "ebitdaratio": 0.0322766369, "operatingIncome": -1002000, "operatingIncomeRatio": -0.0020603421, "totalOtherIncomeExpensesNet": 39265000, "incomeBeforeTax": 38263000, "incomeBeforeTaxRatio": 0.0786775153, "incomeTaxExpense": 3908000, "netIncome": 34355000, "netIncomeRatio": 0.0706417698, "eps": 3.35, "epsdiluted": 3.33, "weightedAverageShsOut": 10256000, "weightedAverageShsOutDil": 10328000, "link": "https://www.sec.gov/Archives/edgar/data/1050446/000156459020004679/0001564590-20-004679-index.htm", "finalLink": "https://www.sec.gov/Archives/edgar/data/1050446/000156459020004679/mstr-10k_20191231.htm", "calculatedOtherExpenses": 0, "calculatedOperatingExpenses": 387355000, "calculatedNetInterest": 10909000, "calculatedOtherIncome": 28356000, "calculatedIncomeNonControlling": 0, "calculatedEbitda": 15697000}, {"date": "2018-12-31", "symbol": "MSTR", "reportedCurrency": "USD", "cik": "0001050446", "fillingDate": "2019-02-20", "acceptedDate": "2019-02-20 16:58:12", "calendarYear": "2018", "period": "FY", "revenue": 497638000, "costOfRevenue": 99499000, "grossProfit": 398139000, "grossProfitRatio": 0.8000574715, "researchAndDevelopmentExpenses": 102499000, "generalAndAdministrativeExpenses": 86134000, "sellingAndMarketingExpenses": 205525000, "sellingGeneralAndAdministrativeExpenses": 291659000, "otherExpenses": 4646000, "operatingExpenses": 394158000, "costAndExpenses": 493657000, "interestIncome": 11855000, "interestExpense": 0, "depreciationAndAmortization": 3701000, "ebitda": 7682000, "ebitdaratio": 0.015436924, "operatingIncome": 3981000, "operatingIncomeRatio": 0.007999791, "totalOtherIncomeExpensesNet": 4646000, "incomeBeforeTax": 20482000, "incomeBeforeTaxRatio": 0.0411584324, "incomeTaxExpense": -2019000, "netIncome": 22501000, "netIncomeRatio": 0.0452155985, "eps": 1.98, "epsdiluted": 1.97, "weightedAverageShsOut": 11375000, "weightedAverageShsOutDil": 11412000, "link": "https://www.sec.gov/Archives/edgar/data/1050446/000156459019003468/0001564590-19-003468-index.htm", "finalLink": "https://www.sec.gov/Archives/edgar/data/1050446/000156459019003468/mstr-10k_20181231.htm", "calculatedOtherExpenses": 0, "calculatedOperatingExpenses": 394158000, "calculatedNetInterest": 11855000, "calculatedOtherIncome": 4646000, "calculatedIncomeNonControlling": 0, "calculatedEbitda": 7682000}, {"date": "2017-12-31", "symbol": "MSTR", "reportedCurrency": "USD", "cik": "0001050446", "fillingDate": "2018-02-07", "acceptedDate": "2018-02-07 17:00:46", "calendarYear": "2017", "period": "FY", "revenue": 504543000, "costOfRevenue": 96649000, "grossProfit": 407894000, "grossProfitRatio": 0.8084424915, "researchAndDevelopmentExpenses": 78766000, "generalAndAdministrativeExpenses": 80161000, "sellingAndMarketingExpenses": 174612000, "sellingGeneralAndAdministrativeExpenses": 254773000, "otherExpenses": -6953000, "operatingExpenses": 333539000, "costAndExpenses": 430188000, "interestIncome": 5205000, "interestExpense": 0, "depreciationAndAmortization": 12572000, "ebitda": 86927000, "ebitdaratio": 0.1722885859, "operatingIncome": 74355000, "operatingIncomeRatio": 0.1473709872, "totalOtherIncomeExpensesNet": -6953000, "incomeBeforeTax": 72607000, "incomeBeforeTaxRatio": 0.1439064659, "incomeTaxExpense": 54964000, "netIncome": 17643000, "netIncomeRatio": 0.0349682782, "eps": 1.59, "epsdiluted": 1.58, "weightedAverageShsOut": 11444000, "weightedAverageShsOutDil": 11547000, "link": "https://www.sec.gov/Archives/edgar/data/1050446/000156459018001547/0001564590-18-001547-index.htm", "finalLink": "https://www.sec.gov/Archives/edgar/data/1050446/000156459018001547/mstr-10k_20171231.htm", "calculatedOtherExpenses": 0, "calculatedOperatingExpenses": 333539000, "calculatedNetInterest": 5205000, "calculatedOtherIncome": -6953000, "calculatedIncomeNonControlling": 0, "calculatedEbitda": 86927000}, {"date": "2016-12-31", "symbol": "MSTR", "reportedCurrency": "USD", "cik": "0001050446", "fillingDate": "2017-02-10", "acceptedDate": "2017-02-10 17:20:39", "calendarYear": "2016", "period": "FY", "revenue": 512161000, "costOfRevenue": 93147000, "grossProfit": 419014000, "grossProfitRatio": 0.8181294554, "researchAndDevelopmentExpenses": 73142000, "generalAndAdministrativeExpenses": 79462000, "sellingAndMarketingExpenses": 158740000, "sellingGeneralAndAdministrativeExpenses": 238202000, "otherExpenses": 3218000, "operatingExpenses": 311344000, "costAndExpenses": 404491000, "interestIncome": 2203000, "interestExpense": 0, "depreciationAndAmortization": 17195000, "ebitda": 124910000, "ebitdaratio": 0.2438881524, "operatingIncome": 107625000, "operatingIncomeRatio": 0.2101389993, "totalOtherIncomeExpensesNet": 3173000, "incomeBeforeTax": 113046000, "incomeBeforeTaxRatio": 0.2207235615, "incomeTaxExpense": 22138000, "netIncome": 90908000, "netIncomeRatio": 0.1774988724, "eps": 8.07, "epsdiluted": 8.01, "weightedAverageShsOut": 11425000, "weightedAverageShsOutDil": 11516000, "link": "https://www.sec.gov/Archives/edgar/data/1050446/000156459017001395/0001564590-17-001395-index.htm", "finalLink": "https://www.sec.gov/Archives/edgar/data/1050446/000156459017001395/mstr-10k_20161231.htm", "calculatedOtherExpenses": 45000, "calculatedOperatingExpenses": 311389000, "calculatedNetInterest": 2203000, "calculatedOtherIncome": 3218000, "calculatedIncomeNonControlling": 0, "calculatedEbitda": 124820000}, {"date": "2015-12-31", "symbol": "MSTR", "reportedCurrency": "USD", "cik": "0001050446", "fillingDate": "2016-02-26", "acceptedDate": "2016-02-26 09:12:57", "calendarYear": "2015", "period": "FY", "revenue": 529869000, "costOfRevenue": 101108000, "grossProfit": 428761000, "grossProfitRatio": 0.8091830245, "researchAndDevelopmentExpenses": 65206000, "generalAndAdministrativeExpenses": 80732000, "sellingAndMarketingExpenses": 148522000, "sellingGeneralAndAdministrativeExpenses": 229254000, "otherExpenses": 3558000, "operatingExpenses": 294460000, "costAndExpenses": 395568000, "interestIncome": 284000, "interestExpense": 0, "depreciationAndAmortization": 21214000, "ebitda": 155794000, "ebitdaratio": 0.2940236172, "operatingIncome": 134022000, "operatingIncomeRatio": 0.2529342158, "totalOtherIncomeExpensesNet": 3279000, "incomeBeforeTax": 137864000, "incomeBeforeTaxRatio": 0.2601850646, "incomeTaxExpense": 31933000, "netIncome": 105931000, "netIncomeRatio": 0.1999192253, "eps": 9.33, "epsdiluted": 9.18, "weightedAverageShsOut": 11355000, "weightedAverageShsOutDil": 11539000, "link": "https://www.sec.gov/Archives/edgar/data/1050446/000119312516479811/0001193125-16-479811-index.htm", "finalLink": "https://www.sec.gov/Archives/edgar/data/1050446/000119312516479811/d102713d10k.htm", "calculatedOtherExpenses": 279000, "calculatedOperatingExpenses": 294739000, "calculatedNetInterest": 284000, "calculatedOtherIncome": 3558000, "calculatedIncomeNonControlling": 0, "calculatedEbitda": 155236000}, {"date": "2014-12-31", "symbol": "MSTR", "reportedCurrency": "USD", "cik": "0001050446", "fillingDate": "2015-02-26", "acceptedDate": "2015-02-26 16:34:10", "calendarYear": "2014", "period": "FY", "revenue": 579830000, "costOfRevenue": 135210000, "grossProfit": 444620000, "grossProfitRatio": 0.7668109618, "researchAndDevelopmentExpenses": 103355000, "generalAndAdministrativeExpenses": 96343000, "sellingAndMarketingExpenses": 225086000, "sellingGeneralAndAdministrativeExpenses": 321429000, "otherExpenses": 5785000, "operatingExpenses": 424784000, "costAndExpenses": 559994000, "interestIncome": 162000, "interestExpense": 0, "depreciationAndAmortization": 25295000, "ebitda": 59863000, "ebitdaratio": 0.1032423296, "operatingIncome": 5104000, "operatingIncomeRatio": 0.0088025801, "totalOtherIncomeExpensesNet": -8947000, "incomeBeforeTax": 11051000, "incomeBeforeTaxRatio": 0.0190590345, "incomeTaxExpense": 6016000, "netIncome": 5035000, "netIncomeRatio": 0.0086835797, "eps": 0.45, "epsdiluted": 0.44, "weightedAverageShsOut": 11301000, "weightedAverageShsOutDil": 11356000, "link": "https://www.sec.gov/Archives/edgar/data/1050446/000119312515065807/0001193125-15-065807-index.htm", "finalLink": "https://www.sec.gov/Archives/edgar/data/1050446/000119312515065807/d831933d10k.htm", "calculatedOtherExpenses": 14732000, "calculatedOperatingExpenses": 439516000, "calculatedNetInterest": 162000, "calculatedOtherIncome": 5785000, "calculatedIncomeNonControlling": 0, "calculatedEbitda": 30399000}, {"date": "2013-12-31", "symbol": "MSTR", "reportedCurrency": "USD", "cik": "0001050446", "fillingDate": "2014-02-12", "acceptedDate": "2014-02-12 16:50:09", "calendarYear": "2013", "period": "FY", "revenue": 575888000, "costOfRevenue": 138569000, "grossProfit": 437319000, "grossProfitRatio": 0.7593820326, "researchAndDevelopmentExpenses": 98056000, "generalAndAdministrativeExpenses": 104734000, "sellingAndMarketingExpenses": 215089000, "sellingGeneralAndAdministrativeExpenses": 319823000, "otherExpenses": -3186000, "operatingExpenses": 417879000, "costAndExpenses": 556448000, "interestIncome": 497000, "interestExpense": 0, "depreciationAndAmortization": 26399000, "ebitda": 45839000, "ebitdaratio": 0.0795970744, "operatingIncome": 19440000, "operatingIncomeRatio": 0.0337565638, "totalOtherIncomeExpensesNet": -3186000, "incomeBeforeTax": 16751000, "incomeBeforeTaxRatio": 0.0290872531, "incomeTaxExpense": -9799000, "netIncome": 83332000, "netIncomeRatio": 0.1447017476, "eps": 7.37, "epsdiluted": 7.37, "weightedAverageShsOut": 11300000, "weightedAverageShsOutDil": 11301000, "link": "https://www.sec.gov/Archives/edgar/data/1050446/000119312514048295/0001193125-14-048295-index.htm", "finalLink": "https://www.sec.gov/Archives/edgar/data/1050446/000119312514048295/d639132d10k.htm", "calculatedOtherExpenses": 0, "calculatedOperatingExpenses": 417879000, "calculatedNetInterest": 497000, "calculatedOtherIncome": -3186000, "calculatedIncomeNonControlling": -56782000, "calculatedEbitda": 45839000}, {"date": "2012-12-31", "symbol": "MSTR", "reportedCurrency": "USD", "cik": "0001050446", "fillingDate": "2013-02-13", "acceptedDate": "2013-02-13 17:17:17", "calendarYear": "2012", "period": "FY", "revenue": 594606000, "costOfRevenue": 152792000, "grossProfit": 441814000, "grossProfitRatio": 0.7430365654, "researchAndDevelopmentExpenses": 94565000, "generalAndAdministrativeExpenses": 97251000, "sellingAndMarketingExpenses": 219845000, "sellingGeneralAndAdministrativeExpenses": 317096000, "otherExpenses": -1063000, "operatingExpenses": 411661000, "costAndExpenses": 564453000, "interestIncome": 141000, "interestExpense": 0, "depreciationAndAmortization": 24519000, "ebitda": 54672000, "ebitdaratio": 0.0919465999, "operatingIncome": 30153000, "operatingIncomeRatio": 0.0507108909, "totalOtherIncomeExpensesNet": -1063000, "incomeBeforeTax": 29231000, "incomeBeforeTaxRatio": 0.0491602843, "incomeTaxExpense": 8685000, "netIncome": 20546000, "netIncomeRatio": 0.0345539736, "eps": 1.87, "epsdiluted": 1.84, "weightedAverageShsOut": 10995000, "weightedAverageShsOutDil": 11174000, "link": "https://www.sec.gov/Archives/edgar/data/1050446/000119312513055763/0001193125-13-055763-index.htm", "finalLink": "https://www.sec.gov/Archives/edgar/data/1050446/000119312513055763/d448003d10k.htm", "calculatedOtherExpenses": 0, "calculatedOperatingExpenses": 411661000, "calculatedNetInterest": 141000, "calculatedOtherIncome": -1063000, "calculatedIncomeNonControlling": 0, "calculatedEbitda": 54672000}, {"date": "2011-12-31", "symbol": "MSTR", "reportedCurrency": "USD", "cik": "0001050446", "fillingDate": "2012-02-17", "acceptedDate": "2012-02-17 16:54:05", "calendarYear": "2011", "period": "FY", "revenue": 562150000, "costOfRevenue": 142020000, "grossProfit": 420130000, "grossProfitRatio": 0.7473628035, "researchAndDevelopmentExpenses": 72618000, "generalAndAdministrativeExpenses": 89441000, "sellingAndMarketingExpenses": 243029000, "sellingGeneralAndAdministrativeExpenses": 332470000, "otherExpenses": 0, "operatingExpenses": 405088000, "costAndExpenses": 547108000, "interestIncome": 0, "interestExpense": 0, "depreciationAndAmortization": 18526000, "ebitda": 29509000, "ebitdaratio": 0.0524931068, "operatingIncome": 15042000, "operatingIncomeRatio": 0.0267579827, "totalOtherIncomeExpensesNet": 4059000, "incomeBeforeTax": 19300000, "incomeBeforeTaxRatio": 0.0343324735, "incomeTaxExpense": 1360000, "netIncome": 17940000, "netIncomeRatio": 0.0319131904, "eps": 1.67, "epsdiluted": 1.62, "weightedAverageShsOut": 10719000, "weightedAverageShsOutDil": 11066000, "link": "https://www.sec.gov/Archives/edgar/data/1050446/000119312512067605/0001193125-12-067605-index.htm", "finalLink": "https://www.sec.gov/Archives/edgar/data/1050446/000119312512067605/d255827d10k.htm", "calculatedOtherExpenses": 0, "calculatedOperatingExpenses": 405088000, "calculatedNetInterest": 0, "calculatedOtherIncome": 4258000, "calculatedIncomeNonControlling": 0, "calculatedEbitda": 33568000}, {"date": "2010-12-31", "symbol": "MSTR", "reportedCurrency": "USD", "cik": "0001050446", "fillingDate": "2011-02-18", "acceptedDate": "2011-02-18 17:20:01", "calendarYear": "2010", "period": "FY", "revenue": 454577000, "costOfRevenue": 106091000, "grossProfit": 348486000, "grossProfitRatio": 0.7666159968, "researchAndDevelopmentExpenses": 50566000, "generalAndAdministrativeExpenses": 81599000, "sellingAndMarketingExpenses": 165732000, "sellingGeneralAndAdministrativeExpenses": 247331000, "otherExpenses": 0, "operatingExpenses": 297897000, "costAndExpenses": 403988000, "interestIncome": 0, "interestExpense": 0, "depreciationAndAmortization": 12799000, "ebitda": 59406000, "ebitdaratio": 0.1306841305, "operatingIncome": 50589000, "operatingIncomeRatio": 0.1112880766, "totalOtherIncomeExpensesNet": 3982000, "incomeBeforeTax": 54960000, "incomeBeforeTaxRatio": 0.1209036093, "incomeTaxExpense": 11168000, "netIncome": 43792000, "netIncomeRatio": 0.0963357143, "eps": 3.85, "epsdiluted": 3.72, "weightedAverageShsOut": 11378000, "weightedAverageShsOutDil": 11779000, "link": "https://www.sec.gov/Archives/edgar/data/1050446/000119312511040481/0001193125-11-040481-index.htm", "finalLink": "https://www.sec.gov/Archives/edgar/data/1050446/000119312511040481/d10k.htm", "calculatedOtherExpenses": 0, "calculatedOperatingExpenses": 297897000, "calculatedNetInterest": 0, "calculatedOtherIncome": 4371000, "calculatedIncomeNonControlling": 0, "calculatedEbitda": 63388000}, {"date": "2009-12-31", "symbol": "MSTR", "reportedCurrency": "USD", "cik": "0001050446", "fillingDate": "2010-02-24", "acceptedDate": "2010-02-24 16:13:36", "calendarYear": "2009", "period": "FY", "revenue": 377788000, "costOfRevenue": 66603000, "grossProfit": 311185000, "grossProfitRatio": 0.8237027116, "researchAndDevelopmentExpenses": 41796000, "generalAndAdministrativeExpenses": 54613000, "sellingAndMarketingExpenses": 128472000, "sellingGeneralAndAdministrativeExpenses": 183085000, "otherExpenses": 0, "operatingExpenses": 224881000, "costAndExpenses": 291484000, "interestIncome": 0, "interestExpense": 0, "depreciationAndAmortization": 10631000, "ebitda": 98394000, "ebitdaratio": 0.2604476585, "operatingIncome": 86304000, "operatingIncomeRatio": 0.2284455832, "totalOtherIncomeExpensesNet": -1459000, "incomeBeforeTax": 85800000, "incomeBeforeTaxRatio": 0.2271115017, "incomeTaxExpense": 25293000, "netIncome": 74837000, "netIncomeRatio": 0.198092581, "eps": 6.28, "epsdiluted": 6.09, "weightedAverageShsOut": 11906000, "weightedAverageShsOutDil": 12284000, "link": "https://www.sec.gov/Archives/edgar/data/1050446/000119312510038870/0001193125-10-038870-index.htm", "finalLink": "https://www.sec.gov/Archives/edgar/data/1050446/000119312510038870/d10k.htm", "calculatedOtherExpenses": 0, "calculatedOperatingExpenses": 224881000, "calculatedNetInterest": 0, "calculatedOtherIncome": -504000, "calculatedIncomeNonControlling": -14330000, "calculatedEbitda": 96935000}, {"date": "2008-12-31", "symbol": "MSTR", "reportedCurrency": "USD", "cik": "0001050446", "fillingDate": "2009-02-24", "acceptedDate": "2009-02-23 21:54:52", "calendarYear": "2008", "period": "FY", "revenue": 360393000, "costOfRevenue": 63406000, "grossProfit": 296987000, "grossProfitRatio": 0.8240642854, "researchAndDevelopmentExpenses": 30571000, "generalAndAdministrativeExpenses": 60933000, "sellingAndMarketingExpenses": 137683000, "sellingGeneralAndAdministrativeExpenses": 198616000, "otherExpenses": 0, "operatingExpenses": 229187000, "costAndExpenses": 292593000, "interestIncome": 0, "interestExpense": 0, "depreciationAndAmortization": 6399000, "ebitda": 73494000, "ebitdaratio": 0.2039273793, "operatingIncome": 67800000, "operatingIncomeRatio": 0.1881279603, "totalOtherIncomeExpensesNet": 705000, "incomeBeforeTax": 70771000, "incomeBeforeTaxRatio": 0.1963717386, "incomeTaxExpense": 29003000, "netIncome": 41833000, "netIncomeRatio": 0.1160760614, "eps": 3.52, "epsdiluted": 3.4, "weightedAverageShsOut": 11886000, "weightedAverageShsOutDil": 12303000, "link": "https://www.sec.gov/Archives/edgar/data/1050446/000119312509035421/0001193125-09-035421-index.htm", "finalLink": "https://www.sec.gov/Archives/edgar/data/1050446/000119312509035421/d10k.htm", "calculatedOtherExpenses": 0, "calculatedOperatingExpenses": 229187000, "calculatedNetInterest": 0, "calculatedOtherIncome": 2971000, "calculatedIncomeNonControlling": -65000, "calculatedEbitda": 74199000}, {"date": "2007-12-31", "symbol": "MSTR", "reportedCurrency": "USD", "cik": "0001050446", "fillingDate": "2008-02-19", "acceptedDate": "2008-02-15 19:48:29", "calendarYear": "2007", "period": "FY", "revenue": 350674000, "costOfRevenue": 60494000, "grossProfit": 290180000, "grossProfitRatio": 0.8274922007, "researchAndDevelopmentExpenses": 36662000, "generalAndAdministrativeExpenses": 165225000, "sellingAndMarketingExpenses": 111552000, "sellingGeneralAndAdministrativeExpenses": 165225000, "otherExpenses": 71000, "operatingExpenses": 201958000, "costAndExpenses": 262452000, "interestIncome": 0, "interestExpense": 0, "depreciationAndAmortization": 7596000, "ebitda": 96501000, "ebitdaratio": 0.2751872109, "operatingIncome": 88222000, "operatingIncomeRatio": 0.251578389, "totalOtherIncomeExpensesNet": -683000, "incomeBeforeTax": 91187000, "incomeBeforeTaxRatio": 0.2600335354, "incomeTaxExpense": 32719000, "netIncome": 58468000, "netIncomeRatio": 0.1667303535, "eps": 4.74, "epsdiluted": 4.55, "weightedAverageShsOut": 12325000, "weightedAverageShsOutDil": 12853000, "link": "https://www.sec.gov/Archives/edgar/data/1050446/000119312508032765/0001193125-08-032765-index.htm", "finalLink": "https://www.sec.gov/Archives/edgar/data/1050446/000119312508032765/d10k.htm", "calculatedOtherExpenses": 71000, "calculatedOperatingExpenses": 201958000, "calculatedNetInterest": 0, "calculatedOtherIncome": 2965000, "calculatedIncomeNonControlling": 0, "calculatedEbitda": 95818000}, {"date": "2006-12-31", "symbol": "MSTR", "reportedCurrency": "USD", "cik": "0001050446", "fillingDate": "2007-02-23", "acceptedDate": "2007-02-23 16:31:21", "calendarYear": "2006", "period": "FY", "revenue": 313823000, "costOfRevenue": 44386000, "grossProfit": 269437000, "grossProfitRatio": 0.8585635852, "researchAndDevelopmentExpenses": 34133000, "generalAndAdministrativeExpenses": 135444000, "sellingAndMarketingExpenses": 88416000, "sellingGeneralAndAdministrativeExpenses": 135444000, "otherExpenses": 71000, "operatingExpenses": 169648000, "costAndExpenses": 214034000, "interestIncome": 0, "interestExpense": 0, "depreciationAndAmortization": 7635000, "ebitda": 108672000, "ebitdaratio": 0.3462843705, "operatingIncome": 99789000, "operatingIncomeRatio": 0.3179786058, "totalOtherIncomeExpensesNet": -1248000, "incomeBeforeTax": 101361000, "incomeBeforeTaxRatio": 0.3229877989, "incomeTaxExpense": 30485000, "netIncome": 70876000, "netIncomeRatio": 0.2258470539, "eps": 5.46, "epsdiluted": 5.2, "weightedAverageShsOut": 12987000, "weightedAverageShsOutDil": 13633000, "link": "https://www.sec.gov/Archives/edgar/data/1050446/000119312507038385/0001193125-07-038385-index.htm", "finalLink": "https://www.sec.gov/Archives/edgar/data/1050446/000119312507038385/d10k.htm", "calculatedOtherExpenses": 71000, "calculatedOperatingExpenses": 169648000, "calculatedNetInterest": 0, "calculatedOtherIncome": 1572000, "calculatedIncomeNonControlling": 0, "calculatedEbitda": 107424000}, {"date": "2005-12-31", "symbol": "MSTR", "reportedCurrency": "USD", "cik": "0001050446", "fillingDate": "2006-03-10", "acceptedDate": "2006-03-09 18:47:53", "calendarYear": "2005", "period": "FY", "revenue": 268662000, "costOfRevenue": 36451000, "grossProfit": 232211000, "grossProfitRatio": 0.8643239461, "researchAndDevelopmentExpenses": 31471000, "generalAndAdministrativeExpenses": 106802000, "sellingAndMarketingExpenses": 70420000, "sellingGeneralAndAdministrativeExpenses": 106802000, "otherExpenses": 71000, "operatingExpenses": 138344000, "costAndExpenses": 174795000, "interestIncome": 2974000, "interestExpense": -94000, "depreciationAndAmortization": 8496000, "ebitda": 100940000, "ebitdaratio": 0.3757137221, "operatingIncome": 93867000, "operatingIncomeRatio": 0.3493869621, "totalOtherIncomeExpensesNet": 1423000, "incomeBeforeTax": 98170000, "incomeBeforeTaxRatio": 0.3654033693, "incomeTaxExpense": 33427000, "netIncome": 64743000, "netIncomeRatio": 0.240983094, "eps": 4.38, "epsdiluted": 4.19, "weightedAverageShsOut": 14768000, "weightedAverageShsOutDil": 15436000, "link": "https://www.sec.gov/Archives/edgar/data/1050446/000119312506049859/0001193125-06-049859-index.htm", "finalLink": "https://www.sec.gov/Archives/edgar/data/1050446/000119312506049859/d10k.htm", "calculatedOtherExpenses": 71000, "calculatedOperatingExpenses": 138344000, "calculatedNetInterest": 3068000, "calculatedOtherIncome": 1235000, "calculatedIncomeNonControlling": 0, "calculatedEbitda": 102363000}, {"date": "2004-12-31", "symbol": "MSTR", "reportedCurrency": "USD", "cik": "0001050446", "fillingDate": "2005-03-16", "acceptedDate": "2005-03-16 07:23:54", "calendarYear": "2004", "period": "FY", "revenue": 231208000, "costOfRevenue": 32871000, "grossProfit": 198337000, "grossProfitRatio": 0.8578293139, "researchAndDevelopmentExpenses": 24915000, "generalAndAdministrativeExpenses": 104901000, "sellingAndMarketingExpenses": 69924000, "sellingGeneralAndAdministrativeExpenses": 104901000, "otherExpenses": 71000, "operatingExpenses": 129887000, "costAndExpenses": 162758000, "interestIncome": 1221000, "interestExpense": -53000, "depreciationAndAmortization": 8323000, "ebitda": 77071000, "ebitdaratio": 0.3333405418, "operatingIncome": 68450000, "operatingIncomeRatio": 0.2960537698, "totalOtherIncomeExpensesNet": -298000, "incomeBeforeTax": 69320000, "incomeBeforeTaxRatio": 0.2998166153, "incomeTaxExpense": -98993000, "netIncome": 168313000, "netIncomeRatio": 0.7279722155, "eps": 10.48, "epsdiluted": 9.83, "weightedAverageShsOut": 16055000, "weightedAverageShsOutDil": 17119000, "link": "https://www.sec.gov/Archives/edgar/data/1050446/000119312505051836/0001193125-05-051836-index.htm", "finalLink": "https://www.sec.gov/Archives/edgar/data/1050446/000119312505051836/d10k.htm", "calculatedOtherExpenses": 71000, "calculatedOperatingExpenses": 129887000, "calculatedNetInterest": 1274000, "calculatedOtherIncome": -404000, "calculatedIncomeNonControlling": 0, "calculatedEbitda": 76773000}, {"date": "2003-12-31", "symbol": "MSTR", "reportedCurrency": "USD", "cik": "0001050446", "fillingDate": "2004-03-12", "acceptedDate": "2004-03-11 18:02:25", "calendarYear": "2003", "period": "FY", "revenue": 175577000, "costOfRevenue": 27985000, "grossProfit": 147592000, "grossProfitRatio": 0.8406112418, "researchAndDevelopmentExpenses": 27684000, "generalAndAdministrativeExpenses": 90055000, "sellingAndMarketingExpenses": 57475000, "sellingGeneralAndAdministrativeExpenses": 90055000, "otherExpenses": 182000, "operatingExpenses": 117921000, "costAndExpenses": 145906000, "interestIncome": 644000, "interestExpense": -5109000, "depreciationAndAmortization": 8834000, "ebitda": 70966000, "ebitdaratio": 0.4041873366, "operatingIncome": 27972000, "operatingIncomeRatio": 0.1593147166, "totalOtherIncomeExpensesNet": -32461000, "incomeBeforeTax": -7255000, "incomeBeforeTaxRatio": -0.0413209019, "incomeTaxExpense": -2587000, "netIncome": -3903000, "netIncomeRatio": -0.0222295631, "eps": -0.26, "epsdiluted": -0.26, "weightedAverageShsOut": 14804000, "weightedAverageShsOutDil": 14804000, "link": "https://www.sec.gov/Archives/edgar/data/1050446/000119312504039331/0001193125-04-039331-index.htm", "finalLink": "https://www.sec.gov/Archives/edgar/data/1050446/000119312504039331/d10k.htm", "calculatedOtherExpenses": 1881000, "calculatedOperatingExpenses": 119620000, "calculatedNetInterest": 5753000, "calculatedOtherIncome": -40980000, "calculatedIncomeNonControlling": -765000, "calculatedEbitda": 36806000}, {"date": "2002-12-31", "symbol": "MSTR", "reportedCurrency": "USD", "cik": "0001050446", "fillingDate": "2003-03-14", "acceptedDate": "2003-03-13 21:18:42", "calendarYear": "2002", "period": "FY", "revenue": 147827000, "costOfRevenue": 27900000, "grossProfit": 119927000, "grossProfitRatio": 0.8112658716, "researchAndDevelopmentExpenses": 26297000, "generalAndAdministrativeExpenses": 75814000, "sellingAndMarketingExpenses": 48179000, "sellingGeneralAndAdministrativeExpenses": 75814000, "otherExpenses": 3195000, "operatingExpenses": 105306000, "costAndExpenses": 133206000, "interestIncome": 728000, "interestExpense": -8413000, "depreciationAndAmortization": 13111000, "ebitda": -4639000, "ebitdaratio": -0.0313812768, "operatingIncome": 10423000, "operatingIncomeRatio": 0.0705080939, "totalOtherIncomeExpensesNet": 32371000, "incomeBeforeTax": 39307000, "incomeBeforeTaxRatio": 0.2658986518, "incomeTaxExpense": 1190000, "netIncome": 38117000, "netIncomeRatio": 0.2578487015, "eps": 3.2, "epsdiluted": 3.12, "weightedAverageShsOut": 11676000, "weightedAverageShsOutDil": 11986000, "link": "https://www.sec.gov/Archives/edgar/data/1050446/000095016803000687/0000950168-03-000687-index.htm", "finalLink": "https://www.sec.gov/Archives/edgar/data/1050446/000095016803000687/d10k.htm", "calculatedOtherExpenses": 7393000, "calculatedOperatingExpenses": 109504000, "calculatedNetInterest": 9141000, "calculatedOtherIncome": 19743000, "calculatedIncomeNonControlling": 0, "calculatedEbitda": 23534000}, {"date": "2001-12-31", "symbol": "MSTR", "reportedCurrency": "USD", "cik": "0001050446", "fillingDate": "2002-03-19", "acceptedDate": "2002-03-19 00:00:00", "calendarYear": "2001", "period": "FY", "revenue": 180416000, "costOfRevenue": 45643000, "grossProfit": 134773000, "grossProfitRatio": 0.7470124601, "researchAndDevelopmentExpenses": 32819000, "generalAndAdministrativeExpenses": 111960000, "sellingAndMarketingExpenses": 0, "sellingGeneralAndAdministrativeExpenses": 111960000, "otherExpenses": 17251000, "operatingExpenses": 162030000, "costAndExpenses": 207673000, "interestIncome": 0, "interestExpense": 0, "depreciationAndAmortization": 29560000, "ebitda": 17410000, "ebitdaratio": 0.0964992018, "operatingIncome": -66720000, "operatingIncomeRatio": -0.3698119901, "totalOtherIncomeExpensesNet": -15107000, "incomeBeforeTax": -45594000, "incomeBeforeTaxRatio": -0.2527159454, "incomeTaxExpense": 2460000, "netIncome": -80868000, "netIncomeRatio": -0.4482307556, "eps": -9.34, "epsdiluted": -9.34, "weightedAverageShsOut": 8658700, "weightedAverageShsOutDil": 8658700, "link": "https://www.sec.gov/Archives/edgar/data/1050446/000091664102000466/0000916641-02-000466-index.htm", "finalLink": "https://www.sec.gov/Archives/edgar/data/1050446/000091664102000466/d10k405.txt", "calculatedOtherExpenses": 56714000, "calculatedOperatingExpenses": 201493000, "calculatedNetInterest": 0, "calculatedOtherIncome": 21126000, "calculatedIncomeNonControlling": 32814000, "calculatedEbitda": -37160000}, {"date": "2000-12-31", "symbol": "MSTR", "reportedCurrency": "USD", "cik": "0001050446", "fillingDate": "2001-04-02", "acceptedDate": "2001-04-02 00:00:00", "calendarYear": "2000", "period": "FY", "revenue": 223930000, "costOfRevenue": 70477000, "grossProfit": 153453000, "grossProfitRatio": 0.6852721833, "researchAndDevelopmentExpenses": 61433000, "generalAndAdministrativeExpenses": 209857000, "sellingAndMarketingExpenses": 0, "sellingGeneralAndAdministrativeExpenses": 209857000, "otherExpenses": 35161000, "operatingExpenses": 306451000, "costAndExpenses": 376928000, "interestIncome": 0, "interestExpense": 0, "depreciationAndAmortization": 35161000, "ebitda": -8004000, "ebitdaratio": -0.0357433126, "operatingIncome": -152998000, "operatingIncomeRatio": -0.6832402983, "totalOtherIncomeExpensesNet": -109833000, "incomeBeforeTax": -259906000, "incomeBeforeTaxRatio": -1.1606573483, "incomeTaxExpense": 1400000, "netIncome": -261306000, "netIncomeRatio": -1.166909302, "eps": -327.53, "epsdiluted": -327.53, "weightedAverageShsOut": 797800, "weightedAverageShsOutDil": 797800, "link": "https://www.sec.gov/Archives/edgar/data/1050446/000091664101500027/0000916641-01-500027-index.htm", "finalLink": "https://www.sec.gov/Archives/edgar/data/1050446/000091664101500027/d10k.txt", "calculatedOtherExpenses": 35161000, "calculatedOperatingExpenses": 306451000, "calculatedNetInterest": 0, "calculatedOtherIncome": -106908000, "calculatedIncomeNonControlling": 0, "calculatedEbitda": -117837000}, {"date": "1999-12-31", "symbol": "MSTR", "reportedCurrency": "USD", "cik": "0001050446", "fillingDate": "2000-04-13", "acceptedDate": "2000-04-13 00:00:00", "calendarYear": "1999", "period": "FY", "revenue": 151258000, "costOfRevenue": 28925000, "grossProfit": 122333000, "grossProfitRatio": 0.8087704452, "researchAndDevelopmentExpenses": 27998000, "generalAndAdministrativeExpenses": 117960000, "sellingAndMarketingExpenses": 0, "sellingGeneralAndAdministrativeExpenses": 117960000, "otherExpenses": 8108000, "operatingExpenses": 154066000, "costAndExpenses": 182991000, "interestIncome": 0, "interestExpense": 0, "depreciationAndAmortization": 8108000, "ebitda": -20831000, "ebitdaratio": -0.1377183356, "operatingIncome": -31733000, "operatingIncomeRatio": -0.2097938621, "totalOtherIncomeExpensesNet": -2794000, "incomeBeforeTax": -32497000, "incomeBeforeTaxRatio": -0.2148448347, "incomeTaxExpense": 1246000, "netIncome": -33743000, "netIncomeRatio": -0.2230824155, "eps": -2.19, "epsdiluted": -2.19, "weightedAverageShsOut": 15405600, "weightedAverageShsOutDil": 15405600, "link": "https://www.sec.gov/Archives/edgar/data/1050446/000092838500001133/0000928385-00-001133-index.html", "finalLink": "https://www.sec.gov/Archives/edgar/data/1050446/000092838500001133/", "calculatedOtherExpenses": 8108000, "calculatedOperatingExpenses": 154066000, "calculatedNetInterest": 0, "calculatedOtherIncome": -764000, "calculatedIncomeNonControlling": 0, "calculatedEbitda": -23625000}, {"date": "1998-12-31", "symbol": "MSTR", "reportedCurrency": "USD", "cik": "0001050446", "fillingDate": "1999-03-25", "acceptedDate": "1999-03-25 00:00:00", "calendarYear": "1998", "period": "FY", "revenue": 106400000, "costOfRevenue": 16500000, "grossProfit": 89900000, "grossProfitRatio": 0.844924812, "researchAndDevelopmentExpenses": 12100000, "generalAndAdministrativeExpenses": 65200000, "sellingAndMarketingExpenses": 0, "sellingGeneralAndAdministrativeExpenses": 65200000, "otherExpenses": 3300000, "operatingExpenses": 80600000, "costAndExpenses": 97100000, "interestIncome": 0, "interestExpense": 0, "depreciationAndAmortization": 3300000, "ebitda": 10900000, "ebitdaratio": 0.102443609, "operatingIncome": 9300000, "operatingIncomeRatio": 0.087406015, "totalOtherIncomeExpensesNet": 1700000, "incomeBeforeTax": 10300000, "incomeBeforeTaxRatio": 0.0968045113, "incomeTaxExpense": 3400000, "netIncome": 6900000, "netIncomeRatio": 0.0648496241, "eps": -0.15, "epsdiluted": -0.15, "weightedAverageShsOut": 13397200, "weightedAverageShsOutDil": 13397200, "link": "https://www.sec.gov/Archives/edgar/data/1050446/000092838599000941/0000928385-99-000941-index.html", "finalLink": "https://www.sec.gov/Archives/edgar/data/1050446/", "calculatedOtherExpenses": 3300000, "calculatedOperatingExpenses": 80600000, "calculatedNetInterest": 0, "calculatedOtherIncome": 1000000, "calculatedIncomeNonControlling": 0, "calculatedEbitda": 12600000}, {"date": "1997-12-31", "symbol": "MSTR", "reportedCurrency": "USD", "cik": "0001050446", "fillingDate": "1997-12-31", "acceptedDate": "1997-12-30 19:00:00", "calendarYear": "1997", "period": "FY", "revenue": 53600000, "costOfRevenue": 9900000, "grossProfit": 43700000, "grossProfitRatio": 0.8152985075, "researchAndDevelopmentExpenses": 5000000, "generalAndAdministrativeExpenses": 0, "sellingAndMarketingExpenses": 0, "sellingGeneralAndAdministrativeExpenses": 37100000, "otherExpenses": 1200000, "operatingExpenses": 43300000, "costAndExpenses": 53200000, "interestIncome": 0, "interestExpense": 0, "depreciationAndAmortization": 1200000, "ebitda": 1300000, "ebitdaratio": 0.0242537313, "operatingIncome": 400000, "operatingIncomeRatio": 0.0074626866, "totalOtherIncomeExpensesNet": 300000, "incomeBeforeTax": 700000, "incomeBeforeTaxRatio": 0.0130597015, "incomeTaxExpense": 100000, "netIncome": 300000, "netIncomeRatio": 0.0055970149, "eps": -1, "epsdiluted": -1, "weightedAverageShsOut": 1179760, "weightedAverageShsOutDil": 1179760, "link": "", "finalLink": "", "calculatedOtherExpenses": 1200000, "calculatedOperatingExpenses": 43300000, "calculatedNetInterest": 0, "calculatedOtherIncome": 300000, "calculatedIncomeNonControlling": 300000, "calculatedEbitda": 1600000}]}