{"originalCurrency": "USD", "convertedCurrency": "USD", "report": [{"date": "2023-12-31", "symbol": "MTB", "reportedCurrency": "USD", "cik": "0000036270", "fillingDate": "2024-02-21", "acceptedDate": "2024-02-21 16:37:54", "calendarYear": "2023", "period": "FY", "revenue": 9398000000, "costOfRevenue": -826000000, "grossProfit": 10224000000, "grossProfitRatio": 1.0878910406, "researchAndDevelopmentExpenses": 0, "generalAndAdministrativeExpenses": 3115000000, "sellingAndMarketingExpenses": 108000000, "sellingGeneralAndAdministrativeExpenses": 3223000000, "otherExpenses": -1862000000, "operatingExpenses": 108000000, "costAndExpenses": 108000000, "interestIncome": 10224000000, "interestExpense": 3109000000, "depreciationAndAmortization": 497000000, "ebitda": 3619000000, "ebitdaratio": 0.3850819323, "operatingIncome": 3619000000, "operatingIncomeRatio": 0.3850819323, "totalOtherIncomeExpensesNet": 3619000000, "incomeBeforeTax": 3619000000, "incomeBeforeTaxRatio": 0.3850819323, "incomeTaxExpense": 878000000, "netIncome": 2741000000, "netIncomeRatio": 0.2916577995, "eps": 15.85, "epsdiluted": 15.78, "weightedAverageShsOut": 166361000, "weightedAverageShsOutDil": 167002000, "link": "https://www.sec.gov/Archives/edgar/data/36270/000095017024017990/0000950170-24-017990-index.htm", "finalLink": "https://www.sec.gov/Archives/edgar/data/36270/000095017024017990/mtb-20231231.htm", "calculatedOtherExpenses": 3382000000, "calculatedOperatingExpenses": 6605000000, "calculatedNetInterest": 7115000000, "calculatedOtherIncome": -7115000000, "calculatedIncomeNonControlling": 0, "calculatedEbitda": 4116000000}, {"date": "2022-12-31", "symbol": "MTB", "reportedCurrency": "USD", "cik": "0000036270", "fillingDate": "2023-02-22", "acceptedDate": "2023-02-22 16:55:46", "calendarYear": "2022", "period": "FY", "revenue": 8042559000, "costOfRevenue": 0, "grossProfit": 8042559000, "grossProfitRatio": 1, "researchAndDevelopmentExpenses": 0, "generalAndAdministrativeExpenses": 2877625000, "sellingAndMarketingExpenses": 90748000, "sellingGeneralAndAdministrativeExpenses": 2968373000, "otherExpenses": -2877625000, "operatingExpenses": 90748000, "costAndExpenses": 90748000, "interestIncome": 6247120000, "interestExpense": 425164000, "depreciationAndAmortization": 55624000, "ebitda": 3091911000, "ebitdaratio": 0.3844436827, "operatingIncome": 3036287000, "operatingIncomeRatio": 0.377527476, "totalOtherIncomeExpensesNet": -425164000, "incomeBeforeTax": 2611123000, "incomeBeforeTaxRatio": 0.3246632073, "incomeTaxExpense": 619460000, "netIncome": 1992000000, "netIncomeRatio": 0.2476823608, "eps": 11.59, "epsdiluted": 11.53, "weightedAverageShsOut": 163174000, "weightedAverageShsOutDil": 164030000, "link": "https://www.sec.gov/Archives/edgar/data/36270/000095017023003804/0000950170-23-003804-index.htm", "finalLink": "https://www.sec.gov/Archives/edgar/data/36270/000095017023003804/mtb-20221231.htm", "calculatedOtherExpenses": 2037899000, "calculatedOperatingExpenses": 5006272000, "calculatedNetInterest": 5821956000, "calculatedOtherIncome": -6247120000, "calculatedIncomeNonControlling": -337000, "calculatedEbitda": 3091911000}, {"date": "2021-12-31", "symbol": "MTB", "reportedCurrency": "USD", "cik": "0000036270", "fillingDate": "2022-02-16", "acceptedDate": "2022-02-16 16:56:03", "calendarYear": "2021", "period": "FY", "revenue": 5991772000, "costOfRevenue": 0, "grossProfit": 5991772000, "grossProfitRatio": 1, "researchAndDevelopmentExpenses": 0, "generalAndAdministrativeExpenses": 2115381000, "sellingAndMarketingExpenses": 64428000, "sellingGeneralAndAdministrativeExpenses": 2179809000, "otherExpenses": -5716432000, "operatingExpenses": -3536623000, "costAndExpenses": -3536623000, "interestIncome": 3938784000, "interestExpense": 114006000, "depreciationAndAmortization": 10167000, "ebitda": 2465316000, "ebitdaratio": 0.4114502354, "operatingIncome": 2455149000, "operatingIncomeRatio": 0.4097534085, "totalOtherIncomeExpensesNet": 2362973000, "incomeBeforeTax": 2455149000, "incomeBeforeTaxRatio": 0.4097534085, "incomeTaxExpense": 596403000, "netIncome": 1859000000, "netIncomeRatio": 0.3102588016, "eps": 13.81, "epsdiluted": 13.8, "weightedAverageShsOut": 128649000, "weightedAverageShsOutDil": 128812000, "link": "https://www.sec.gov/Archives/edgar/data/36270/000156459022005400/0001564590-22-005400-index.htm", "finalLink": "https://www.sec.gov/Archives/edgar/data/36270/000156459022005400/mtb-10k_20211231.htm", "calculatedOtherExpenses": 1356814000, "calculatedOperatingExpenses": 3536623000, "calculatedNetInterest": 3824778000, "calculatedOtherIncome": -3824778000, "calculatedIncomeNonControlling": -254000, "calculatedEbitda": 2465316000}, {"date": "2020-12-31", "symbol": "MTB", "reportedCurrency": "USD", "cik": "0000036270", "fillingDate": "2021-02-22", "acceptedDate": "2021-02-22 17:02:04", "calendarYear": "2020", "period": "FY", "revenue": 5954761000, "costOfRevenue": 0, "grossProfit": 5954761000, "grossProfitRatio": 1, "researchAndDevelopmentExpenses": 0, "generalAndAdministrativeExpenses": 2004495000, "sellingAndMarketingExpenses": 61904000, "sellingGeneralAndAdministrativeExpenses": 2066399000, "otherExpenses": -6251639000, "operatingExpenses": -4185240000, "costAndExpenses": -4185240000, "interestIncome": 4192712000, "interestExpense": 326395000, "depreciationAndAmortization": 14869000, "ebitda": 1784390000, "ebitdaratio": 0.2996577025, "operatingIncome": 1769521000, "operatingIncomeRatio": 0.2971607089, "totalOtherIncomeExpensesNet": 1634842000, "incomeBeforeTax": 1769521000, "incomeBeforeTaxRatio": 0.2971607089, "incomeTaxExpense": 416369000, "netIncome": 1353152000, "netIncomeRatio": 0.2272386751, "eps": 9.94, "epsdiluted": 9.94, "weightedAverageShsOut": 128638000, "weightedAverageShsOutDil": 128704000, "link": "https://www.sec.gov/Archives/edgar/data/36270/000156459021007188/0001564590-21-007188-index.htm", "finalLink": "https://www.sec.gov/Archives/edgar/data/36270/000156459021007188/mtb-10k_20201231.htm", "calculatedOtherExpenses": 2118841000, "calculatedOperatingExpenses": 4185240000, "calculatedNetInterest": 3866317000, "calculatedOtherIncome": -3866317000, "calculatedIncomeNonControlling": 0, "calculatedEbitda": 1784390000}, {"date": "2019-12-31", "symbol": "MTB", "reportedCurrency": "USD", "cik": "0000036270", "fillingDate": "2020-02-20", "acceptedDate": "2020-02-19 19:12:12", "calendarYear": "2019", "period": "FY", "revenue": 6191943000, "costOfRevenue": 0, "grossProfit": 6191943000, "grossProfitRatio": 1, "researchAndDevelopmentExpenses": 0, "generalAndAdministrativeExpenses": 1942332000, "sellingAndMarketingExpenses": 93472000, "sellingGeneralAndAdministrativeExpenses": 2035804000, "otherExpenses": -5680486000, "operatingExpenses": -3644682000, "costAndExpenses": -3644682000, "interestIncome": 4879593000, "interestExpense": 749329000, "depreciationAndAmortization": 19490000, "ebitda": 2566751000, "ebitdaratio": 0.4145307862, "operatingIncome": 2547261000, "operatingIncomeRatio": 0.4113831474, "totalOtherIncomeExpensesNet": 2442061000, "incomeBeforeTax": 2547261000, "incomeBeforeTaxRatio": 0.4113831474, "incomeTaxExpense": 618112000, "netIncome": 1929149000, "netIncomeRatio": 0.3115579391, "eps": 13.76, "epsdiluted": 13.75, "weightedAverageShsOut": 134428000, "weightedAverageShsOutDil": 134462000, "link": "https://www.sec.gov/Archives/edgar/data/36270/000156459020005365/0001564590-20-005365-index.htm", "finalLink": "https://www.sec.gov/Archives/edgar/data/36270/000156459020005365/mtb-10k_20191231.htm", "calculatedOtherExpenses": 1608878000, "calculatedOperatingExpenses": 3644682000, "calculatedNetInterest": 4130264000, "calculatedOtherIncome": -4130264000, "calculatedIncomeNonControlling": 0, "calculatedEbitda": 2566751000}, {"date": "2018-12-31", "symbol": "MTB", "reportedCurrency": "USD", "cik": "0000036270", "fillingDate": "2019-02-20", "acceptedDate": "2019-02-20 16:53:06", "calendarYear": "2018", "period": "FY", "revenue": 5928302000, "costOfRevenue": 0, "grossProfit": 5928302000, "grossProfitRatio": 1, "researchAndDevelopmentExpenses": 0, "generalAndAdministrativeExpenses": 1820790000, "sellingAndMarketingExpenses": 85710000, "sellingGeneralAndAdministrativeExpenses": 1906500000, "otherExpenses": -4800153000, "operatingExpenses": -2893653000, "costAndExpenses": -2893653000, "interestIncome": 4598711000, "interestExpense": 526409000, "depreciationAndAmortization": 179005000, "ebitda": 3213654000, "ebitdaratio": 0.542086756, "operatingIncome": 3034649000, "operatingIncomeRatio": 0.5118917693, "totalOtherIncomeExpensesNet": -526409000, "incomeBeforeTax": 2508240000, "incomeBeforeTaxRatio": 0.4230958544, "incomeTaxExpense": 590160000, "netIncome": 1918080000, "netIncomeRatio": 0.3235462701, "eps": 13.85, "epsdiluted": 13.85, "weightedAverageShsOut": 138509769, "weightedAverageShsOutDil": 138509769, "link": "https://www.sec.gov/Archives/edgar/data/36270/000156459019003467/0001564590-19-003467-index.htm", "finalLink": "https://www.sec.gov/Archives/edgar/data/36270/000156459019003467/mtb-10k_20181231.htm", "calculatedOtherExpenses": 987153000, "calculatedOperatingExpenses": 2893653000, "calculatedNetInterest": 4072302000, "calculatedOtherIncome": -4598711000, "calculatedIncomeNonControlling": 0, "calculatedEbitda": 3213654000}, {"date": "2017-12-31", "symbol": "MTB", "reportedCurrency": "USD", "cik": "0000036270", "fillingDate": "2018-02-22", "acceptedDate": "2018-02-22 15:22:45", "calendarYear": "2017", "period": "FY", "revenue": 5632187000, "costOfRevenue": 0, "grossProfit": 5632187000, "grossProfitRatio": 1, "researchAndDevelopmentExpenses": 0, "generalAndAdministrativeExpenses": 1752600000, "sellingAndMarketingExpenses": 69203000, "sellingGeneralAndAdministrativeExpenses": 1821803000, "otherExpenses": -1196447000, "operatingExpenses": 69203000, "costAndExpenses": 69203000, "interestIncome": 4167795000, "interestExpense": 386751000, "depreciationAndAmortization": 31366000, "ebitda": 2907738000, "ebitdaratio": 0.5162715656, "operatingIncome": 2876372000, "operatingIncomeRatio": 0.5107025033, "totalOtherIncomeExpensesNet": -552510000, "incomeBeforeTax": 2323862000, "incomeBeforeTaxRatio": 0.4126038429, "incomeTaxExpense": 915556000, "netIncome": 1408306000, "netIncomeRatio": 0.2500460301, "eps": 8.72, "epsdiluted": 8.7, "weightedAverageShsOut": 152238188, "weightedAverageShsOutDil": 152551000, "link": "https://www.sec.gov/Archives/edgar/data/36270/000156459018002855/0001564590-18-002855-index.htm", "finalLink": "https://www.sec.gov/Archives/edgar/data/36270/000156459018002855/mtb-10k_20171231.htm", "calculatedOtherExpenses": 934012000, "calculatedOperatingExpenses": 2755815000, "calculatedNetInterest": 3781044000, "calculatedOtherIncome": -4333554000, "calculatedIncomeNonControlling": 0, "calculatedEbitda": 2907738000}, {"date": "2016-12-31", "symbol": "MTB", "reportedCurrency": "USD", "cik": "0000036270", "fillingDate": "2017-02-22", "acceptedDate": "2017-02-22 17:09:34", "calendarYear": "2016", "period": "FY", "revenue": 5295883000, "costOfRevenue": 0, "grossProfit": 5295883000, "grossProfitRatio": 1, "researchAndDevelopmentExpenses": 0, "generalAndAdministrativeExpenses": 1728645000, "sellingAndMarketingExpenses": 87137000, "sellingGeneralAndAdministrativeExpenses": 1815782000, "otherExpenses": -1042007000, "operatingExpenses": 87137000, "costAndExpenses": 87137000, "interestIncome": 3895871000, "interestExpense": 425984000, "depreciationAndAmortization": 42613000, "ebitda": 2684973000, "ebitdaratio": 0.5069925072, "operatingIncome": 2642360000, "operatingIncomeRatio": 0.4989460681, "totalOtherIncomeExpensesNet": -583962000, "incomeBeforeTax": 2058398000, "incomeBeforeTaxRatio": 0.388678904, "incomeTaxExpense": 743284000, "netIncome": 1315114000, "netIncomeRatio": 0.248327616, "eps": 7.8, "epsdiluted": 7.78, "weightedAverageShsOut": 156856538, "weightedAverageShsOutDil": 157304000, "link": "https://www.sec.gov/Archives/edgar/data/36270/000156459017002016/0001564590-17-002016-index.htm", "finalLink": "https://www.sec.gov/Archives/edgar/data/36270/000156459017002016/mtb-10k_20161231.htm", "calculatedOtherExpenses": 837741000, "calculatedOperatingExpenses": 2653523000, "calculatedNetInterest": 3469887000, "calculatedOtherIncome": -4053849000, "calculatedIncomeNonControlling": 0, "calculatedEbitda": 2684973000}, {"date": "2015-12-31", "symbol": "MTB", "reportedCurrency": "USD", "cik": "0000036270", "fillingDate": "2016-02-19", "acceptedDate": "2016-02-19 15:44:44", "calendarYear": "2015", "period": "FY", "revenue": 4681891000, "costOfRevenue": 0, "grossProfit": 4681891000, "grossProfitRatio": 1, "researchAndDevelopmentExpenses": 0, "generalAndAdministrativeExpenses": 1601643000, "sellingAndMarketingExpenses": 59148000, "sellingGeneralAndAdministrativeExpenses": 1601643000, "otherExpenses": -4131660000, "operatingExpenses": -2530017000, "costAndExpenses": -2530017000, "interestIncome": 3170844000, "interestExpense": 328257000, "depreciationAndAmortization": 26424000, "ebitda": 2178298000, "ebitdaratio": 0.4652602976, "operatingIncome": 2151874000, "operatingIncomeRatio": 0.4596164242, "totalOtherIncomeExpensesNet": -477182000, "incomeBeforeTax": 1674692000, "incomeBeforeTaxRatio": 0.3576956405, "incomeTaxExpense": 595025000, "netIncome": 1079667000, "netIncomeRatio": 0.2306048987, "eps": 7.22, "epsdiluted": 7.18, "weightedAverageShsOut": 136803878, "weightedAverageShsOutDil": 137533000, "link": "https://www.sec.gov/Archives/edgar/data/36270/000119312516469957/0001193125-16-469957-index.htm", "finalLink": "https://www.sec.gov/Archives/edgar/data/36270/000119312516469957/d60049d10k.htm", "calculatedOtherExpenses": 928374000, "calculatedOperatingExpenses": 2530017000, "calculatedNetInterest": 2842587000, "calculatedOtherIncome": -3319769000, "calculatedIncomeNonControlling": 0, "calculatedEbitda": 2178298000}, {"date": "2014-12-31", "symbol": "MTB", "reportedCurrency": "USD", "cik": "0000036270", "fillingDate": "2015-02-20", "acceptedDate": "2015-02-20 16:18:46", "calendarYear": "2014", "period": "FY", "revenue": 4472391000, "costOfRevenue": 0, "grossProfit": 4472391000, "grossProfitRatio": 1, "researchAndDevelopmentExpenses": 0, "generalAndAdministrativeExpenses": 1460481000, "sellingAndMarketingExpenses": 47111000, "sellingGeneralAndAdministrativeExpenses": 1460481000, "otherExpenses": -3898673000, "operatingExpenses": -2438192000, "costAndExpenses": -2438192000, "interestIncome": 2956877000, "interestExpense": 280431000, "depreciationAndAmortization": 33824000, "ebitda": 2068023000, "ebitdaratio": 0.4623976303, "operatingIncome": 2034199000, "operatingIncomeRatio": 0.4548347852, "totalOtherIncomeExpensesNet": -445337000, "incomeBeforeTax": 1588862000, "incomeBeforeTaxRatio": 0.3552600835, "incomeTaxExpense": 522616000, "netIncome": 1066246000, "netIncomeRatio": 0.2384062574, "eps": 7.47, "epsdiluted": 7.42, "weightedAverageShsOut": 131001473, "weightedAverageShsOutDil": 131844000, "link": "https://www.sec.gov/Archives/edgar/data/36270/000119312515056342/0001193125-15-056342-index.htm", "finalLink": "https://www.sec.gov/Archives/edgar/data/36270/000119312515056342/d837418d10k.htm", "calculatedOtherExpenses": 977711000, "calculatedOperatingExpenses": 2438192000, "calculatedNetInterest": 2676446000, "calculatedOtherIncome": -3121783000, "calculatedIncomeNonControlling": 0, "calculatedEbitda": 2068023000}, {"date": "2013-12-31", "symbol": "MTB", "reportedCurrency": "USD", "cik": "0000036270", "fillingDate": "2014-02-21", "acceptedDate": "2014-02-21 16:29:51", "calendarYear": "2013", "period": "FY", "revenue": 4554560000, "costOfRevenue": 0, "grossProfit": 4554560000, "grossProfitRatio": 1, "researchAndDevelopmentExpenses": 0, "generalAndAdministrativeExpenses": 1424762000, "sellingAndMarketingExpenses": 56597000, "sellingGeneralAndAdministrativeExpenses": 1424762000, "otherExpenses": -3820845000, "operatingExpenses": -2396083000, "costAndExpenses": -2396083000, "interestIncome": 2957334000, "interestExpense": 284105000, "depreciationAndAmortization": 46912000, "ebitda": 2205389000, "ebitdaratio": 0.4842155993, "operatingIncome": 2158477000, "operatingIncomeRatio": 0.4739155923, "totalOtherIncomeExpensesNet": -440928000, "incomeBeforeTax": 1717549000, "incomeBeforeTaxRatio": 0.3771053625, "incomeTaxExpense": 579069000, "netIncome": 1138480000, "netIncomeRatio": 0.2499648704, "eps": 8.26, "epsdiluted": 8.2, "weightedAverageShsOut": 137830508, "weightedAverageShsOutDil": 137830508, "link": "https://www.sec.gov/Archives/edgar/data/36270/000119312514062812/0001193125-14-062812-index.htm", "finalLink": "https://www.sec.gov/Archives/edgar/data/36270/000119312514062812/d631624d10k.htm", "calculatedOtherExpenses": 971321000, "calculatedOperatingExpenses": 2396083000, "calculatedNetInterest": 2673229000, "calculatedOtherIncome": -3114157000, "calculatedIncomeNonControlling": 0, "calculatedEbitda": 2205389000}, {"date": "2012-12-31", "symbol": "MTB", "reportedCurrency": "USD", "cik": "0000036270", "fillingDate": "2013-02-25", "acceptedDate": "2013-02-22 18:04:22", "calendarYear": "2012", "period": "FY", "revenue": 4287297000, "costOfRevenue": 0, "grossProfit": 4287297000, "grossProfitRatio": 1, "researchAndDevelopmentExpenses": 0, "generalAndAdministrativeExpenses": 1415650000, "sellingAndMarketingExpenses": 52388000, "sellingGeneralAndAdministrativeExpenses": 1415650000, "otherExpenses": -3663322000, "operatingExpenses": -2247672000, "costAndExpenses": -2247672000, "interestIncome": 2941685000, "interestExpense": 343169000, "depreciationAndAmortization": 60631000, "ebitda": 2100256000, "ebitdaratio": 0.4898788211, "operatingIncome": 2039625000, "operatingIncomeRatio": 0.4757368104, "totalOtherIncomeExpensesNet": -487099000, "incomeBeforeTax": 1552526000, "incomeBeforeTaxRatio": 0.3621223349, "incomeTaxExpense": 523028000, "netIncome": 1029498000, "netIncomeRatio": 0.2401275209, "eps": 7.57, "epsdiluted": 7.54, "weightedAverageShsOut": 135997094, "weightedAverageShsOutDil": 135997094, "link": "https://www.sec.gov/Archives/edgar/data/36270/000119312513071824/0001193125-13-071824-index.htm", "finalLink": "https://www.sec.gov/Archives/edgar/data/36270/000119312513071824/d440871d10k.htm", "calculatedOtherExpenses": 832022000, "calculatedOperatingExpenses": 2247672000, "calculatedNetInterest": 2598516000, "calculatedOtherIncome": -3085615000, "calculatedIncomeNonControlling": 0, "calculatedEbitda": 2100256000}, {"date": "2011-12-31", "symbol": "MTB", "reportedCurrency": "USD", "cik": "0000036270", "fillingDate": "2012-02-23", "acceptedDate": "2012-02-23 15:43:54", "calendarYear": "2011", "period": "FY", "revenue": 4073934000, "costOfRevenue": 77035000, "grossProfit": 3996899000, "grossProfitRatio": 0.981090759, "researchAndDevelopmentExpenses": 0, "generalAndAdministrativeExpenses": 1345140000, "sellingAndMarketingExpenses": 0, "sellingGeneralAndAdministrativeExpenses": 1345140000, "otherExpenses": 77035000, "operatingExpenses": 1422175000, "costAndExpenses": 1499210000, "interestIncome": 2792087000, "interestExpense": 402331000, "depreciationAndAmortization": 61617000, "ebitda": 1824711000, "ebitdaratio": 0.4478990087, "operatingIncome": 1763094000, "operatingIncomeRatio": 0.4327743159, "totalOtherIncomeExpensesNet": -538494000, "incomeBeforeTax": 1224600000, "incomeBeforeTaxRatio": 0.3005939713, "incomeTaxExpense": 365121000, "netIncome": 859479000, "netIncomeRatio": 0.2109702808, "eps": 6.37, "epsdiluted": 6.35, "weightedAverageShsOut": 134926060, "weightedAverageShsOutDil": 134926060, "link": "https://www.sec.gov/Archives/edgar/data/36270/000119312512075161/0001193125-12-075161-index.htm", "finalLink": "https://www.sec.gov/Archives/edgar/data/36270/000119312512075161/d262829d10k.htm", "calculatedOtherExpenses": 888665000, "calculatedOperatingExpenses": 2233805000, "calculatedNetInterest": 2389756000, "calculatedOtherIncome": -2928250000, "calculatedIncomeNonControlling": 0, "calculatedEbitda": 1824711000}, {"date": "2010-12-31", "symbol": "MTB", "reportedCurrency": "USD", "cik": "0000036270", "fillingDate": "2011-02-22", "acceptedDate": "2011-02-22 10:22:48", "calendarYear": "2010", "period": "FY", "revenue": 3487675000, "costOfRevenue": 86281000, "grossProfit": 3401394000, "grossProfitRatio": 0.9752611697, "researchAndDevelopmentExpenses": 0, "generalAndAdministrativeExpenses": 1112880000, "sellingAndMarketingExpenses": 0, "sellingGeneralAndAdministrativeExpenses": 1112880000, "otherExpenses": 86281000, "operatingExpenses": 1199161000, "costAndExpenses": 1285442000, "interestIncome": 2729795000, "interestExpense": 462269000, "depreciationAndAmortization": 58103000, "ebitda": 1737420000, "ebitdaratio": 0.498159949, "operatingIncome": 1679317000, "operatingIncomeRatio": 0.4815004265, "totalOtherIncomeExpensesNet": -586528000, "incomeBeforeTax": 1092789000, "incomeBeforeTaxRatio": 0.3133287935, "incomeTaxExpense": 356628000, "netIncome": 615545000, "netIncomeRatio": 0.1764915022, "eps": 5.72, "epsdiluted": 5.69, "weightedAverageShsOut": 118156119, "weightedAverageShsOutDil": 118843000, "link": "https://www.sec.gov/Archives/edgar/data/36270/000095012311016289/0000950123-11-016289-index.htm", "finalLink": "https://www.sec.gov/Archives/edgar/data/36270/000095012311016289/l40880e10vk.htm", "calculatedOtherExpenses": 609197000, "calculatedOperatingExpenses": 1722077000, "calculatedNetInterest": 2267526000, "calculatedOtherIncome": -2854054000, "calculatedIncomeNonControlling": 120616000, "calculatedEbitda": 1737420000}, {"date": "2009-12-31", "symbol": "MTB", "reportedCurrency": "USD", "cik": "0000036270", "fillingDate": "2010-02-19", "acceptedDate": "2010-02-19 16:46:34", "calendarYear": "2009", "period": "FY", "revenue": 3129752000, "costOfRevenue": 0, "grossProfit": 3129752000, "grossProfitRatio": 1, "researchAndDevelopmentExpenses": 0, "generalAndAdministrativeExpenses": 1098392000, "sellingAndMarketingExpenses": 0, "sellingGeneralAndAdministrativeExpenses": 1098392000, "otherExpenses": 264363000, "operatingExpenses": 1362755000, "costAndExpenses": 1362755000, "interestIncome": 2725197000, "interestExpense": 669449000, "depreciationAndAmortization": 64255000, "ebitda": 1379661000, "ebitdaratio": 0.4408211897, "operatingIncome": 1315406000, "operatingIncomeRatio": 0.420290809, "totalOtherIncomeExpensesNet": -796115000, "incomeBeforeTax": 519291000, "incomeBeforeTaxRatio": 0.1659208142, "incomeTaxExpense": 139400000, "netIncome": 379891000, "netIncomeRatio": 0.1213805439, "eps": 2.9, "epsdiluted": 2.89, "weightedAverageShsOut": 114484828, "weightedAverageShsOutDil": 114776000, "link": "https://www.sec.gov/Archives/edgar/data/36270/000095012310014582/0000950123-10-014582-index.htm", "finalLink": "https://www.sec.gov/Archives/edgar/data/36270/000095012310014582/l38289e10vk.htm", "calculatedOtherExpenses": 715954000, "calculatedOperatingExpenses": 1814346000, "calculatedNetInterest": 2055748000, "calculatedOtherIncome": -2851863000, "calculatedIncomeNonControlling": 0, "calculatedEbitda": 1379661000}, {"date": "2008-12-31", "symbol": "MTB", "reportedCurrency": "USD", "cik": "0000036270", "fillingDate": "2009-02-23", "acceptedDate": "2009-02-23 09:44:13", "calendarYear": "2008", "period": "FY", "revenue": 2916228000, "costOfRevenue": 0, "grossProfit": 2916228000, "grossProfitRatio": 1, "researchAndDevelopmentExpenses": 0, "generalAndAdministrativeExpenses": 957086000, "sellingAndMarketingExpenses": 0, "sellingGeneralAndAdministrativeExpenses": 957086000, "otherExpenses": -1676596000, "operatingExpenses": -719510000, "costAndExpenses": -719510000, "interestIncome": 3277591000, "interestExpense": 1337795000, "depreciationAndAmortization": 66646000, "ebitda": 2263364000, "ebitdaratio": 0.7761272438, "operatingIncome": 2196718000, "operatingIncomeRatio": 0.7532737495, "totalOtherIncomeExpensesNet": -1456939000, "incomeBeforeTax": 739779000, "incomeBeforeTaxRatio": 0.2536766673, "incomeTaxExpense": 183892000, "netIncome": 555887000, "netIncomeRatio": 0.1906184976, "eps": 5.04, "epsdiluted": 5.01, "weightedAverageShsOut": 110295040, "weightedAverageShsOutDil": 110904000, "link": "https://www.sec.gov/Archives/edgar/data/36270/000095015209001650/0000950152-09-001650-index.htm", "finalLink": "https://www.sec.gov/Archives/edgar/data/36270/000095015209001650/l35056ae10vk.htm", "calculatedOtherExpenses": -237576000, "calculatedOperatingExpenses": 719510000, "calculatedNetInterest": 1939796000, "calculatedOtherIncome": -3396735000, "calculatedIncomeNonControlling": 0, "calculatedEbitda": 2263364000}, {"date": "2007-12-31", "symbol": "MTB", "reportedCurrency": "USD", "cik": "0000036270", "fillingDate": "2008-02-21", "acceptedDate": "2008-02-21 16:42:06", "calendarYear": "2007", "period": "FY", "revenue": 2774291000, "costOfRevenue": 0, "grossProfit": 2774291000, "grossProfitRatio": 1, "researchAndDevelopmentExpenses": 0, "generalAndAdministrativeExpenses": 908315000, "sellingAndMarketingExpenses": 0, "sellingGeneralAndAdministrativeExpenses": 908315000, "otherExpenses": -1024493000, "operatingExpenses": -116178000, "costAndExpenses": -116178000, "interestIncome": 3544813000, "interestExpense": 1694576000, "depreciationAndAmortization": 178159000, "ebitda": 2836272000, "ebitdaratio": 1.0223412036, "operatingIncome": 2658113000, "operatingIncomeRatio": 0.9581233548, "totalOtherIncomeExpensesNet": -1694576000, "incomeBeforeTax": 963537000, "incomeBeforeTaxRatio": 0.3473092765, "incomeTaxExpense": 309278000, "netIncome": 654259000, "netIncomeRatio": 0.2358292623, "eps": 6.05, "epsdiluted": 5.95, "weightedAverageShsOut": 108129000, "weightedAverageShsOutDil": 110012000, "link": "https://www.sec.gov/Archives/edgar/data/36270/000095015208001291/0000950152-08-001291-index.htm", "finalLink": "https://www.sec.gov/Archives/edgar/data/36270/000095015208001291/l29155ae10vk.htm", "calculatedOtherExpenses": -792137000, "calculatedOperatingExpenses": 116178000, "calculatedNetInterest": 1850237000, "calculatedOtherIncome": -3544813000, "calculatedIncomeNonControlling": 0, "calculatedEbitda": 2836272000}, {"date": "2006-12-31", "symbol": "MTB", "reportedCurrency": "USD", "cik": "0000036270", "fillingDate": "2007-02-23", "acceptedDate": "2007-02-23 17:19:48", "calendarYear": "2006", "period": "FY", "revenue": 2863393000, "costOfRevenue": 0, "grossProfit": 2863393000, "grossProfitRatio": 1, "researchAndDevelopmentExpenses": 0, "generalAndAdministrativeExpenses": 873353000, "sellingAndMarketingExpenses": 0, "sellingGeneralAndAdministrativeExpenses": 873353000, "otherExpenses": -1008552000, "operatingExpenses": -135199000, "costAndExpenses": -135199000, "interestIncome": 3314093000, "interestExpense": 1496552000, "depreciationAndAmortization": 175931000, "ebitda": 2904125000, "ebitdaratio": 1.0142250819, "operatingIncome": 2728194000, "operatingIncomeRatio": 0.9527836382, "totalOtherIncomeExpensesNet": -1496552000, "incomeBeforeTax": 1231642000, "incomeBeforeTaxRatio": 0.4301337609, "incomeTaxExpense": 392453000, "netIncome": 839189000, "netIncomeRatio": 0.2930750337, "eps": 7.55, "epsdiluted": 7.37, "weightedAverageShsOut": 111173000, "weightedAverageShsOutDil": 113918000, "link": "https://www.sec.gov/Archives/edgar/data/36270/000095015207001456/0000950152-07-001456-index.htm", "finalLink": "https://www.sec.gov/Archives/edgar/data/36270/000095015207001456/l22721ae10vk.htm", "calculatedOtherExpenses": -738154000, "calculatedOperatingExpenses": 135199000, "calculatedNetInterest": 1817541000, "calculatedOtherIncome": -3314093000, "calculatedIncomeNonControlling": 0, "calculatedEbitda": 2904125000}, {"date": "2005-12-31", "symbol": "MTB", "reportedCurrency": "USD", "cik": "0000036270", "fillingDate": "2006-02-28", "acceptedDate": "2006-02-28 17:02:04", "calendarYear": "2005", "period": "FY", "revenue": 2744061000, "costOfRevenue": 0, "grossProfit": 2744061000, "grossProfitRatio": 1, "researchAndDevelopmentExpenses": 0, "generalAndAdministrativeExpenses": 822239000, "sellingAndMarketingExpenses": 0, "sellingGeneralAndAdministrativeExpenses": 822239000, "otherExpenses": -1401030000, "operatingExpenses": -578791000, "costAndExpenses": -578791000, "interestIncome": 2788694000, "interestExpense": 994351000, "depreciationAndAmortization": 173748000, "ebitda": 2339018000, "ebitdaratio": 0.8523928586, "operatingIncome": 2165270000, "operatingIncomeRatio": 0.7890750242, "totalOtherIncomeExpensesNet": -994351000, "incomeBeforeTax": 1170919000, "incomeBeforeTaxRatio": 0.4267102663, "incomeTaxExpense": 388736000, "netIncome": 782183000, "netIncomeRatio": 0.285045777, "eps": 6.88, "epsdiluted": 6.73, "weightedAverageShsOut": 113689000, "weightedAverageShsOutDil": 116232000, "link": "https://www.sec.gov/Archives/edgar/data/36270/000095015206001522/0000950152-06-001522-index.htm", "finalLink": "https://www.sec.gov/Archives/edgar/data/36270/000095015206001522/l15080ae10vk.htm", "calculatedOtherExpenses": -243448000, "calculatedOperatingExpenses": 578791000, "calculatedNetInterest": 1794343000, "calculatedOtherIncome": -2788694000, "calculatedIncomeNonControlling": 0, "calculatedEbitda": 2339018000}, {"date": "2004-12-31", "symbol": "MTB", "reportedCurrency": "USD", "cik": "0000036270", "fillingDate": "2005-02-25", "acceptedDate": "2005-02-25 14:42:05", "calendarYear": "2004", "period": "FY", "revenue": 2677541000, "costOfRevenue": 0, "grossProfit": 2677541000, "grossProfitRatio": 1, "researchAndDevelopmentExpenses": 0, "generalAndAdministrativeExpenses": 806552000, "sellingAndMarketingExpenses": 0, "sellingGeneralAndAdministrativeExpenses": 806552000, "otherExpenses": -1853410000, "operatingExpenses": -1046858000, "costAndExpenses": -1046858000, "interestIncome": 2298732000, "interestExpense": 564160000, "depreciationAndAmortization": 196074000, "ebitda": 1826757000, "ebitdaratio": 0.6822517377, "operatingIncome": 1630683000, "operatingIncomeRatio": 0.6090226069, "totalOtherIncomeExpensesNet": -564160000, "incomeBeforeTax": 1066523000, "incomeBeforeTaxRatio": 0.3983218184, "incomeTaxExpense": 344002000, "netIncome": 722521000, "netIncomeRatio": 0.2698449809, "eps": 6.14, "epsdiluted": 6, "weightedAverageShsOut": 117696000, "weightedAverageShsOutDil": 120406000, "link": "https://www.sec.gov/Archives/edgar/data/36270/000095015205001517/0000950152-05-001517-index.htm", "finalLink": "https://www.sec.gov/Archives/edgar/data/36270/000095015205001517/l10178ae10vk.htm", "calculatedOtherExpenses": 240306000, "calculatedOperatingExpenses": 1046858000, "calculatedNetInterest": 1734572000, "calculatedOtherIncome": -2298732000, "calculatedIncomeNonControlling": 0, "calculatedEbitda": 1826757000}, {"date": "2003-12-31", "symbol": "MTB", "reportedCurrency": "USD", "cik": "0000036270", "fillingDate": "2004-02-26", "acceptedDate": "2004-02-26 17:07:58", "calendarYear": "2003", "period": "FY", "revenue": 2429850000, "costOfRevenue": 0, "grossProfit": 2429850000, "grossProfitRatio": 1, "researchAndDevelopmentExpenses": 0, "generalAndAdministrativeExpenses": 740324000, "sellingAndMarketingExpenses": 0, "sellingGeneralAndAdministrativeExpenses": 740324000, "otherExpenses": -1791694000, "operatingExpenses": -1051370000, "costAndExpenses": -1051370000, "interestIncome": 2126565000, "interestExpense": 527810000, "depreciationAndAmortization": 191662000, "ebitda": 1570142000, "ebitdaratio": 0.6461888594, "operatingIncome": 1378480000, "operatingIncomeRatio": 0.5673107393, "totalOtherIncomeExpensesNet": -527810000, "incomeBeforeTax": 850670000, "incomeBeforeTaxRatio": 0.3500915694, "incomeTaxExpense": 276728000, "netIncome": 573942000, "netIncomeRatio": 0.236204704, "eps": 5.08, "epsdiluted": 4.95, "weightedAverageShsOut": 112980709, "weightedAverageShsOutDil": 115947879, "link": "https://www.sec.gov/Archives/edgar/data/36270/000095015204001428/0000950152-04-001428-index.htm", "finalLink": "https://www.sec.gov/Archives/edgar/data/36270/000095015204001428/l05919ae10vk.htm", "calculatedOtherExpenses": 311046000, "calculatedOperatingExpenses": 1051370000, "calculatedNetInterest": 1598755000, "calculatedOtherIncome": -2126565000, "calculatedIncomeNonControlling": 0, "calculatedEbitda": 1570142000}, {"date": "2002-12-31", "symbol": "MTB", "reportedCurrency": "USD", "cik": "0000036270", "fillingDate": "2003-02-27", "acceptedDate": "2003-02-27 17:27:05", "calendarYear": "2002", "period": "FY", "revenue": 1759516000, "costOfRevenue": 0, "grossProfit": 1759516000, "grossProfitRatio": 1, "researchAndDevelopmentExpenses": 0, "generalAndAdministrativeExpenses": 456411000, "sellingAndMarketingExpenses": 0, "sellingGeneralAndAdministrativeExpenses": 456411000, "otherExpenses": -904929000, "operatingExpenses": -448518000, "costAndExpenses": -448518000, "interestIncome": 1842099000, "interestExpense": 594514000, "depreciationAndAmortization": 129787000, "ebitda": 1440785000, "ebitdaratio": 0.8188530255, "operatingIncome": 1310998000, "operatingIncomeRatio": 0.7450901271, "totalOtherIncomeExpensesNet": -594514000, "incomeBeforeTax": 716484000, "incomeBeforeTaxRatio": 0.4072051632, "incomeTaxExpense": 231392000, "netIncome": 485092000, "netIncomeRatio": 0.275696271, "eps": 4.94, "epsdiluted": 4.78, "weightedAverageShsOut": 98196761, "weightedAverageShsOutDil": 101483682, "link": "https://www.sec.gov/Archives/edgar/data/36270/000095012803000281/0000950128-03-000281-index.htm", "finalLink": "https://www.sec.gov/Archives/edgar/data/36270/000095012803000281/l99139ae10vk.htm", "calculatedOtherExpenses": -7893000, "calculatedOperatingExpenses": 448518000, "calculatedNetInterest": 1247585000, "calculatedOtherIncome": -1842099000, "calculatedIncomeNonControlling": 0, "calculatedEbitda": 1440785000}, {"date": "2001-12-31", "symbol": "MTB", "reportedCurrency": "USD", "cik": "0000036270", "fillingDate": "2002-02-28", "acceptedDate": "2002-02-28 00:00:00", "calendarYear": "2001", "period": "FY", "revenue": 1635714000, "costOfRevenue": 0, "grossProfit": 1635714000, "grossProfitRatio": 1, "researchAndDevelopmentExpenses": 0, "generalAndAdministrativeExpenses": 434937000, "sellingAndMarketingExpenses": 0, "sellingGeneralAndAdministrativeExpenses": 434937000, "otherExpenses": -543158000, "operatingExpenses": -108221000, "costAndExpenses": -108221000, "interestIncome": 2101885000, "interestExpense": 943597000, "depreciationAndAmortization": 193944000, "ebitda": 1721437000, "ebitdaratio": 1.0524070834, "operatingIncome": 1527493000, "operatingIncomeRatio": 0.9338386784, "totalOtherIncomeExpensesNet": -943597000, "incomeBeforeTax": 583896000, "incomeBeforeTaxRatio": 0.3569670493, "incomeTaxExpense": 205821000, "netIncome": 378075000, "netIncomeRatio": 0.231137595, "eps": 3.95, "epsdiluted": 3.82, "weightedAverageShsOut": 95715190, "weightedAverageShsOutDil": 98972513, "link": "https://www.sec.gov/Archives/edgar/data/36270/000095015202001414/0000950152-02-001414-index.htm", "finalLink": "https://www.sec.gov/Archives/edgar/data/36270/000095015202001414/l92906ae10-k.htm", "calculatedOtherExpenses": -326716000, "calculatedOperatingExpenses": 108221000, "calculatedNetInterest": 1158288000, "calculatedOtherIncome": -2101885000, "calculatedIncomeNonControlling": 0, "calculatedEbitda": 1721437000}, {"date": "2000-12-31", "symbol": "MTB", "reportedCurrency": "USD", "cik": "0000036270", "fillingDate": "2001-03-09", "acceptedDate": "2001-03-09 00:00:00", "calendarYear": "2000", "period": "FY", "revenue": 1178859000, "costOfRevenue": 0, "grossProfit": 1178859000, "grossProfitRatio": 1, "researchAndDevelopmentExpenses": 0, "generalAndAdministrativeExpenses": 329209000, "sellingAndMarketingExpenses": 0, "sellingGeneralAndAdministrativeExpenses": 329209000, "otherExpenses": -143065000, "operatingExpenses": 186144000, "costAndExpenses": 186144000, "interestIncome": 1772784000, "interestExpense": 918597000, "depreciationAndAmortization": 124132000, "ebitda": 1489135000, "ebitdaratio": 1.263200264, "operatingIncome": 1365003000, "operatingIncomeRatio": 1.1579018356, "totalOtherIncomeExpensesNet": -918597000, "incomeBeforeTax": 446406000, "incomeBeforeTaxRatio": 0.3786763302, "incomeTaxExpense": 160250000, "netIncome": 286156000, "netIncomeRatio": 0.2427398018, "eps": 3.55, "epsdiluted": 3.44, "weightedAverageShsOut": 80607324, "weightedAverageShsOutDil": 83184884, "link": "https://www.sec.gov/Archives/edgar/data/36270/000095015201500250/0000950152-01-500250-index.htm", "finalLink": "https://www.sec.gov/Archives/edgar/data/36270/000095015201500250/l86788ae10-k.htm", "calculatedOtherExpenses": -515353000, "calculatedOperatingExpenses": -186144000, "calculatedNetInterest": 854187000, "calculatedOtherIncome": -1772784000, "calculatedIncomeNonControlling": 0, "calculatedEbitda": 1489135000}, {"date": "1999-12-31", "symbol": "MTB", "reportedCurrency": "USD", "cik": "0000036270", "fillingDate": "2000-02-25", "acceptedDate": "2000-02-25 00:00:00", "calendarYear": "1999", "period": "FY", "revenue": 1041800000, "costOfRevenue": 0, "grossProfit": 1041800000, "grossProfitRatio": 1, "researchAndDevelopmentExpenses": 0, "generalAndAdministrativeExpenses": 284800000, "sellingAndMarketingExpenses": 0, "sellingGeneralAndAdministrativeExpenses": 284800000, "otherExpenses": -189100000, "operatingExpenses": 95700000, "costAndExpenses": 95700000, "interestIncome": 1478600000, "interestExpense": 719200000, "depreciationAndAmortization": 97000000, "ebitda": 1234500000, "ebitdaratio": 1.1849683241, "operatingIncome": 1137500000, "operatingIncomeRatio": 1.0918602419, "totalOtherIncomeExpensesNet": -719200000, "incomeBeforeTax": 418300000, "incomeBeforeTaxRatio": 0.4015166059, "incomeTaxExpense": 152700000, "netIncome": 265600000, "netIncomeRatio": 0.2549433672, "eps": 3.41, "epsdiluted": 3.28, "weightedAverageShsOut": 77888563, "weightedAverageShsOutDil": 80975610, "link": "https://www.sec.gov/Archives/edgar/data/36270/000091205700008501/0000912057-00-008501-index.htm", "finalLink": "https://www.sec.gov/Archives/edgar/data/36270/000091205700008501/0000912057-00-008501.txt", "calculatedOtherExpenses": -380500000, "calculatedOperatingExpenses": -95700000, "calculatedNetInterest": 759400000, "calculatedOtherIncome": -1478600000, "calculatedIncomeNonControlling": 0, "calculatedEbitda": 1234500000}, {"date": "1998-12-31", "symbol": "MTB", "reportedCurrency": "USD", "cik": "0000036270", "fillingDate": "1999-03-19", "acceptedDate": "1999-03-19 00:00:00", "calendarYear": "1998", "period": "FY", "revenue": 934900000, "costOfRevenue": 0, "grossProfit": 934900000, "grossProfitRatio": 1, "researchAndDevelopmentExpenses": 0, "generalAndAdministrativeExpenses": 259500000, "sellingAndMarketingExpenses": 0, "sellingGeneralAndAdministrativeExpenses": 259500000, "otherExpenses": -181300000, "operatingExpenses": 78200000, "costAndExpenses": 78200000, "interestIncome": 1351800000, "interestExpense": 687500000, "depreciationAndAmortization": 79600000, "ebitda": 1092700000, "ebitdaratio": 1.1687881057, "operatingIncome": 1013100000, "operatingIncomeRatio": 1.0836453097, "totalOtherIncomeExpensesNet": -687500000, "incomeBeforeTax": 325600000, "incomeBeforeTaxRatio": 0.3482725425, "incomeTaxExpense": 117600000, "netIncome": 208000000, "netIncomeRatio": 0.2224836881, "eps": 2.73, "epsdiluted": 2.62, "weightedAverageShsOut": 76190476, "weightedAverageShsOutDil": 79510703, "link": "https://www.sec.gov/Archives/edgar/data/36270/000104746999010544/0001047469-99-010544-index.htm", "finalLink": "https://www.sec.gov/Archives/edgar/data/36270/0001047469-99-010544.txt", "calculatedOtherExpenses": -337700000, "calculatedOperatingExpenses": -78200000, "calculatedNetInterest": 664300000, "calculatedOtherIncome": -1351800000, "calculatedIncomeNonControlling": 0, "calculatedEbitda": 1092700000}, {"date": "1997-12-31", "symbol": "MTB", "reportedCurrency": "USD", "cik": "0000036270", "fillingDate": "1998-03-16", "acceptedDate": "1998-03-16 00:00:00", "calendarYear": "1997", "period": "FY", "revenue": 750000000, "costOfRevenue": 0, "grossProfit": 750000000, "grossProfitRatio": 1, "researchAndDevelopmentExpenses": 0, "generalAndAdministrativeExpenses": 220000000, "sellingAndMarketingExpenses": 0, "sellingGeneralAndAdministrativeExpenses": 220000000, "otherExpenses": -179800000, "operatingExpenses": 40200000, "costAndExpenses": 40200000, "interestIncome": 1065000000, "interestExpense": 508100000, "depreciationAndAmortization": 42400000, "ebitda": 832600000, "ebitdaratio": 1.1101333333, "operatingIncome": 790200000, "operatingIncomeRatio": 1.0536, "totalOtherIncomeExpensesNet": -508100000, "incomeBeforeTax": 282100000, "incomeBeforeTaxRatio": 0.3761333333, "incomeTaxExpense": 105900000, "netIncome": 176200000, "netIncomeRatio": 0.2349333333, "eps": 2.66, "epsdiluted": 2.53, "weightedAverageShsOut": 66240602, "weightedAverageShsOutDil": 69644269, "link": "https://www.sec.gov/Archives/edgar/data/36270/000104746998010018/0001047469-98-010018-index.html", "finalLink": "https://www.sec.gov/Archives/edgar/data/36270/", "calculatedOtherExpenses": -260200000, "calculatedOperatingExpenses": -40200000, "calculatedNetInterest": 556900000, "calculatedOtherIncome": -1065000000, "calculatedIncomeNonControlling": 0, "calculatedEbitda": 832600000}, {"date": "1996-12-31", "symbol": "MTB", "reportedCurrency": "USD", "cik": "0000036270", "fillingDate": "1997-03-18", "acceptedDate": "1997-03-18 00:00:00", "calendarYear": "1996", "period": "FY", "revenue": 701200000, "costOfRevenue": 0, "grossProfit": 701200000, "grossProfitRatio": 1, "researchAndDevelopmentExpenses": 0, "generalAndAdministrativeExpenses": 208300000, "sellingAndMarketingExpenses": 0, "sellingGeneralAndAdministrativeExpenses": 208300000, "otherExpenses": -194100000, "operatingExpenses": 14200000, "costAndExpenses": 14200000, "interestIncome": 997400000, "interestExpense": 466400000, "depreciationAndAmortization": 30000000, "ebitda": 745400000, "ebitdaratio": 1.0630347975, "operatingIncome": 715400000, "operatingIncomeRatio": 1.0202509983, "totalOtherIncomeExpensesNet": -466400000, "incomeBeforeTax": 249000000, "incomeBeforeTaxRatio": 0.3551055334, "incomeTaxExpense": 97900000, "netIncome": 151100000, "netIncomeRatio": 0.2154877353, "eps": 2.25, "epsdiluted": 2.11, "weightedAverageShsOut": 66755556, "weightedAverageShsOutDil": 71184834, "link": "https://www.sec.gov/Archives/edgar/data/36270/000091205797009154/0000912057-97-009154-index.htm", "finalLink": "https://www.sec.gov/Archives/edgar/data/36270/0000912057-97-009154.txt", "calculatedOtherExpenses": -222500000, "calculatedOperatingExpenses": -14200000, "calculatedNetInterest": 531000000, "calculatedOtherIncome": -997400000, "calculatedIncomeNonControlling": 0, "calculatedEbitda": 745400000}, {"date": "1995-12-31", "symbol": "MTB", "reportedCurrency": "USD", "cik": "0000036270", "fillingDate": "1996-03-15", "acceptedDate": "1996-03-15 00:00:00", "calendarYear": "1995", "period": "FY", "revenue": 635900000, "costOfRevenue": 0, "grossProfit": 635900000, "grossProfitRatio": 1, "researchAndDevelopmentExpenses": 0, "generalAndAdministrativeExpenses": 188200000, "sellingAndMarketingExpenses": 0, "sellingGeneralAndAdministrativeExpenses": 188200000, "otherExpenses": -161200000, "operatingExpenses": 27000000, "costAndExpenses": 27000000, "interestIncome": 928200000, "interestExpense": 441800000, "depreciationAndAmortization": 25800000, "ebitda": 688700000, "ebitdaratio": 1.0830319233, "operatingIncome": 662900000, "operatingIncomeRatio": 1.0424595062, "totalOtherIncomeExpensesNet": -441800000, "incomeBeforeTax": 221100000, "incomeBeforeTaxRatio": 0.3476961786, "incomeTaxExpense": 90100000, "netIncome": 131000000, "netIncomeRatio": 0.2060072338, "eps": 1.96, "epsdiluted": 1.8, "weightedAverageShsOut": 65000000, "weightedAverageShsOutDil": 70777778, "link": "https://www.sec.gov/Archives/edgar/data/36270/000095014696000453/0000950146-96-000453-index.htm", "finalLink": "https://www.sec.gov/Archives/edgar/data/36270/0000950146-96-000453.txt", "calculatedOtherExpenses": -215200000, "calculatedOperatingExpenses": -27000000, "calculatedNetInterest": 486400000, "calculatedOtherIncome": -928200000, "calculatedIncomeNonControlling": 0, "calculatedEbitda": 688700000}, {"date": "1994-12-31", "symbol": "MTB", "reportedCurrency": "USD", "cik": "0000036270", "fillingDate": "1995-03-24", "acceptedDate": "1995-03-24 00:00:00", "calendarYear": "1994", "period": "FY", "revenue": 591800000, "costOfRevenue": 0, "grossProfit": 591800000, "grossProfitRatio": 1, "researchAndDevelopmentExpenses": 0, "generalAndAdministrativeExpenses": 161200000, "sellingAndMarketingExpenses": 0, "sellingGeneralAndAdministrativeExpenses": 161200000, "otherExpenses": -279300000, "operatingExpenses": -118100000, "costAndExpenses": -118100000, "interestIncome": 747300000, "interestExpense": 279200000, "depreciationAndAmortization": 17600000, "ebitda": 491300000, "ebitdaratio": 0.8301791146, "operatingIncome": 473700000, "operatingIncomeRatio": 0.8004393376, "totalOtherIncomeExpensesNet": -279200000, "incomeBeforeTax": 194500000, "incomeBeforeTaxRatio": 0.3286583305, "incomeTaxExpense": 77200000, "netIncome": 117300000, "netIncomeRatio": 0.1982088543, "eps": 1.64, "epsdiluted": 1.57, "weightedAverageShsOut": 69541284, "weightedAverageShsOutDil": 72374284, "link": "https://www.sec.gov/Archives/edgar/data/36270/000088974995000005/0000889749-95-000005-index.htm", "finalLink": "https://www.sec.gov/Archives/edgar/data/36270/0000889749-95-000005.txt", "calculatedOtherExpenses": -43100000, "calculatedOperatingExpenses": 118100000, "calculatedNetInterest": 468100000, "calculatedOtherIncome": -747300000, "calculatedIncomeNonControlling": 0, "calculatedEbitda": 491300000}, {"date": "1993-12-31", "symbol": "MTB", "reportedCurrency": "USD", "cik": "0000036270", "fillingDate": "1994-03-18", "acceptedDate": "1994-03-18 00:00:00", "calendarYear": "1993", "period": "FY", "revenue": 581300000, "costOfRevenue": 0, "grossProfit": 581300000, "grossProfitRatio": 1, "researchAndDevelopmentExpenses": 0, "generalAndAdministrativeExpenses": 154300000, "sellingAndMarketingExpenses": 0, "sellingGeneralAndAdministrativeExpenses": 154300000, "otherExpenses": -292200000, "operatingExpenses": -137900000, "costAndExpenses": -137900000, "interestIncome": 740700000, "interestExpense": 269900000, "depreciationAndAmortization": 16200000, "ebitda": 459600000, "ebitdaratio": 0.7906416652, "operatingIncome": 443400000, "operatingIncomeRatio": 0.7627730948, "totalOtherIncomeExpensesNet": -269900000, "incomeBeforeTax": 173500000, "incomeBeforeTaxRatio": 0.2984689489, "incomeTaxExpense": 71500000, "netIncome": 102000000, "netIncomeRatio": 0.1754687769, "eps": 1.43, "epsdiluted": 1.34, "weightedAverageShsOut": 68811189, "weightedAverageShsOutDil": 73432836, "link": "https://www.sec.gov/Archives/edgar/data/36270/000095016794000015/0000950167-94-000015-index.htm", "finalLink": "https://www.sec.gov/Archives/edgar/data/36270/0000950167-94-000015.txt", "calculatedOtherExpenses": -16400000, "calculatedOperatingExpenses": 137900000, "calculatedNetInterest": 470800000, "calculatedOtherIncome": -740700000, "calculatedIncomeNonControlling": 0, "calculatedEbitda": 459600000}, {"date": "1992-12-31", "symbol": "MTB", "reportedCurrency": "USD", "cik": "0000036270", "fillingDate": "1992-12-31", "acceptedDate": "1992-12-30 19:00:00", "calendarYear": "1992", "period": "FY", "revenue": 566300000, "costOfRevenue": 0, "grossProfit": 566300000, "grossProfitRatio": 1, "researchAndDevelopmentExpenses": 0, "generalAndAdministrativeExpenses": 136500000, "sellingAndMarketingExpenses": 0, "sellingGeneralAndAdministrativeExpenses": 136500000, "otherExpenses": -216500000, "operatingExpenses": -80000000, "costAndExpenses": -80000000, "interestIncome": 755600000, "interestExpense": 323600000, "depreciationAndAmortization": 36100000, "ebitda": 522400000, "ebitdaratio": 0.9224792513, "operatingIncome": 486300000, "operatingIncomeRatio": 0.8587321208, "totalOtherIncomeExpensesNet": -323600000, "incomeBeforeTax": 162700000, "incomeBeforeTaxRatio": 0.2873035494, "incomeTaxExpense": 64800000, "netIncome": 97900000, "netIncomeRatio": 0.1728765672, "eps": 1.34, "epsdiluted": 1.3, "weightedAverageShsOut": 70373134, "weightedAverageShsOutDil": 72538462, "link": "", "finalLink": "", "calculatedOtherExpenses": -56500000, "calculatedOperatingExpenses": 80000000, "calculatedNetInterest": 432000000, "calculatedOtherIncome": -755600000, "calculatedIncomeNonControlling": 0, "calculatedEbitda": 522400000}, {"date": "1991-12-31", "symbol": "MTB", "reportedCurrency": "USD", "cik": "0000036270", "fillingDate": "1991-12-31", "acceptedDate": "1991-12-30 19:00:00", "calendarYear": "1991", "period": "FY", "revenue": 410800000, "costOfRevenue": 0, "grossProfit": 410800000, "grossProfitRatio": 1, "researchAndDevelopmentExpenses": 0, "generalAndAdministrativeExpenses": 106400000, "sellingAndMarketingExpenses": 0, "sellingGeneralAndAdministrativeExpenses": 106400000, "otherExpenses": 37800000, "operatingExpenses": 144200000, "costAndExpenses": 144200000, "interestIncome": 769000000, "interestExpense": 440200000, "depreciationAndAmortization": 9600000, "ebitda": 564600000, "ebitdaratio": 1.3743914314, "operatingIncome": 555000000, "operatingIncomeRatio": 1.3510223953, "totalOtherIncomeExpensesNet": -440200000, "incomeBeforeTax": 114800000, "incomeBeforeTaxRatio": 0.2794547225, "incomeTaxExpense": 47600000, "netIncome": 67200000, "netIncomeRatio": 0.1635832522, "eps": 0.93, "epsdiluted": 0.92, "weightedAverageShsOut": 69139785, "weightedAverageShsOutDil": 69891304, "link": "", "finalLink": "", "calculatedOtherExpenses": -250600000, "calculatedOperatingExpenses": -144200000, "calculatedNetInterest": 328800000, "calculatedOtherIncome": -769000000, "calculatedIncomeNonControlling": 0, "calculatedEbitda": 564600000}, {"date": "1990-12-31", "symbol": "MTB", "reportedCurrency": "USD", "cik": "0000036270", "fillingDate": "1990-12-31", "acceptedDate": "1990-12-30 19:00:00", "calendarYear": "1990", "period": "FY", "revenue": 286000000, "costOfRevenue": 0, "grossProfit": 286000000, "grossProfitRatio": 1, "researchAndDevelopmentExpenses": 0, "generalAndAdministrativeExpenses": 88000000, "sellingAndMarketingExpenses": 0, "sellingGeneralAndAdministrativeExpenses": 88000000, "otherExpenses": 137700000, "operatingExpenses": 225700000, "costAndExpenses": 225700000, "interestIncome": 657400000, "interestExpense": 427000000, "depreciationAndAmortization": 8100000, "ebitda": 519800000, "ebitdaratio": 1.8174825175, "operatingIncome": 511700000, "operatingIncomeRatio": 1.7891608392, "totalOtherIncomeExpensesNet": -427000000, "incomeBeforeTax": 84700000, "incomeBeforeTaxRatio": 0.2961538462, "incomeTaxExpense": 30800000, "netIncome": 53900000, "netIncomeRatio": 0.1884615385, "eps": 0.79, "epsdiluted": 0.79, "weightedAverageShsOut": 68227848, "weightedAverageShsOutDil": 68227848, "link": "", "finalLink": "", "calculatedOtherExpenses": -313700000, "calculatedOperatingExpenses": -225700000, "calculatedNetInterest": 230400000, "calculatedOtherIncome": -657400000, "calculatedIncomeNonControlling": 0, "calculatedEbitda": 519800000}, {"date": "1989-12-31", "symbol": "MTB", "reportedCurrency": "USD", "cik": "0000036270", "fillingDate": "1989-12-31", "acceptedDate": "1989-12-30 19:00:00", "calendarYear": "1989", "period": "FY", "revenue": 243100000, "costOfRevenue": 0, "grossProfit": 243100000, "grossProfitRatio": 1, "researchAndDevelopmentExpenses": 0, "generalAndAdministrativeExpenses": 79700000, "sellingAndMarketingExpenses": 0, "sellingGeneralAndAdministrativeExpenses": 79700000, "otherExpenses": 128400000, "operatingExpenses": 208100000, "costAndExpenses": 208100000, "interestIncome": 576600000, "interestExpense": 384400000, "depreciationAndAmortization": 6900000, "ebitda": 458100000, "ebitdaratio": 1.8844097079, "operatingIncome": 451200000, "operatingIncomeRatio": 1.8560263266, "totalOtherIncomeExpensesNet": -374900000, "incomeBeforeTax": 76300000, "incomeBeforeTaxRatio": 0.313862608, "incomeTaxExpense": 25600000, "netIncome": 41200000, "netIncomeRatio": 0.1694775812, "eps": 0.7, "epsdiluted": 0.7, "weightedAverageShsOut": 58857143, "weightedAverageShsOutDil": 58857143, "link": "", "finalLink": "", "calculatedOtherExpenses": -287800000, "calculatedOperatingExpenses": -208100000, "calculatedNetInterest": 192200000, "calculatedOtherIncome": -567100000, "calculatedIncomeNonControlling": 9500000, "calculatedEbitda": 458100000}, {"date": "1988-12-31", "symbol": "MTB", "reportedCurrency": "USD", "cik": "0000036270", "fillingDate": "1988-12-31", "acceptedDate": "1988-12-30 19:00:00", "calendarYear": "1988", "period": "FY", "revenue": 0, "costOfRevenue": 0, "grossProfit": 0, "grossProfitRatio": 0, "researchAndDevelopmentExpenses": 0, "generalAndAdministrativeExpenses": 0, "sellingAndMarketingExpenses": 0, "sellingGeneralAndAdministrativeExpenses": 0, "otherExpenses": 44500000, "operatingExpenses": 44500000, "costAndExpenses": 44500000, "interestIncome": 0, "interestExpense": 0, "depreciationAndAmortization": 0, "ebitda": 44500000, "ebitdaratio": 0, "operatingIncome": 44500000, "operatingIncomeRatio": 0, "totalOtherIncomeExpensesNet": 0, "incomeBeforeTax": 0, "incomeBeforeTaxRatio": 0, "incomeTaxExpense": -44500000, "netIncome": 44500000, "netIncomeRatio": 0, "eps": 0.6, "epsdiluted": 0.6, "weightedAverageShsOut": 74166667, "weightedAverageShsOutDil": 74166667, "link": "", "finalLink": "", "calculatedOtherExpenses": -44500000, "calculatedOperatingExpenses": -44500000, "calculatedNetInterest": 0, "calculatedOtherIncome": -44500000, "calculatedIncomeNonControlling": 0, "calculatedEbitda": 44500000}, {"date": "1987-12-31", "symbol": "MTB", "reportedCurrency": "USD", "cik": "0000036270", "fillingDate": "1987-12-31", "acceptedDate": "1987-12-30 19:00:00", "calendarYear": "1987", "period": "FY", "revenue": 0, "costOfRevenue": 0, "grossProfit": 0, "grossProfitRatio": 0, "researchAndDevelopmentExpenses": 0, "generalAndAdministrativeExpenses": 0, "sellingAndMarketingExpenses": 0, "sellingGeneralAndAdministrativeExpenses": 0, "otherExpenses": 40300000, "operatingExpenses": 40300000, "costAndExpenses": 40300000, "interestIncome": 0, "interestExpense": 0, "depreciationAndAmortization": 0, "ebitda": 40300000, "ebitdaratio": 0, "operatingIncome": 40300000, "operatingIncomeRatio": 0, "totalOtherIncomeExpensesNet": 0, "incomeBeforeTax": 0, "incomeBeforeTaxRatio": 0, "incomeTaxExpense": -40300000, "netIncome": 40300000, "netIncomeRatio": 0, "eps": 0.48, "epsdiluted": 0.48, "weightedAverageShsOut": 83958333, "weightedAverageShsOutDil": 83958333, "link": "", "finalLink": "", "calculatedOtherExpenses": -40300000, "calculatedOperatingExpenses": -40300000, "calculatedNetInterest": 0, "calculatedOtherIncome": -40300000, "calculatedIncomeNonControlling": 0, "calculatedEbitda": 40300000}, {"date": "1986-12-31", "symbol": "MTB", "reportedCurrency": "USD", "cik": "0000036270", "fillingDate": "1986-12-31", "acceptedDate": "1986-12-30 19:00:00", "calendarYear": "1986", "period": "FY", "revenue": 0, "costOfRevenue": 0, "grossProfit": 0, "grossProfitRatio": 0, "researchAndDevelopmentExpenses": 0, "generalAndAdministrativeExpenses": 0, "sellingAndMarketingExpenses": 0, "sellingGeneralAndAdministrativeExpenses": 0, "otherExpenses": 26200000, "operatingExpenses": 26200000, "costAndExpenses": 26200000, "interestIncome": 0, "interestExpense": 0, "depreciationAndAmortization": 0, "ebitda": 26200000, "ebitdaratio": 0, "operatingIncome": 26200000, "operatingIncomeRatio": 0, "totalOtherIncomeExpensesNet": 0, "incomeBeforeTax": 0, "incomeBeforeTaxRatio": 0, "incomeTaxExpense": -26200000, "netIncome": 26200000, "netIncomeRatio": 0, "eps": 0.48, "epsdiluted": 0.48, "weightedAverageShsOut": 54583333, "weightedAverageShsOutDil": 54583333, "link": "", "finalLink": "", "calculatedOtherExpenses": -26200000, "calculatedOperatingExpenses": -26200000, "calculatedNetInterest": 0, "calculatedOtherIncome": -26200000, "calculatedIncomeNonControlling": 0, "calculatedEbitda": 26200000}, {"date": "1985-12-31", "symbol": "MTB", "reportedCurrency": "USD", "cik": "0000036270", "fillingDate": "1985-12-31", "acceptedDate": "1985-12-30 19:00:00", "calendarYear": "1985", "period": "FY", "revenue": 0, "costOfRevenue": 0, "grossProfit": 0, "grossProfitRatio": 0, "researchAndDevelopmentExpenses": 0, "generalAndAdministrativeExpenses": 0, "sellingAndMarketingExpenses": 0, "sellingGeneralAndAdministrativeExpenses": 0, "otherExpenses": 22200000, "operatingExpenses": 22200000, "costAndExpenses": 22200000, "interestIncome": 0, "interestExpense": 0, "depreciationAndAmortization": 0, "ebitda": 22200000, "ebitdaratio": 0, "operatingIncome": 22200000, "operatingIncomeRatio": 0, "totalOtherIncomeExpensesNet": 0, "incomeBeforeTax": 0, "incomeBeforeTaxRatio": 0, "incomeTaxExpense": -22200000, "netIncome": 22200000, "netIncomeRatio": 0, "eps": 0.41, "epsdiluted": 0.41, "weightedAverageShsOut": 54146341, "weightedAverageShsOutDil": 54146341, "link": "", "finalLink": "", "calculatedOtherExpenses": -22200000, "calculatedOperatingExpenses": -22200000, "calculatedNetInterest": 0, "calculatedOtherIncome": -22200000, "calculatedIncomeNonControlling": 0, "calculatedEbitda": 22200000}]}