{"originalCurrency": "USD", "convertedCurrency": "USD", "report": [{"date": "2023-12-31", "symbol": "MTDR", "reportedCurrency": "USD", "cik": "0001520006", "fillingDate": "2024-02-27", "acceptedDate": "2024-02-27 08:01:28", "calendarYear": "2023", "period": "FY", "revenue": 2817621000, "costOfRevenue": 1487090000, "grossProfit": 1330531000, "grossProfitRatio": 0.4722178746, "researchAndDevelopmentExpenses": 0, "generalAndAdministrativeExpenses": 110373000, "sellingAndMarketingExpenses": 0, "sellingGeneralAndAdministrativeExpenses": 110373000, "otherExpenses": 8785000, "operatingExpenses": 110373000, "costAndExpenses": 1597463000, "interestIncome": 0, "interestExpense": 141720000, "depreciationAndAmortization": 720631000, "ebitda": 1940789000, "ebitdaratio": 0.6888041365, "operatingIncome": 1220158000, "operatingIncomeRatio": 0.4330454664, "totalOtherIncomeExpensesNet": -123773000, "incomeBeforeTax": 1096385000, "incomeBeforeTaxRatio": 0.389117273, "incomeTaxExpense": 186026000, "netIncome": 846074000, "netIncomeRatio": 0.3002795621, "eps": 7.1, "epsdiluted": 7.05, "weightedAverageShsOut": 119139000, "weightedAverageShsOutDil": 119980000, "link": "https://www.sec.gov/Archives/edgar/data/1520006/000152000624000078/0001520006-24-000078-index.htm", "finalLink": "https://www.sec.gov/Archives/edgar/data/1520006/000152000624000078/mtdr-20231231.htm", "calculatedOtherExpenses": 0, "calculatedOperatingExpenses": 110373000, "calculatedNetInterest": -141720000, "calculatedOtherIncome": 17947000, "calculatedIncomeNonControlling": 64285000, "calculatedEbitda": 1940789000}, {"date": "2022-12-31", "symbol": "MTDR", "reportedCurrency": "USD", "cik": "0001520006", "fillingDate": "2023-03-01", "acceptedDate": "2023-03-01 16:06:49", "calendarYear": "2022", "period": "FY", "revenue": 3058025000, "costOfRevenue": 1180105000, "grossProfit": 1877920000, "grossProfitRatio": 0.614095699, "researchAndDevelopmentExpenses": 0, "generalAndAdministrativeExpenses": 116229000, "sellingAndMarketingExpenses": 0, "sellingGeneralAndAdministrativeExpenses": 116229000, "otherExpenses": 2421000, "operatingExpenses": 118650000, "costAndExpenses": 1298755000, "interestIncome": 67164000, "interestExpense": 67164000, "depreciationAndAmortization": 461227000, "ebitda": 2220497000, "ebitdaratio": 0.7261212711, "operatingIncome": 1759270000, "operatingIncomeRatio": 0.575296147, "totalOtherIncomeExpensesNet": -73596000, "incomeBeforeTax": 1685674000, "incomeBeforeTaxRatio": 0.5512296335, "incomeTaxExpense": 399357000, "netIncome": 1214206000, "netIncomeRatio": 0.397055616, "eps": 10.28, "epsdiluted": 10.11, "weightedAverageShsOut": 118122000, "weightedAverageShsOutDil": 120131000, "link": "https://www.sec.gov/Archives/edgar/data/1520006/000152000623000056/0001520006-23-000056-index.htm", "finalLink": "https://www.sec.gov/Archives/edgar/data/1520006/000152000623000056/mtdr-20221231.htm", "calculatedOtherExpenses": 2421000, "calculatedOperatingExpenses": 118650000, "calculatedNetInterest": 0, "calculatedOtherIncome": -73596000, "calculatedIncomeNonControlling": 72111000, "calculatedEbitda": 2220497000}, {"date": "2021-12-31", "symbol": "MTDR", "reportedCurrency": "USD", "cik": "0001520006", "fillingDate": "2022-02-28", "acceptedDate": "2022-02-28 16:14:51", "calendarYear": "2021", "period": "FY", "revenue": 1662981000, "costOfRevenue": 771441000, "grossProfit": 891540000, "grossProfitRatio": 0.5361095527, "researchAndDevelopmentExpenses": 0, "generalAndAdministrativeExpenses": 96396000, "sellingAndMarketingExpenses": 0, "sellingGeneralAndAdministrativeExpenses": 96396000, "otherExpenses": 2068000, "operatingExpenses": 98464000, "costAndExpenses": 869905000, "interestIncome": 74687000, "interestExpense": 74687000, "depreciationAndAmortization": 342193000, "ebitda": 1135269000, "ebitdaratio": 0.6826710588, "operatingIncome": 793076000, "operatingIncomeRatio": 0.4769002171, "totalOtherIncomeExpensesNet": -77730000, "incomeBeforeTax": 715346000, "incomeBeforeTaxRatio": 0.4301588533, "incomeTaxExpense": 74710000, "netIncome": 584968000, "netIncomeRatio": 0.3517586791, "eps": 5, "epsdiluted": 4.91, "weightedAverageShsOut": 116999000, "weightedAverageShsOutDil": 119163000, "link": "https://www.sec.gov/Archives/edgar/data/1520006/000152000622000065/0001520006-22-000065-index.htm", "finalLink": "https://www.sec.gov/Archives/edgar/data/1520006/000152000622000065/mtdr-20211231.htm", "calculatedOtherExpenses": 2068000, "calculatedOperatingExpenses": 98464000, "calculatedNetInterest": 0, "calculatedOtherIncome": -77730000, "calculatedIncomeNonControlling": 55668000, "calculatedEbitda": 1135269000}, {"date": "2020-12-31", "symbol": "MTDR", "reportedCurrency": "USD", "cik": "0001520006", "fillingDate": "2021-02-26", "acceptedDate": "2021-02-26 17:18:23", "calendarYear": "2020", "period": "FY", "revenue": 862126000, "costOfRevenue": 634356000, "grossProfit": 227770000, "grossProfitRatio": 0.2641957208, "researchAndDevelopmentExpenses": 0, "generalAndAdministrativeExpenses": 62578000, "sellingAndMarketingExpenses": 0, "sellingGeneralAndAdministrativeExpenses": 62578000, "otherExpenses": 1948000, "operatingExpenses": 64526000, "costAndExpenses": 698882000, "interestIncome": 76692000, "interestExpense": 76692000, "depreciationAndAmortization": 361831000, "ebitda": 526939000, "ebitdaratio": 0.6112088024, "operatingIncome": 165108000, "operatingIncomeRatio": 0.1915126095, "totalOtherIncomeExpensesNet": -764267000, "incomeBeforeTax": -599159000, "incomeBeforeTaxRatio": -0.6949784602, "incomeTaxExpense": -45599000, "netIncome": -553560000, "netIncomeRatio": -0.6420871195, "eps": -4.77, "epsdiluted": -4.77, "weightedAverageShsOut": 116068000, "weightedAverageShsOutDil": 116068000, "link": "https://www.sec.gov/Archives/edgar/data/1520006/000152000621000056/0001520006-21-000056-index.htm", "finalLink": "https://www.sec.gov/Archives/edgar/data/1520006/000152000621000056/mtdr-20201231.htm", "calculatedOtherExpenses": 84000, "calculatedOperatingExpenses": 62662000, "calculatedNetInterest": 0, "calculatedOtherIncome": -764267000, "calculatedIncomeNonControlling": 0, "calculatedEbitda": 526939000}, {"date": "2019-12-31", "symbol": "MTDR", "reportedCurrency": "USD", "cik": "0001520006", "fillingDate": "2020-03-02", "acceptedDate": "2020-03-02 16:23:51", "calendarYear": "2019", "period": "FY", "revenue": 983670000, "costOfRevenue": 666314000, "grossProfit": 317356000, "grossProfitRatio": 0.3226244574, "researchAndDevelopmentExpenses": 0, "generalAndAdministrativeExpenses": 80054000, "sellingAndMarketingExpenses": 0, "sellingGeneralAndAdministrativeExpenses": 80054000, "otherExpenses": 1822000, "operatingExpenses": 81876000, "costAndExpenses": 748190000, "interestIncome": 73873000, "interestExpense": 73873000, "depreciationAndAmortization": 348414000, "ebitda": 583894000, "ebitdaratio": 0.5935872803, "operatingIncome": 235480000, "operatingIncomeRatio": 0.2393892261, "totalOtherIncomeExpensesNet": -76966000, "incomeBeforeTax": 158514000, "incomeBeforeTaxRatio": 0.1611455061, "incomeTaxExpense": 35532000, "netIncome": 122982000, "netIncomeRatio": 0.125023636, "eps": 1.06, "epsdiluted": 1.05, "weightedAverageShsOut": 116555000, "weightedAverageShsOutDil": 117063000, "link": "https://www.sec.gov/Archives/edgar/data/1520006/000152000620000037/0001520006-20-000037-index.htm", "finalLink": "https://www.sec.gov/Archives/edgar/data/1520006/000152000620000037/a20191231mtdr10-k.htm", "calculatedOtherExpenses": 1822000, "calculatedOperatingExpenses": 81876000, "calculatedNetInterest": 0, "calculatedOtherIncome": -76966000, "calculatedIncomeNonControlling": 0, "calculatedEbitda": 583894000}, {"date": "2018-12-31", "symbol": "MTDR", "reportedCurrency": "USD", "cik": "0001520006", "fillingDate": "2019-03-01", "acceptedDate": "2019-03-01 17:00:43", "calendarYear": "2018", "period": "FY", "revenue": 899599000, "costOfRevenue": 465490000, "grossProfit": 434109000, "grossProfitRatio": 0.4825583399, "researchAndDevelopmentExpenses": 0, "generalAndAdministrativeExpenses": 69308000, "sellingAndMarketingExpenses": 0, "sellingGeneralAndAdministrativeExpenses": 69308000, "otherExpenses": 1551000, "operatingExpenses": 70838000, "costAndExpenses": 536328000, "interestIncome": 0, "interestExpense": 41327000, "depreciationAndAmortization": 265142000, "ebitda": 629964000, "ebitdaratio": 0.7002720101, "operatingIncome": 363271000, "operatingIncomeRatio": 0.4038143662, "totalOtherIncomeExpensesNet": -29871000, "incomeBeforeTax": 292073000, "incomeBeforeTaxRatio": 0.3246702142, "incomeTaxExpense": -7691000, "netIncome": 274207000, "netIncomeRatio": 0.3048102543, "eps": 2.41, "epsdiluted": 2.41, "weightedAverageShsOut": 113580000, "weightedAverageShsOutDil": 113691000, "link": "https://www.sec.gov/Archives/edgar/data/1520006/000152000619000048/0001520006-19-000048-index.htm", "finalLink": "https://www.sec.gov/Archives/edgar/data/1520006/000152000619000048/a20181231mtdr10-k.htm", "calculatedOtherExpenses": 1530000, "calculatedOperatingExpenses": 70838000, "calculatedNetInterest": -41327000, "calculatedOtherIncome": -29871000, "calculatedIncomeNonControlling": 25557000, "calculatedEbitda": 628413000}, {"date": "2017-12-31", "symbol": "MTDR", "reportedCurrency": "USD", "cik": "0001520006", "fillingDate": "2018-03-01", "acceptedDate": "2018-02-28 21:42:59", "calendarYear": "2017", "period": "FY", "revenue": 544276000, "costOfRevenue": 316129000, "grossProfit": 228147000, "grossProfitRatio": 0.4191751979, "researchAndDevelopmentExpenses": 0, "generalAndAdministrativeExpenses": 66016000, "sellingAndMarketingExpenses": 0, "sellingGeneralAndAdministrativeExpenses": 66016000, "otherExpenses": 3551000, "operatingExpenses": 67306000, "costAndExpenses": 383435000, "interestIncome": 0, "interestExpense": 34565000, "depreciationAndAmortization": 177502000, "ebitda": 341894000, "ebitdaratio": 0.6281629173, "operatingIncome": 160841000, "operatingIncomeRatio": 0.2955136732, "totalOtherIncomeExpensesNet": 3574000, "incomeBeforeTax": 129850000, "incomeBeforeTaxRatio": 0.2385738118, "incomeTaxExpense": -8157000, "netIncome": 125867000, "netIncomeRatio": 0.2312558334, "eps": 1.23, "epsdiluted": 1.23, "weightedAverageShsOut": 102029000, "weightedAverageShsOutDil": 102543000, "link": "https://www.sec.gov/Archives/edgar/data/1520006/000152000618000053/0001520006-18-000053-index.htm", "finalLink": "https://www.sec.gov/Archives/edgar/data/1520006/000152000618000053/a20171231mtdr10-k.htm", "calculatedOtherExpenses": 1290000, "calculatedOperatingExpenses": 67306000, "calculatedNetInterest": -34565000, "calculatedOtherIncome": 3574000, "calculatedIncomeNonControlling": 12140000, "calculatedEbitda": 338343000}, {"date": "2016-12-31", "symbol": "MTDR", "reportedCurrency": "USD", "cik": "0001520006", "fillingDate": "2017-03-01", "acceptedDate": "2017-03-01 06:33:53", "calendarYear": "2016", "period": "FY", "revenue": 264422000, "costOfRevenue": 226685000, "grossProfit": 37737000, "grossProfitRatio": 0.142715054, "researchAndDevelopmentExpenses": 0, "generalAndAdministrativeExpenses": 55089000, "sellingAndMarketingExpenses": 0, "sellingGeneralAndAdministrativeExpenses": 55089000, "otherExpenses": -4000, "operatingExpenses": 56271000, "costAndExpenses": 282956000, "interestIncome": 0, "interestExpense": 28199000, "depreciationAndAmortization": 122048000, "ebitda": 103510000, "ebitdaratio": 0.3914575943, "operatingIncome": -177167000, "operatingIncomeRatio": -0.6700161106, "totalOtherIncomeExpensesNet": -51360000, "incomeBeforeTax": -98093000, "incomeBeforeTaxRatio": -0.3709714018, "incomeTaxExpense": -1036000, "netIncome": -97421000, "netIncomeRatio": -0.3684300096, "eps": -1.07, "epsdiluted": -1.07, "weightedAverageShsOut": 91047663, "weightedAverageShsOutDil": 91273000, "link": "https://www.sec.gov/Archives/edgar/data/1520006/000152000617000074/0001520006-17-000074-index.htm", "finalLink": "https://www.sec.gov/Archives/edgar/data/1520006/000152000617000074/mtdr10-k12312016.htm", "calculatedOtherExpenses": 159815000, "calculatedOperatingExpenses": 214904000, "calculatedNetInterest": -28199000, "calculatedOtherIncome": 107273000, "calculatedIncomeNonControlling": 364000, "calculatedEbitda": -55119000}, {"date": "2015-12-31", "symbol": "MTDR", "reportedCurrency": "USD", "cik": "0001520006", "fillingDate": "2016-02-29", "acceptedDate": "2016-02-29 07:58:54", "calendarYear": "2015", "period": "FY", "revenue": 316169000, "costOfRevenue": 272575000, "grossProfit": 43594000, "grossProfitRatio": 0.1378819555, "researchAndDevelopmentExpenses": 0, "generalAndAdministrativeExpenses": 50105000, "sellingAndMarketingExpenses": 35535000, "sellingGeneralAndAdministrativeExpenses": 50105000, "otherExpenses": 734000, "operatingExpenses": 50839000, "costAndExpenses": 323414000, "interestIncome": 2365000, "interestExpense": 21754000, "depreciationAndAmortization": 178847000, "ebitda": 173967000, "ebitdaratio": 0.5502342102, "operatingIncome": -808411000, "operatingIncomeRatio": -2.5568952048, "totalOtherIncomeExpensesNet": -800258000, "incomeBeforeTax": -826892000, "incomeBeforeTaxRatio": -2.6153481208, "incomeTaxExpense": -147368000, "netIncome": -679785000, "netIncomeRatio": -2.150068476, "eps": -8.34, "epsdiluted": -8.34, "weightedAverageShsOut": 81508992, "weightedAverageShsOutDil": 81537000, "link": "https://www.sec.gov/Archives/edgar/data/1520006/000152000616000245/0001520006-16-000245-index.htm", "finalLink": "https://www.sec.gov/Archives/edgar/data/1520006/000152000616000245/mtdr10-k12312015.htm", "calculatedOtherExpenses": 801900000, "calculatedOperatingExpenses": 852005000, "calculatedNetInterest": -19389000, "calculatedOtherIncome": 908000, "calculatedIncomeNonControlling": 261000, "calculatedEbitda": -629564000}, {"date": "2014-12-31", "symbol": "MTDR", "reportedCurrency": "USD", "cik": "0001520006", "fillingDate": "2015-03-02", "acceptedDate": "2015-03-02 17:21:45", "calendarYear": "2014", "period": "FY", "revenue": 431036000, "costOfRevenue": 219262000, "grossProfit": 211774000, "grossProfitRatio": 0.4913139506, "researchAndDevelopmentExpenses": 0, "generalAndAdministrativeExpenses": 32152000, "sellingAndMarketingExpenses": 33172000, "sellingGeneralAndAdministrativeExpenses": 32152000, "otherExpenses": 504000, "operatingExpenses": 32656000, "costAndExpenses": 251918000, "interestIncome": 1345000, "interestExpense": 5334000, "depreciationAndAmortization": 134737000, "ebitda": 315200000, "ebitdaratio": 0.731261426, "operatingIncome": 179118000, "operatingIncomeRatio": 0.4155522973, "totalOtherIncomeExpensesNet": 58302000, "incomeBeforeTax": 175129000, "incomeBeforeTaxRatio": 0.4062978498, "incomeTaxExpense": 64375000, "netIncome": 110771000, "netIncomeRatio": 0.2569878154, "eps": 1.58, "epsdiluted": 1.56, "weightedAverageShsOut": 70229000, "weightedAverageShsOutDil": 70906000, "link": "https://www.sec.gov/Archives/edgar/data/1520006/000152000615000008/0001520006-15-000008-index.htm", "finalLink": "https://www.sec.gov/Archives/edgar/data/1520006/000152000615000008/mtdr10-k12312014.htm", "calculatedOtherExpenses": 504000, "calculatedOperatingExpenses": 32656000, "calculatedNetInterest": -3989000, "calculatedOtherIncome": 0, "calculatedIncomeNonControlling": -17000, "calculatedEbitda": 313855000}, {"date": "2013-12-31", "symbol": "MTDR", "reportedCurrency": "USD", "cik": "0001520006", "fillingDate": "2014-03-17", "acceptedDate": "2014-03-17 07:30:21", "calendarYear": "2013", "period": "FY", "revenue": 260889000, "costOfRevenue": 158088000, "grossProfit": 102801000, "grossProfitRatio": 0.3940411439, "researchAndDevelopmentExpenses": 0, "generalAndAdministrativeExpenses": 20779000, "sellingAndMarketingExpenses": 20973000, "sellingGeneralAndAdministrativeExpenses": 20779000, "otherExpenses": 348000, "operatingExpenses": 21127000, "costAndExpenses": 179215000, "interestIncome": 225000, "interestExpense": 5687000, "depreciationAndAmortization": 98395000, "ebitda": 180294000, "ebitdaratio": 0.6910755149, "operatingIncome": 60445000, "operatingIncomeRatio": 0.2316885725, "totalOtherIncomeExpensesNet": -21421000, "incomeBeforeTax": 54791000, "incomeBeforeTaxRatio": 0.2100165204, "incomeTaxExpense": 9697000, "netIncome": 45094000, "netIncomeRatio": 0.1728474562, "eps": 0.77, "epsdiluted": 0.77, "weightedAverageShsOut": 58777000, "weightedAverageShsOutDil": 58929000, "link": "https://www.sec.gov/Archives/edgar/data/1520006/000152000614000017/0001520006-14-000017-index.htm", "finalLink": "https://www.sec.gov/Archives/edgar/data/1520006/000152000614000017/mtdr10-k12312013.htm", "calculatedOtherExpenses": 21577000, "calculatedOperatingExpenses": 42356000, "calculatedNetInterest": -5462000, "calculatedOtherIncome": -192000, "calculatedIncomeNonControlling": 0, "calculatedEbitda": 158840000}, {"date": "2012-12-31", "symbol": "MTDR", "reportedCurrency": "USD", "cik": "0001520006", "fillingDate": "2013-03-18", "acceptedDate": "2013-03-18 06:11:18", "calendarYear": "2012", "period": "FY", "revenue": 165156000, "costOfRevenue": 120310000, "grossProfit": 44846000, "grossProfitRatio": 0.2715372133, "researchAndDevelopmentExpenses": 0, "generalAndAdministrativeExpenses": 14543000, "sellingAndMarketingExpenses": 11672000, "sellingGeneralAndAdministrativeExpenses": 14543000, "otherExpenses": 256000, "operatingExpenses": 14799000, "costAndExpenses": 135109000, "interestIncome": 224000, "interestExpense": 1002000, "depreciationAndAmortization": 80454000, "ebitda": 110725000, "ebitdaratio": 0.670426748, "operatingIncome": -33428000, "operatingIncomeRatio": -0.202402577, "totalOtherIncomeExpensesNet": -63960000, "incomeBeforeTax": -34691000, "incomeBeforeTaxRatio": -0.2100498922, "incomeTaxExpense": -1430000, "netIncome": -33261000, "netIncomeRatio": -0.2013914118, "eps": -0.62, "epsdiluted": -0.62, "weightedAverageShsOut": 53957000, "weightedAverageShsOutDil": 53957000, "link": "https://www.sec.gov/Archives/edgar/data/1520006/000119312513111031/0001193125-13-111031-index.htm", "finalLink": "https://www.sec.gov/Archives/edgar/data/1520006/000119312513111031/d444422d10k.htm", "calculatedOtherExpenses": 63731000, "calculatedOperatingExpenses": 78274000, "calculatedNetInterest": -778000, "calculatedOtherIncome": -485000, "calculatedIncomeNonControlling": 0, "calculatedEbitda": 47026000}, {"date": "2011-12-31", "symbol": "MTDR", "reportedCurrency": "USD", "cik": "0001520006", "fillingDate": "2012-04-02", "acceptedDate": "2012-04-02 11:01:53", "calendarYear": "2011", "period": "FY", "revenue": 66999826, "costOfRevenue": 6277860, "grossProfit": 60721966, "grossProfitRatio": 0.9063003537, "researchAndDevelopmentExpenses": 0, "generalAndAdministrativeExpenses": 13394390000000, "sellingAndMarketingExpenses": 6277860000000, "sellingGeneralAndAdministrativeExpenses": 13394390, "otherExpenses": 52600916, "operatingExpenses": 52600916, "costAndExpenses": 58878776, "interestIncome": 314136, "interestExpense": 682754, "depreciationAndAmortization": 31753640, "ebitda": 40188826, "ebitdaratio": 0.5998347817, "operatingIncome": -15308266, "operatingIncomeRatio": -0.2284821755, "totalOtherIncomeExpensesNet": -23582849, "incomeBeforeTax": -15830417, "incomeBeforeTaxRatio": -0.2362754942, "incomeTaxExpense": -5521404, "netIncome": -10309013, "netIncomeRatio": -0.1538662653, "eps": -10, "epsdiluted": -10, "weightedAverageShsOut": 1030700, "weightedAverageShsOutDil": 1030700, "link": "https://www.sec.gov/Archives/edgar/data/1520006/000119312512145249/0001193125-12-145249-index.htm", "finalLink": "https://www.sec.gov/Archives/edgar/data/1520006/000119312512145249/d325766d10k.htm", "calculatedOtherExpenses": 62635842, "calculatedOperatingExpenses": 76030232, "calculatedNetInterest": -368618, "calculatedOtherIncome": -153533, "calculatedIncomeNonControlling": 0, "calculatedEbitda": 16445374}, {"date": "2010-12-31", "symbol": "MTDR", "reportedCurrency": "USD", "cik": "0001520006", "fillingDate": "2010-12-31", "acceptedDate": "2010-12-30 19:00:00", "calendarYear": "2010", "period": "FY", "revenue": 34041607, "costOfRevenue": 1981550, "grossProfit": 32060057, "grossProfitRatio": 0.9417903508, "researchAndDevelopmentExpenses": 0, "generalAndAdministrativeExpenses": 0, "sellingAndMarketingExpenses": 0, "sellingGeneralAndAdministrativeExpenses": 9701850, "otherExpenses": 30737438, "operatingExpenses": 30737438, "costAndExpenses": 32718988, "interestIncome": 364338, "interestExpense": 3235, "depreciationAndAmortization": 15596470, "ebitda": 17283427, "ebitdaratio": 0.5077147797, "operatingIncome": 9760725, "operatingIncomeRatio": 0.2867292663, "totalOtherIncomeExpensesNet": 8214416, "incomeBeforeTax": 9898138, "incomeBeforeTaxRatio": 0.2907658854, "incomeTaxExpense": 3521175, "netIncome": 6376963, "netIncomeRatio": 0.1873284948, "eps": 0.15, "epsdiluted": 0.15, "weightedAverageShsOut": 42513333, "weightedAverageShsOutDil": 42513333, "link": "", "finalLink": "", "calculatedOtherExpenses": 12597482, "calculatedOperatingExpenses": 22299332, "calculatedNetInterest": 361103, "calculatedOtherIncome": -223690, "calculatedIncomeNonControlling": 0, "calculatedEbitda": 25357195}, {"date": "2009-12-31", "symbol": "MTDR", "reportedCurrency": "USD", "cik": "0001520006", "fillingDate": "2009-12-31", "acceptedDate": "2009-12-30 19:00:00", "calendarYear": "2009", "period": "FY", "revenue": 19038514, "costOfRevenue": 1077145, "grossProfit": 17961369, "grossProfitRatio": 0.9434228428, "researchAndDevelopmentExpenses": 0, "generalAndAdministrativeExpenses": 0, "sellingAndMarketingExpenses": 0, "sellingGeneralAndAdministrativeExpenses": 7115118, "otherExpenses": 22720360, "operatingExpenses": 22720360, "costAndExpenses": 23797505, "interestIncome": 781072, "interestExpense": 0, "depreciationAndAmortization": 10742873, "ebitda": 6764954, "ebitdaratio": 0.355329938, "operatingIncome": -24752247, "operatingIncomeRatio": -1.3001144417, "totalOtherIncomeExpensesNet": -20372572, "incomeBeforeTax": -24350491, "incomeBeforeTaxRatio": -1.2790121645, "incomeTaxExpense": -9925149, "netIncome": -14425342, "netIncomeRatio": -0.7576926434, "eps": -0.36, "epsdiluted": -0.36, "weightedAverageShsOut": 40123267, "weightedAverageShsOutDil": 40123267, "link": "", "finalLink": "", "calculatedOtherExpenses": 35598498, "calculatedOperatingExpenses": 42713616, "calculatedNetInterest": 781072, "calculatedOtherIncome": -379316, "calculatedIncomeNonControlling": 0, "calculatedEbitda": -14009374}]}