{"originalCurrency": "USD", "convertedCurrency": "USD", "report": [{"date": "2023-12-31", "symbol": "MTH", "reportedCurrency": "USD", "cik": "0000833079", "fillingDate": "2024-02-14", "acceptedDate": "2024-02-14 16:15:17", "calendarYear": "2023", "period": "FY", "revenue": 6137607000, "costOfRevenue": 4618585000, "grossProfit": 1519022000, "grossProfitRatio": 0.2474941781, "researchAndDevelopmentExpenses": 0, "generalAndAdministrativeExpenses": 231722000, "sellingAndMarketingExpenses": 384911000, "sellingGeneralAndAdministrativeExpenses": 616633000, "otherExpenses": 47948000, "operatingExpenses": 616633000, "costAndExpenses": 5235218000, "interestIncome": 0, "interestExpense": 0, "depreciationAndAmortization": 25334000, "ebitda": 975671000, "ebitdaratio": 0.158966027, "operatingIncome": 1270391000, "operatingIncomeRatio": 0.2069847418, "totalOtherIncomeExpensesNet": 47041000, "incomeBeforeTax": 949430000, "incomeBeforeTaxRatio": 0.1546905822, "incomeTaxExpense": 210682000, "netIncome": 738748000, "netIncomeRatio": 0.1203641745, "eps": 20.17, "epsdiluted": 19.93, "weightedAverageShsOut": 36619000, "weightedAverageShsOutDil": 37069000, "link": "https://www.sec.gov/Archives/edgar/data/833079/000083307924000015/0000833079-24-000015-index.htm", "finalLink": "https://www.sec.gov/Archives/edgar/data/833079/000083307924000015/mth-20231231.htm", "calculatedOtherExpenses": -368002000, "calculatedOperatingExpenses": 248631000, "calculatedNetInterest": 0, "calculatedOtherIncome": -320961000, "calculatedIncomeNonControlling": 0, "calculatedEbitda": 1295725000}, {"date": "2022-12-31", "symbol": "MTH", "reportedCurrency": "USD", "cik": "0000833079", "fillingDate": "2023-02-15", "acceptedDate": "2023-02-15 16:29:21", "calendarYear": "2022", "period": "FY", "revenue": 6298154000, "costOfRevenue": 4495259000, "grossProfit": 1802895000, "grossProfitRatio": 0.2862576876, "researchAndDevelopmentExpenses": 0, "generalAndAdministrativeExpenses": 192984000, "sellingAndMarketingExpenses": 323266000, "sellingGeneralAndAdministrativeExpenses": 516250000, "otherExpenses": 2714000, "operatingExpenses": 516250000, "costAndExpenses": 5011509000, "interestIncome": 41000, "interestExpense": 41000, "depreciationAndAmortization": 24748000, "ebitda": 1314107000, "ebitdaratio": 0.2086495503, "operatingIncome": 1289359000, "operatingIncomeRatio": 0.204720145, "totalOtherIncomeExpensesNet": -41000, "incomeBeforeTax": 1289318000, "incomeBeforeTaxRatio": 0.2047136351, "incomeTaxExpense": 297126000, "netIncome": 992192000, "netIncomeRatio": 0.1575369545, "eps": 27.04, "epsdiluted": 26.74, "weightedAverageShsOut": 36694000, "weightedAverageShsOutDil": 37101000, "link": "https://www.sec.gov/Archives/edgar/data/833079/000083307923000022/0000833079-23-000022-index.htm", "finalLink": "https://www.sec.gov/Archives/edgar/data/833079/000083307923000022/mth-20221231.htm", "calculatedOtherExpenses": -2714000, "calculatedOperatingExpenses": 513536000, "calculatedNetInterest": 0, "calculatedOtherIncome": -41000, "calculatedIncomeNonControlling": 0, "calculatedEbitda": 1314107000}, {"date": "2021-12-31", "symbol": "MTH", "reportedCurrency": "USD", "cik": "0000833079", "fillingDate": "2022-02-16", "acceptedDate": "2022-02-16 11:39:05", "calendarYear": "2021", "period": "FY", "revenue": 5147326000, "costOfRevenue": 3711998000, "grossProfit": 1435328000, "grossProfitRatio": 0.278849251, "researchAndDevelopmentExpenses": 0, "generalAndAdministrativeExpenses": 181449000, "sellingAndMarketingExpenses": 285403000, "sellingGeneralAndAdministrativeExpenses": 466852000, "otherExpenses": 4864000, "operatingExpenses": 466852000, "costAndExpenses": 4178850000, "interestIncome": 318000, "interestExpense": 318000, "depreciationAndAmortization": 26245000, "ebitda": 999585000, "ebitdaratio": 0.1941950053, "operatingIncome": 973340000, "operatingIncomeRatio": 0.1890962414, "totalOtherIncomeExpensesNet": -18506000, "incomeBeforeTax": 954834000, "incomeBeforeTaxRatio": 0.1855009766, "incomeTaxExpense": 217390000, "netIncome": 737444000, "netIncomeRatio": 0.1432673975, "eps": 19.61, "epsdiluted": 19.29, "weightedAverageShsOut": 37610000, "weightedAverageShsOutDil": 38233000, "link": "https://www.sec.gov/Archives/edgar/data/833079/000083307922000011/0000833079-22-000011-index.htm", "finalLink": "https://www.sec.gov/Archives/edgar/data/833079/000083307922000011/mth-20211231.htm", "calculatedOtherExpenses": -4864000, "calculatedOperatingExpenses": 461988000, "calculatedNetInterest": 0, "calculatedOtherIncome": -18506000, "calculatedIncomeNonControlling": 0, "calculatedEbitda": 999585000}, {"date": "2020-12-31", "symbol": "MTH", "reportedCurrency": "USD", "cik": "0000833079", "fillingDate": "2021-02-12", "acceptedDate": "2021-02-12 13:37:35", "calendarYear": "2020", "period": "FY", "revenue": 4506305000, "costOfRevenue": 3530303000, "grossProfit": 976002000, "grossProfitRatio": 0.2165858725, "researchAndDevelopmentExpenses": 0, "generalAndAdministrativeExpenses": 159020000, "sellingAndMarketingExpenses": 287901000, "sellingGeneralAndAdministrativeExpenses": 446921000, "otherExpenses": 6662000, "operatingExpenses": 446921000, "costAndExpenses": 3977224000, "interestIncome": 2177000, "interestExpense": 2177000, "depreciationAndAmortization": 31052000, "ebitda": 566795000, "ebitdaratio": 0.1257782152, "operatingIncome": 535743000, "operatingIncomeRatio": 0.1188874255, "totalOtherIncomeExpensesNet": -2177000, "incomeBeforeTax": 533566000, "incomeBeforeTaxRatio": 0.1184043246, "incomeTaxExpense": 110091000, "netIncome": 423475000, "netIncomeRatio": 0.0939738877, "eps": 11.23, "epsdiluted": 11, "weightedAverageShsOut": 37718000, "weightedAverageShsOutDil": 38484000, "link": "https://www.sec.gov/Archives/edgar/data/833079/000083307921000019/0000833079-21-000019-index.htm", "finalLink": "https://www.sec.gov/Archives/edgar/data/833079/000083307921000019/mth-20201231.htm", "calculatedOtherExpenses": -6662000, "calculatedOperatingExpenses": 440259000, "calculatedNetInterest": 0, "calculatedOtherIncome": -2177000, "calculatedIncomeNonControlling": 0, "calculatedEbitda": 566795000}, {"date": "2019-12-31", "symbol": "MTH", "reportedCurrency": "USD", "cik": "0000833079", "fillingDate": "2020-02-18", "acceptedDate": "2020-02-18 11:47:57", "calendarYear": "2019", "period": "FY", "revenue": 3677843000, "costOfRevenue": 2977649000, "grossProfit": 700194000, "grossProfitRatio": 0.1903816993, "researchAndDevelopmentExpenses": 0, "generalAndAdministrativeExpenses": 146093000, "sellingAndMarketingExpenses": 246728000, "sellingGeneralAndAdministrativeExpenses": 392821000, "otherExpenses": 9577000, "operatingExpenses": 392821000, "costAndExpenses": 3370470000, "interestIncome": 8369999, "interestExpense": 8370000, "depreciationAndAmortization": 27923000, "ebitda": 344873000, "ebitdaratio": 0.0937704519, "operatingIncome": 316950000, "operatingIncomeRatio": 0.08617823, "totalOtherIncomeExpensesNet": -14005000, "incomeBeforeTax": 302945000, "incomeBeforeTaxRatio": 0.0823702915, "incomeTaxExpense": 53282000, "netIncome": 249663000, "netIncomeRatio": 0.0678829955, "eps": 6.55, "epsdiluted": 6.42, "weightedAverageShsOut": 38100000, "weightedAverageShsOutDil": 38891000, "link": "https://www.sec.gov/Archives/edgar/data/833079/000083307920000026/0000833079-20-000026-index.htm", "finalLink": "https://www.sec.gov/Archives/edgar/data/833079/000083307920000026/mth-20191231.htm", "calculatedOtherExpenses": -9577000, "calculatedOperatingExpenses": 383244000, "calculatedNetInterest": -1, "calculatedOtherIncome": -14004999, "calculatedIncomeNonControlling": 0, "calculatedEbitda": 344873000}, {"date": "2018-12-31", "symbol": "MTH", "reportedCurrency": "USD", "cik": "0000833079", "fillingDate": "2019-02-15", "acceptedDate": "2019-02-15 15:14:13", "calendarYear": "2018", "period": "FY", "revenue": 3543917000, "costOfRevenue": 2890720000, "grossProfit": 653197000, "grossProfitRatio": 0.1843149825, "researchAndDevelopmentExpenses": 0, "generalAndAdministrativeExpenses": 138478000, "sellingAndMarketingExpenses": 241897000, "sellingGeneralAndAdministrativeExpenses": 380375000, "otherExpenses": 10616000, "operatingExpenses": 380375000, "costAndExpenses": 3271095000, "interestIncome": 0, "interestExpense": 785000, "depreciationAndAmortization": 26966000, "ebitda": 311005000, "ebitdaratio": 0.0877574164, "operatingIncome": 284039000, "operatingIncomeRatio": 0.0801483218, "totalOtherIncomeExpensesNet": -785000, "incomeBeforeTax": 283254000, "incomeBeforeTaxRatio": 0.0799268154, "incomeTaxExpense": 55922000, "netIncome": 227332000, "netIncomeRatio": 0.0641471005, "eps": 5.67, "epsdiluted": 5.58, "weightedAverageShsOut": 40107000, "weightedAverageShsOutDil": 40728000, "link": "https://www.sec.gov/Archives/edgar/data/833079/000083307919000035/0000833079-19-000035-index.htm", "finalLink": "https://www.sec.gov/Archives/edgar/data/833079/000083307919000035/mth2018123110k.htm", "calculatedOtherExpenses": -11217000, "calculatedOperatingExpenses": 369158000, "calculatedNetInterest": -785000, "calculatedOtherIncome": 0, "calculatedIncomeNonControlling": 0, "calculatedEbitda": 311005000}, {"date": "2017-12-31", "symbol": "MTH", "reportedCurrency": "USD", "cik": "0000833079", "fillingDate": "2018-02-12", "acceptedDate": "2018-02-12 08:23:09", "calendarYear": "2017", "period": "FY", "revenue": 3254833000, "costOfRevenue": 2666279000, "grossProfit": 588554000, "grossProfitRatio": 0.1808246383, "researchAndDevelopmentExpenses": 0, "generalAndAdministrativeExpenses": 124041000, "sellingAndMarketingExpenses": 221647000, "sellingGeneralAndAdministrativeExpenses": 345688000, "otherExpenses": 6405000, "operatingExpenses": 345688000, "costAndExpenses": 3011967000, "interestIncome": 0, "interestExpense": 3853000, "depreciationAndAmortization": 16704000, "ebitda": 268076000, "ebitdaratio": 0.0823624438, "operatingIncome": 242866000, "operatingIncomeRatio": 0.0746170387, "totalOtherIncomeExpensesNet": 8506000, "incomeBeforeTax": 247519000, "incomeBeforeTaxRatio": 0.0760466052, "incomeTaxExpense": 104264000, "netIncome": 143255000, "netIncomeRatio": 0.0440130108, "eps": 3.56, "epsdiluted": 3.41, "weightedAverageShsOut": 40287000, "weightedAverageShsOutDil": 42228000, "link": "https://www.sec.gov/Archives/edgar/data/833079/000083307918000007/0000833079-18-000007-index.htm", "finalLink": "https://www.sec.gov/Archives/edgar/data/833079/000083307918000007/mth2017123110k.htm", "calculatedOtherExpenses": 0, "calculatedOperatingExpenses": 345688000, "calculatedNetInterest": -3853000, "calculatedOtherIncome": 8506000, "calculatedIncomeNonControlling": 0, "calculatedEbitda": 259570000}, {"date": "2016-12-31", "symbol": "MTH", "reportedCurrency": "USD", "cik": "0000833079", "fillingDate": "2017-02-17", "acceptedDate": "2017-02-17 15:23:41", "calendarYear": "2016", "period": "FY", "revenue": 3056716000, "costOfRevenue": 2503602000, "grossProfit": 553114000, "grossProfitRatio": 0.1809504056, "researchAndDevelopmentExpenses": 0, "generalAndAdministrativeExpenses": 123803000, "sellingAndMarketingExpenses": 215092000, "sellingGeneralAndAdministrativeExpenses": 338895000, "otherExpenses": 4953000, "operatingExpenses": 338895000, "costAndExpenses": 2842497000, "interestIncome": 0, "interestExpense": 5172000, "depreciationAndAmortization": 15978000, "ebitda": 239210000, "ebitdaratio": 0.0782571884, "operatingIncome": 214219000, "operatingIncomeRatio": 0.0700814207, "totalOtherIncomeExpensesNet": 9013000, "incomeBeforeTax": 218060000, "incomeBeforeTaxRatio": 0.071337998, "incomeTaxExpense": 68519000, "netIncome": 149541000, "netIncomeRatio": 0.0489221112, "eps": 3.74, "epsdiluted": 3.55, "weightedAverageShsOut": 39976000, "weightedAverageShsOutDil": 42585000, "link": "https://www.sec.gov/Archives/edgar/data/833079/000083307917000041/0000833079-17-000041-index.htm", "finalLink": "https://www.sec.gov/Archives/edgar/data/833079/000083307917000041/mth2016123110k.htm", "calculatedOtherExpenses": 0, "calculatedOperatingExpenses": 338895000, "calculatedNetInterest": -5172000, "calculatedOtherIncome": 9013000, "calculatedIncomeNonControlling": 0, "calculatedEbitda": 230197000}, {"date": "2015-12-31", "symbol": "MTH", "reportedCurrency": "USD", "cik": "0000833079", "fillingDate": "2016-02-17", "acceptedDate": "2016-02-17 13:30:03", "calendarYear": "2015", "period": "FY", "revenue": 2592556000, "costOfRevenue": 2084576000, "grossProfit": 507980000, "grossProfitRatio": 0.1959379084, "researchAndDevelopmentExpenses": 0, "generalAndAdministrativeExpenses": 112849000, "sellingAndMarketingExpenses": 188418000, "sellingGeneralAndAdministrativeExpenses": 301267000, "otherExpenses": -946000, "operatingExpenses": 301267000, "costAndExpenses": 2385843000, "interestIncome": 0, "interestExpense": 15965000, "depreciationAndAmortization": 14241000, "ebitda": 219670000, "ebitdaratio": 0.0847310531, "operatingIncome": 206713000, "operatingIncomeRatio": 0.0797332825, "totalOtherIncomeExpensesNet": -1284000, "incomeBeforeTax": 189464000, "incomeBeforeTaxRatio": 0.0730800029, "incomeTaxExpense": 60726000, "netIncome": 128738000, "netIncomeRatio": 0.0496567866, "eps": 3.25, "epsdiluted": 3.09, "weightedAverageShsOut": 39593000, "weightedAverageShsOutDil": 42164000, "link": "https://www.sec.gov/Archives/edgar/data/833079/000083307916000119/0000833079-16-000119-index.htm", "finalLink": "https://www.sec.gov/Archives/edgar/data/833079/000083307916000119/mth-10kx2015.htm", "calculatedOtherExpenses": 0, "calculatedOperatingExpenses": 301267000, "calculatedNetInterest": -15965000, "calculatedOtherIncome": -1284000, "calculatedIncomeNonControlling": 0, "calculatedEbitda": 220954000}, {"date": "2014-12-31", "symbol": "MTH", "reportedCurrency": "USD", "cik": "0000833079", "fillingDate": "2015-02-17", "acceptedDate": "2015-02-17 16:18:38", "calendarYear": "2014", "period": "FY", "revenue": 2190633000, "costOfRevenue": 1721838000, "grossProfit": 468795000, "grossProfitRatio": 0.2139997891, "researchAndDevelopmentExpenses": 0, "generalAndAdministrativeExpenses": 104598000, "sellingAndMarketingExpenses": 156742000, "sellingGeneralAndAdministrativeExpenses": 261340000, "otherExpenses": 6572000, "operatingExpenses": 261340000, "costAndExpenses": 1983178000, "interestIncome": 0, "interestExpense": 5163000, "depreciationAndAmortization": 11614000, "ebitda": 225194000, "ebitdaratio": 0.1027985975, "operatingIncome": 207455000, "operatingIncomeRatio": 0.094700938, "totalOtherIncomeExpensesNet": 6125000, "incomeBeforeTax": 208417000, "incomeBeforeTaxRatio": 0.0951400805, "incomeTaxExpense": 66176000, "netIncome": 142241000, "netIncomeRatio": 0.0649314605, "eps": 3.65, "epsdiluted": 3.46, "weightedAverageShsOut": 39017000, "weightedAverageShsOutDil": 41614000, "link": "https://www.sec.gov/Archives/edgar/data/833079/000083307915000036/0000833079-15-000036-index.htm", "finalLink": "https://www.sec.gov/Archives/edgar/data/833079/000083307915000036/mth-10kx2014.htm", "calculatedOtherExpenses": 0, "calculatedOperatingExpenses": 261340000, "calculatedNetInterest": -5163000, "calculatedOtherIncome": 6125000, "calculatedIncomeNonControlling": 0, "calculatedEbitda": 219069000}, {"date": "2013-12-31", "symbol": "MTH", "reportedCurrency": "USD", "cik": "0000833079", "fillingDate": "2014-02-19", "acceptedDate": "2014-02-19 12:17:28", "calendarYear": "2013", "period": "FY", "revenue": 1833879000, "costOfRevenue": 1421507000, "grossProfit": 412372000, "grossProfitRatio": 0.2248632543, "researchAndDevelopmentExpenses": 0, "generalAndAdministrativeExpenses": 91510000, "sellingAndMarketingExpenses": 126716000, "sellingGeneralAndAdministrativeExpenses": 218226000, "otherExpenses": 2792000, "operatingExpenses": 218226000, "costAndExpenses": 1639733000, "interestIncome": 0, "interestExpense": 15092000, "depreciationAndAmortization": 9934000, "ebitda": 206494000, "ebitdaratio": 0.1125995772, "operatingIncome": 194146000, "operatingIncomeRatio": 0.1058663085, "totalOtherIncomeExpensesNet": -1382000, "incomeBeforeTax": 177672000, "incomeBeforeTaxRatio": 0.096883164, "incomeTaxExpense": 53208000, "netIncome": 124464000, "netIncomeRatio": 0.0678692542, "eps": 3.45, "epsdiluted": 3.25, "weightedAverageShsOut": 36105000, "weightedAverageShsOutDil": 38801000, "link": "https://www.sec.gov/Archives/edgar/data/833079/000083307914000047/0000833079-14-000047-index.htm", "finalLink": "https://www.sec.gov/Archives/edgar/data/833079/000083307914000047/mth-2013_10k.htm", "calculatedOtherExpenses": 0, "calculatedOperatingExpenses": 218226000, "calculatedNetInterest": -15092000, "calculatedOtherIncome": -1382000, "calculatedIncomeNonControlling": 0, "calculatedEbitda": 204080000}, {"date": "2012-12-31", "symbol": "MTH", "reportedCurrency": "USD", "cik": "0000833079", "fillingDate": "2013-02-22", "acceptedDate": "2013-02-22 12:34:48", "calendarYear": "2012", "period": "FY", "revenue": 1193674000, "costOfRevenue": 975475000, "grossProfit": 218199000, "grossProfitRatio": 0.1827961403, "researchAndDevelopmentExpenses": 0, "generalAndAdministrativeExpenses": 68185000, "sellingAndMarketingExpenses": 94833000, "sellingGeneralAndAdministrativeExpenses": 163018000, "otherExpenses": 3689000, "operatingExpenses": 163018000, "costAndExpenses": 1138493000, "interestIncome": 0, "interestExpense": 24244000, "depreciationAndAmortization": 8196000, "ebitda": 58870000, "ebitdaratio": 0.0493183231, "operatingIncome": 55181000, "operatingIncomeRatio": 0.0462278646, "totalOtherIncomeExpensesNet": -2083000, "incomeBeforeTax": 28854000, "incomeBeforeTaxRatio": 0.024172429, "incomeTaxExpense": -76309000, "netIncome": 105163000, "netIncomeRatio": 0.0881002686, "eps": 3.09, "epsdiluted": 3, "weightedAverageShsOut": 34057000, "weightedAverageShsOutDil": 35172000, "link": "https://www.sec.gov/Archives/edgar/data/833079/000083307913000051/0000833079-13-000051-index.htm", "finalLink": "https://www.sec.gov/Archives/edgar/data/833079/000083307913000051/a10k.htm", "calculatedOtherExpenses": 0, "calculatedOperatingExpenses": 163018000, "calculatedNetInterest": -24244000, "calculatedOtherIncome": -2083000, "calculatedIncomeNonControlling": 0, "calculatedEbitda": 63377000}, {"date": "2011-12-31", "symbol": "MTH", "reportedCurrency": "USD", "cik": "0000833079", "fillingDate": "2012-02-24", "acceptedDate": "2012-02-24 13:52:11", "calendarYear": "2011", "period": "FY", "revenue": 861244000, "costOfRevenue": 720136000, "grossProfit": 141108000, "grossProfitRatio": 0.1638420703, "researchAndDevelopmentExpenses": 0, "generalAndAdministrativeExpenses": 64184000, "sellingAndMarketingExpenses": 74912000, "sellingGeneralAndAdministrativeExpenses": 139096000, "otherExpenses": 0, "operatingExpenses": 139096000, "costAndExpenses": 859232000, "interestIncome": 0, "interestExpense": 30399000, "depreciationAndAmortization": 7178000, "ebitda": 2012000, "ebitdaratio": 0.0023361556, "operatingIncome": 2012000, "operatingIncomeRatio": 0.0023361556, "totalOtherIncomeExpensesNet": 8011000, "incomeBeforeTax": -20376000, "incomeBeforeTaxRatio": -0.0236588005, "incomeTaxExpense": 730000, "netIncome": -21106000, "netIncomeRatio": -0.0245064117, "eps": -0.65, "epsdiluted": -0.65, "weightedAverageShsOut": 32382000, "weightedAverageShsOutDil": 32382000, "link": "https://www.sec.gov/Archives/edgar/data/833079/000119312512077617/0001193125-12-077617-index.htm", "finalLink": "https://www.sec.gov/Archives/edgar/data/833079/000119312512077617/d273824d10k.htm", "calculatedOtherExpenses": 0, "calculatedOperatingExpenses": 139096000, "calculatedNetInterest": -30399000, "calculatedOtherIncome": 8011000, "calculatedIncomeNonControlling": 0, "calculatedEbitda": 9190000}, {"date": "2010-12-31", "symbol": "MTH", "reportedCurrency": "USD", "cik": "0000833079", "fillingDate": "2011-02-28", "acceptedDate": "2011-02-28 14:20:03", "calendarYear": "2010", "period": "FY", "revenue": 941656000, "costOfRevenue": 773960000, "grossProfit": 167696000, "grossProfitRatio": 0.178086265, "researchAndDevelopmentExpenses": 0, "generalAndAdministrativeExpenses": 59784000, "sellingAndMarketingExpenses": 76798000, "sellingGeneralAndAdministrativeExpenses": 136582000, "otherExpenses": 0, "operatingExpenses": 136582000, "costAndExpenses": 910542000, "interestIncome": 0, "interestExpense": 33722000, "depreciationAndAmortization": 7974000, "ebitda": 31114000, "ebitdaratio": 0.0330417902, "operatingIncome": 31114000, "operatingIncomeRatio": 0.0330417902, "totalOtherIncomeExpensesNet": 5092000, "incomeBeforeTax": 2484000, "incomeBeforeTaxRatio": 0.002637906, "incomeTaxExpense": -4666000, "netIncome": 7150000, "netIncomeRatio": 0.0075930064, "eps": 0.22, "epsdiluted": 0.22, "weightedAverageShsOut": 32060000, "weightedAverageShsOutDil": 32322000, "link": "https://www.sec.gov/Archives/edgar/data/833079/000095012311019601/0000950123-11-019601-index.htm", "finalLink": "https://www.sec.gov/Archives/edgar/data/833079/000095012311019601/c13070e10vk.htm", "calculatedOtherExpenses": 0, "calculatedOperatingExpenses": 136582000, "calculatedNetInterest": -33722000, "calculatedOtherIncome": 5092000, "calculatedIncomeNonControlling": 0, "calculatedEbitda": 39088000}, {"date": "2009-12-31", "symbol": "MTH", "reportedCurrency": "USD", "cik": "0000833079", "fillingDate": "2010-03-05", "acceptedDate": "2010-03-05 14:21:36", "calendarYear": "2009", "period": "FY", "revenue": 970313000, "costOfRevenue": 966262000, "grossProfit": 4051000, "grossProfitRatio": 0.0041749415, "researchAndDevelopmentExpenses": 0, "generalAndAdministrativeExpenses": 63148000, "sellingAndMarketingExpenses": 78683000, "sellingGeneralAndAdministrativeExpenses": 141831000, "otherExpenses": -4013000, "operatingExpenses": 141831000, "costAndExpenses": 1108093000, "interestIncome": 0, "interestExpense": 36531000, "depreciationAndAmortization": 8843000, "ebitda": -137780000, "ebitdaratio": -0.141995418, "operatingIncome": -133767000, "operatingIncomeRatio": -0.1378596391, "totalOtherIncomeExpensesNet": 19512000, "incomeBeforeTax": -154799000, "incomeBeforeTaxRatio": -0.1595351191, "incomeTaxExpense": -88343000, "netIncome": -66456000, "netIncomeRatio": -0.0684892401, "eps": -2.12, "epsdiluted": -2.12, "weightedAverageShsOut": 31350000, "weightedAverageShsOutDil": 31350000, "link": "https://www.sec.gov/Archives/edgar/data/833079/000110465910012424/0001104659-10-012424-index.htm", "finalLink": "https://www.sec.gov/Archives/edgar/data/833079/000110465910012424/a10-1904_110k.htm", "calculatedOtherExpenses": -4013000, "calculatedOperatingExpenses": 137818000, "calculatedNetInterest": -36531000, "calculatedOtherIncome": 15499000, "calculatedIncomeNonControlling": 0, "calculatedEbitda": -124924000}, {"date": "2008-12-31", "symbol": "MTH", "reportedCurrency": "USD", "cik": "0000833079", "fillingDate": "2009-02-27", "acceptedDate": "2009-02-27 13:10:03", "calendarYear": "2008", "period": "FY", "revenue": 1523068000, "costOfRevenue": 1559983000, "grossProfit": -36915000, "grossProfitRatio": -0.0242372632, "researchAndDevelopmentExpenses": 0, "generalAndAdministrativeExpenses": 205091000, "sellingAndMarketingExpenses": 0, "sellingGeneralAndAdministrativeExpenses": 205091000, "otherExpenses": 0, "operatingExpenses": 205091000, "costAndExpenses": 1765074000, "interestIncome": 0, "interestExpense": -23653000, "depreciationAndAmortization": 15669000, "ebitda": -233068000, "ebitdaratio": -0.153025341, "operatingIncome": -242006000, "operatingIncomeRatio": -0.1588937592, "totalOtherIncomeExpensesNet": -10307000, "incomeBeforeTax": -275966000, "incomeBeforeTaxRatio": -0.1811908595, "incomeTaxExpense": 15969000, "netIncome": -291935000, "netIncomeRatio": -0.1916756179, "eps": -9.95, "epsdiluted": -9.95, "weightedAverageShsOut": 29330000, "weightedAverageShsOutDil": 29330000, "link": "https://www.sec.gov/Archives/edgar/data/833079/000110465909012899/0001104659-09-012899-index.htm", "finalLink": "https://www.sec.gov/Archives/edgar/data/833079/000110465909012899/a09-1183_110k.htm", "calculatedOtherExpenses": 0, "calculatedOperatingExpenses": 205091000, "calculatedNetInterest": 23653000, "calculatedOtherIncome": -57613000, "calculatedIncomeNonControlling": 0, "calculatedEbitda": -226337000}, {"date": "2007-12-31", "symbol": "MTH", "reportedCurrency": "USD", "cik": "0000833079", "fillingDate": "2008-02-25", "acceptedDate": "2008-02-25 15:44:05", "calendarYear": "2007", "period": "FY", "revenue": 2343594000, "costOfRevenue": 2330548000, "grossProfit": 13046000, "grossProfitRatio": 0.0055666639, "researchAndDevelopmentExpenses": 0, "generalAndAdministrativeExpenses": 302625000, "sellingAndMarketingExpenses": 0, "sellingGeneralAndAdministrativeExpenses": 302625000, "otherExpenses": 0, "operatingExpenses": 302625000, "costAndExpenses": 2633173000, "interestIncome": 0, "interestExpense": -6745000, "depreciationAndAmortization": 17818000, "ebitda": -151832000, "ebitdaratio": -0.0647859655, "operatingIncome": -289579000, "operatingIncomeRatio": -0.1235619309, "totalOtherIncomeExpensesNet": -160158000, "incomeBeforeTax": -456482000, "incomeBeforeTaxRatio": -0.1947786178, "incomeTaxExpense": -167631000, "netIncome": -288851000, "netIncomeRatio": -0.1232512969, "eps": -11.01, "epsdiluted": -11.01, "weightedAverageShsOut": 26225000, "weightedAverageShsOutDil": 26225000, "link": "https://www.sec.gov/Archives/edgar/data/833079/000110465908012616/0001104659-08-012616-index.htm", "finalLink": "https://www.sec.gov/Archives/edgar/data/833079/000110465908012616/a07-27708_110k.htm", "calculatedOtherExpenses": 0, "calculatedOperatingExpenses": 302625000, "calculatedNetInterest": 6745000, "calculatedOtherIncome": -173648000, "calculatedIncomeNonControlling": 0, "calculatedEbitda": -271761000}, {"date": "2006-12-31", "symbol": "MTH", "reportedCurrency": "USD", "cik": "0000833079", "fillingDate": "2007-02-26", "acceptedDate": "2007-02-26 13:39:25", "calendarYear": "2006", "period": "FY", "revenue": 3461320000, "costOfRevenue": 2748690000, "grossProfit": 712630000, "grossProfitRatio": 0.2058838824, "researchAndDevelopmentExpenses": 0, "generalAndAdministrativeExpenses": 380818000, "sellingAndMarketingExpenses": 0, "sellingGeneralAndAdministrativeExpenses": 380818000, "otherExpenses": 0, "operatingExpenses": 380818000, "costAndExpenses": 3129508000, "interestIncome": 0, "interestExpense": 0, "depreciationAndAmortization": 23729000, "ebitda": 343708000, "ebitdaratio": 0.0992996891, "operatingIncome": 331812000, "operatingIncomeRatio": 0.09586285, "totalOtherIncomeExpensesNet": 32196000, "incomeBeforeTax": 364009000, "incomeBeforeTaxRatio": 0.1051647926, "incomeTaxExpense": 138655000, "netIncome": 225354000, "netIncomeRatio": 0.0651063756, "eps": 8.52, "epsdiluted": 8.32, "weightedAverageShsOut": 26448000, "weightedAverageShsOutDil": 27102000, "link": "https://www.sec.gov/Archives/edgar/data/833079/000110465907013817/0001104659-07-013817-index.htm", "finalLink": "https://www.sec.gov/Archives/edgar/data/833079/000110465907013817/a07-3960_110k.htm", "calculatedOtherExpenses": 0, "calculatedOperatingExpenses": 380818000, "calculatedNetInterest": 0, "calculatedOtherIncome": 32197000, "calculatedIncomeNonControlling": 0, "calculatedEbitda": 355541000}, {"date": "2005-12-31", "symbol": "MTH", "reportedCurrency": "USD", "cik": "0000833079", "fillingDate": "2006-03-15", "acceptedDate": "2006-03-15 13:47:38", "calendarYear": "2005", "period": "FY", "revenue": 3001102000, "costOfRevenue": 2294112000, "grossProfit": 706990000, "grossProfitRatio": 0.2355767981, "researchAndDevelopmentExpenses": 0, "generalAndAdministrativeExpenses": 285093000, "sellingAndMarketingExpenses": 0, "sellingGeneralAndAdministrativeExpenses": 285093000, "otherExpenses": 0, "operatingExpenses": 285093000, "costAndExpenses": 2579205000, "interestIncome": 0, "interestExpense": 0, "depreciationAndAmortization": 17207000, "ebitda": 463113000, "ebitdaratio": 0.1543143152, "operatingIncome": 421897000, "operatingIncomeRatio": 0.1405806934, "totalOtherIncomeExpensesNet": -5672000, "incomeBeforeTax": 416225000, "incomeBeforeTaxRatio": 0.1386907209, "incomeTaxExpense": 160560000, "netIncome": 255665000, "netIncomeRatio": 0.0851903734, "eps": 9.48, "epsdiluted": 8.88, "weightedAverageShsOut": 26977000, "weightedAverageShsOutDil": 28787000, "link": "https://www.sec.gov/Archives/edgar/data/833079/000110465906016783/0001104659-06-016783-index.htm", "finalLink": "https://www.sec.gov/Archives/edgar/data/833079/000110465906016783/a06-1993_110k.htm", "calculatedOtherExpenses": 0, "calculatedOperatingExpenses": 285093000, "calculatedNetInterest": 0, "calculatedOtherIncome": -5672000, "calculatedIncomeNonControlling": 0, "calculatedEbitda": 439104000}, {"date": "2004-12-31", "symbol": "MTH", "reportedCurrency": "USD", "cik": "0000833079", "fillingDate": "2005-03-16", "acceptedDate": "2005-03-16 16:50:36", "calendarYear": "2004", "period": "FY", "revenue": 2040004000, "costOfRevenue": 1631534000, "grossProfit": 408470000, "grossProfitRatio": 0.2002299995, "researchAndDevelopmentExpenses": 0, "generalAndAdministrativeExpenses": 195784000, "sellingAndMarketingExpenses": 0, "sellingGeneralAndAdministrativeExpenses": 195784000, "otherExpenses": 0, "operatingExpenses": 195784000, "costAndExpenses": 1827318000, "interestIncome": 0, "interestExpense": 0, "depreciationAndAmortization": 13233000, "ebitda": 213847000, "ebitdaratio": 0.1048267552, "operatingIncome": 212686000, "operatingIncomeRatio": 0.1042576387, "totalOtherIncomeExpensesNet": 12072000, "incomeBeforeTax": 224758000, "incomeBeforeTaxRatio": 0.1101752742, "incomeTaxExpense": 85790000, "netIncome": 138968000, "netIncomeRatio": 0.0681214351, "eps": 5.33, "epsdiluted": 5.03, "weightedAverageShsOut": 26066000, "weightedAverageShsOutDil": 27610000, "link": "https://www.sec.gov/Archives/edgar/data/833079/000110465905011520/0001104659-05-011520-index.htm", "finalLink": "https://www.sec.gov/Archives/edgar/data/833079/000110465905011520/a05-1786_110k.htm", "calculatedOtherExpenses": 0, "calculatedOperatingExpenses": 195784000, "calculatedNetInterest": 0, "calculatedOtherIncome": 12072000, "calculatedIncomeNonControlling": 0, "calculatedEbitda": 225919000}, {"date": "2003-12-31", "symbol": "MTH", "reportedCurrency": "USD", "cik": "0000833079", "fillingDate": "2004-03-15", "acceptedDate": "2004-03-15 15:33:46", "calendarYear": "2003", "period": "FY", "revenue": 1471001000, "costOfRevenue": 1271388000, "grossProfit": 199613000, "grossProfitRatio": 0.1356987521, "researchAndDevelopmentExpenses": 0, "generalAndAdministrativeExpenses": 53929000, "sellingAndMarketingExpenses": 0, "sellingGeneralAndAdministrativeExpenses": 53929000, "otherExpenses": 0, "operatingExpenses": 53929000, "costAndExpenses": 1325317000, "interestIncome": 0, "interestExpense": 0, "depreciationAndAmortization": 8536000, "ebitda": 148444000, "ebitdaratio": 0.1009135956, "operatingIncome": 145684000, "operatingIncomeRatio": 0.0990373222, "totalOtherIncomeExpensesNet": 5776000, "incomeBeforeTax": 151460000, "incomeBeforeTaxRatio": 0.1029639001, "incomeTaxExpense": 57054000, "netIncome": 94406000, "netIncomeRatio": 0.0641780665, "eps": 3.62, "epsdiluted": 3.42, "weightedAverageShsOut": 26079006, "weightedAverageShsOutDil": 27604094, "link": "https://www.sec.gov/Archives/edgar/data/833079/000110465904007433/0001104659-04-007433-index.htm", "finalLink": "https://www.sec.gov/Archives/edgar/data/833079/000110465904007433/a04-3129_110k.htm", "calculatedOtherExpenses": 0, "calculatedOperatingExpenses": 53929000, "calculatedNetInterest": 0, "calculatedOtherIncome": 5776000, "calculatedIncomeNonControlling": 0, "calculatedEbitda": 154220000}, {"date": "2002-12-31", "symbol": "MTH", "reportedCurrency": "USD", "cik": "0000833079", "fillingDate": "2003-03-31", "acceptedDate": "2003-03-31 14:30:40", "calendarYear": "2002", "period": "FY", "revenue": 1119817000, "costOfRevenue": 970212000, "grossProfit": 149605000, "grossProfitRatio": 0.1335977218, "researchAndDevelopmentExpenses": 0, "generalAndAdministrativeExpenses": 41496000, "sellingAndMarketingExpenses": 0, "sellingGeneralAndAdministrativeExpenses": 41496000, "otherExpenses": 0, "operatingExpenses": 41496000, "costAndExpenses": 1011708000, "interestIncome": 0, "interestExpense": 0, "depreciationAndAmortization": 6780000, "ebitda": 109454000, "ebitdaratio": 0.0977427562, "operatingIncome": 108109000, "operatingIncomeRatio": 0.0965416671, "totalOtherIncomeExpensesNet": 5435000, "incomeBeforeTax": 113544000, "incomeBeforeTaxRatio": 0.1013951387, "incomeTaxExpense": 43607000, "netIncome": 69937000, "netIncomeRatio": 0.0624539545, "eps": 2.82, "epsdiluted": 2.66, "weightedAverageShsOut": 24800355, "weightedAverageShsOutDil": 26341620, "link": "https://www.sec.gov/Archives/edgar/data/833079/000095014703000432/0000950147-03-000432-index.htm", "finalLink": "https://www.sec.gov/Archives/edgar/data/833079/000095014703000432/e-9770.txt", "calculatedOtherExpenses": 0, "calculatedOperatingExpenses": 41496000, "calculatedNetInterest": 0, "calculatedOtherIncome": 5435000, "calculatedIncomeNonControlling": 0, "calculatedEbitda": 114889000}, {"date": "2001-12-31", "symbol": "MTH", "reportedCurrency": "USD", "cik": "0000833079", "fillingDate": "2002-03-27", "acceptedDate": "2002-03-27 00:00:00", "calendarYear": "2001", "period": "FY", "revenue": 744174000, "costOfRevenue": 627999000, "grossProfit": 116175000, "grossProfitRatio": 0.1561126833, "researchAndDevelopmentExpenses": 0, "generalAndAdministrativeExpenses": 35723000, "sellingAndMarketingExpenses": 0, "sellingGeneralAndAdministrativeExpenses": 35723000, "otherExpenses": 0, "operatingExpenses": 35723000, "costAndExpenses": 663722000, "interestIncome": 0, "interestExpense": 0, "depreciationAndAmortization": 5741000, "ebitda": 83309000, "ebitdaratio": 0.1119482809, "operatingIncome": 80452000, "operatingIncomeRatio": 0.108109125, "totalOtherIncomeExpensesNet": 2884000, "incomeBeforeTax": 83336000, "incomeBeforeTaxRatio": 0.1119845628, "incomeTaxExpense": 32444000, "netIncome": 50659000, "netIncomeRatio": 0.0680741332, "eps": 2.39, "epsdiluted": 2.15, "weightedAverageShsOut": 21196234, "weightedAverageShsOutDil": 23562326, "link": "https://www.sec.gov/Archives/edgar/data/833079/000095014702000463/0000950147-02-000463-index.htm", "finalLink": "https://www.sec.gov/Archives/edgar/data/833079/000095014702000463/e-8318.txt", "calculatedOtherExpenses": 0, "calculatedOperatingExpenses": 35723000, "calculatedNetInterest": 0, "calculatedOtherIncome": 2884000, "calculatedIncomeNonControlling": 233000, "calculatedEbitda": 86193000}, {"date": "2000-12-31", "symbol": "MTH", "reportedCurrency": "USD", "cik": "0000833079", "fillingDate": "2001-03-28", "acceptedDate": "2001-03-28 00:00:00", "calendarYear": "2000", "period": "FY", "revenue": 520467000, "costOfRevenue": 444329000, "grossProfit": 76138000, "grossProfitRatio": 0.146287853, "researchAndDevelopmentExpenses": 0, "generalAndAdministrativeExpenses": 21215000, "sellingAndMarketingExpenses": 0, "sellingGeneralAndAdministrativeExpenses": 21215000, "otherExpenses": 0, "operatingExpenses": 21215000, "costAndExpenses": 465544000, "interestIncome": 0, "interestExpense": 0, "depreciationAndAmortization": 3407000, "ebitda": 56483000, "ebitdaratio": 0.1085236912, "operatingIncome": 54923000, "operatingIncomeRatio": 0.105526383, "totalOtherIncomeExpensesNet": 1847000, "incomeBeforeTax": 56762000, "incomeBeforeTaxRatio": 0.1090597483, "incomeTaxExpense": 21000000, "netIncome": 35762000, "netIncomeRatio": 0.0687113688, "eps": 1.73, "epsdiluted": 1.57, "weightedAverageShsOut": 20671676, "weightedAverageShsOutDil": 22851118, "link": "https://www.sec.gov/Archives/edgar/data/833079/000095014701500628/0000950147-01-500628-index.htm", "finalLink": "https://www.sec.gov/Archives/edgar/data/833079/000095014701500628/e-6552.txt", "calculatedOtherExpenses": 0, "calculatedOperatingExpenses": 21215000, "calculatedNetInterest": 0, "calculatedOtherIncome": 1839000, "calculatedIncomeNonControlling": 0, "calculatedEbitda": 58330000}, {"date": "1999-12-31", "symbol": "MTH", "reportedCurrency": "USD", "cik": "0000833079", "fillingDate": "2000-03-23", "acceptedDate": "2000-03-23 00:00:00", "calendarYear": "1999", "period": "FY", "revenue": 341786181, "costOfRevenue": 296529983, "grossProfit": 45256198, "grossProfitRatio": 0.1324108478, "researchAndDevelopmentExpenses": 0, "generalAndAdministrativeExpenses": 15099457, "sellingAndMarketingExpenses": 0, "sellingGeneralAndAdministrativeExpenses": 15099457, "otherExpenses": 0, "operatingExpenses": 15099457, "costAndExpenses": 311629440, "interestIncome": 0, "interestExpense": 0, "depreciationAndAmortization": 2528346, "ebitda": 30620688, "ebitdaratio": 0.0895901874, "operatingIncome": 30156741, "operatingIncomeRatio": 0.0882327685, "totalOtherIncomeExpensesNet": 2064399, "incomeBeforeTax": 32214757, "incomeBeforeTaxRatio": 0.0942541237, "incomeTaxExpense": 13269404, "netIncome": 18945353, "netIncomeRatio": 0.0554304242, "eps": 0.88, "epsdiluted": 0.79, "weightedAverageShsOut": 21651429, "weightedAverageShsOutDil": 24133758, "link": "https://www.sec.gov/Archives/edgar/data/833079/000095014700000433/0000950147-00-000433-index.html", "finalLink": "https://www.sec.gov/Archives/edgar/data/833079/000095014700000433/", "calculatedOtherExpenses": 0, "calculatedOperatingExpenses": 15099457, "calculatedNetInterest": 0, "calculatedOtherIncome": 2058016, "calculatedIncomeNonControlling": 0, "calculatedEbitda": 32685087}, {"date": "1998-12-31", "symbol": "MTH", "reportedCurrency": "USD", "cik": "0000833079", "fillingDate": "1999-03-23", "acceptedDate": "1999-03-23 00:00:00", "calendarYear": "1998", "period": "FY", "revenue": 255984499, "costOfRevenue": 218701102, "grossProfit": 37283397, "grossProfitRatio": 0.1456470886, "researchAndDevelopmentExpenses": 0, "generalAndAdministrativeExpenses": 10632212, "sellingAndMarketingExpenses": 0, "sellingGeneralAndAdministrativeExpenses": 10632212, "otherExpenses": 0, "operatingExpenses": 10632212, "costAndExpenses": 229333314, "interestIncome": 0, "interestExpense": 0, "depreciationAndAmortization": 1637474, "ebitda": 27187958, "ebitdaratio": 0.106209392, "operatingIncome": 26651185, "operatingIncomeRatio": 0.1041124955, "totalOtherIncomeExpensesNet": 1100701, "incomeBeforeTax": 30499730, "incomeBeforeTaxRatio": 0.1191467847, "incomeTaxExpense": 6496943, "netIncome": 24002787, "netIncomeRatio": 0.0937665644, "eps": 1.13, "epsdiluted": 0.98, "weightedAverageShsOut": 21288692, "weightedAverageShsOutDil": 24492857, "link": "https://www.sec.gov/Archives/edgar/data/833079/000095014799000251/0000950147-99-000251-index.html", "finalLink": "https://www.sec.gov/Archives/edgar/data/833079/", "calculatedOtherExpenses": 0, "calculatedOperatingExpenses": 10632212, "calculatedNetInterest": 0, "calculatedOtherIncome": 3848545, "calculatedIncomeNonControlling": 0, "calculatedEbitda": 28288659}, {"date": "1997-12-31", "symbol": "MTH", "reportedCurrency": "USD", "cik": "0000833079", "fillingDate": "1998-03-25", "acceptedDate": "1998-03-25 00:00:00", "calendarYear": "1997", "period": "FY", "revenue": 149629548, "costOfRevenue": 124593782, "grossProfit": 25035766, "grossProfitRatio": 0.1673183294, "researchAndDevelopmentExpenses": 0, "generalAndAdministrativeExpenses": 15106199, "sellingAndMarketingExpenses": 0, "sellingGeneralAndAdministrativeExpenses": 15106199, "otherExpenses": 0, "operatingExpenses": 15106199, "costAndExpenses": 139699981, "interestIncome": 0, "interestExpense": 0, "depreciationAndAmortization": 432081, "ebitda": 10015377, "ebitdaratio": 0.0669344868, "operatingIncome": 9929567, "operatingIncomeRatio": 0.0663610038, "totalOtherIncomeExpensesNet": 346271, "incomeBeforeTax": 15199358, "incomeBeforeTaxRatio": 0.1015799232, "incomeTaxExpense": 961916, "netIncome": 14237442, "netIncomeRatio": 0.0951512732, "eps": 0.73, "epsdiluted": 0.67, "weightedAverageShsOut": 19456000, "weightedAverageShsOutDil": 21232000, "link": "https://www.sec.gov/Archives/edgar/data/833079/000095014798000216/0000950147-98-000216-index.html", "finalLink": "https://www.sec.gov/Archives/edgar/data/833079/", "calculatedOtherExpenses": 0, "calculatedOperatingExpenses": 15106199, "calculatedNetInterest": 0, "calculatedOtherIncome": 5269791, "calculatedIncomeNonControlling": 0, "calculatedEbitda": 10361648}, {"date": "1996-12-31", "symbol": "MTH", "reportedCurrency": "USD", "cik": "0000833079", "fillingDate": "1997-03-31", "acceptedDate": "1997-03-31 00:00:00", "calendarYear": "1996", "period": "FY", "revenue": 2200000, "costOfRevenue": 0, "grossProfit": 2200000, "grossProfitRatio": 1, "researchAndDevelopmentExpenses": 0, "generalAndAdministrativeExpenses": 0, "sellingAndMarketingExpenses": 0, "sellingGeneralAndAdministrativeExpenses": 0, "otherExpenses": 1700000, "operatingExpenses": 1700000, "costAndExpenses": 1700000, "interestIncome": 0, "interestExpense": 0, "depreciationAndAmortization": 0, "ebitda": 500000, "ebitdaratio": 0.2272727273, "operatingIncome": 500000, "operatingIncomeRatio": 0.2272727273, "totalOtherIncomeExpensesNet": 0, "incomeBeforeTax": 0, "incomeBeforeTaxRatio": 0, "incomeTaxExpense": -200000, "netIncome": 200000, "netIncomeRatio": 0.0909090909, "eps": 0.01, "epsdiluted": 0.01, "weightedAverageShsOut": 20000000, "weightedAverageShsOutDil": 20000000, "link": "https://www.sec.gov/Archives/edgar/data/833079/000095014797000194/0000950147-97-000194-index.html", "finalLink": "https://www.sec.gov/Archives/edgar/data/833079/", "calculatedOtherExpenses": 1700000, "calculatedOperatingExpenses": 1700000, "calculatedNetInterest": 0, "calculatedOtherIncome": -500000, "calculatedIncomeNonControlling": 0, "calculatedEbitda": 500000}, {"date": "1995-12-31", "symbol": "MTH", "reportedCurrency": "USD", "cik": "0000833079", "fillingDate": "1996-04-01", "acceptedDate": "1996-04-01 00:00:00", "calendarYear": "1995", "period": "FY", "revenue": 3600000, "costOfRevenue": 0, "grossProfit": 3600000, "grossProfitRatio": 1, "researchAndDevelopmentExpenses": 0, "generalAndAdministrativeExpenses": 0, "sellingAndMarketingExpenses": 0, "sellingGeneralAndAdministrativeExpenses": 0, "otherExpenses": 1600000, "operatingExpenses": 1600000, "costAndExpenses": 1600000, "interestIncome": 0, "interestExpense": 0, "depreciationAndAmortization": 0, "ebitda": 2000000, "ebitdaratio": 0.5555555556, "operatingIncome": 2000000, "operatingIncomeRatio": 0.5555555556, "totalOtherIncomeExpensesNet": 0, "incomeBeforeTax": 0, "incomeBeforeTaxRatio": 0, "incomeTaxExpense": -1100000, "netIncome": 1100000, "netIncomeRatio": 0.3055555556, "eps": 0.0275, "epsdiluted": 0.0275, "weightedAverageShsOut": 38949208, "weightedAverageShsOutDil": 38949208, "link": "https://www.sec.gov/Archives/edgar/data/833079/000095014796000116/0000950147-96-000116-index.html", "finalLink": "https://www.sec.gov/Archives/edgar/data/833079/", "calculatedOtherExpenses": 1600000, "calculatedOperatingExpenses": 1600000, "calculatedNetInterest": 0, "calculatedOtherIncome": -2000000, "calculatedIncomeNonControlling": 0, "calculatedEbitda": 2000000}, {"date": "1994-12-31", "symbol": "MTH", "reportedCurrency": "USD", "cik": "0000833079", "fillingDate": "1995-03-30", "acceptedDate": "1995-03-30 00:00:00", "calendarYear": "1994", "period": "FY", "revenue": 2100000, "costOfRevenue": 0, "grossProfit": 2100000, "grossProfitRatio": 1, "researchAndDevelopmentExpenses": 0, "generalAndAdministrativeExpenses": 0, "sellingAndMarketingExpenses": 0, "sellingGeneralAndAdministrativeExpenses": 0, "otherExpenses": 5200000, "operatingExpenses": 5200000, "costAndExpenses": 5200000, "interestIncome": 0, "interestExpense": 0, "depreciationAndAmortization": 0, "ebitda": -3100000, "ebitdaratio": -1.4761904762, "operatingIncome": -3100000, "operatingIncomeRatio": -1.4761904762, "totalOtherIncomeExpensesNet": 0, "incomeBeforeTax": 0, "incomeBeforeTaxRatio": 0, "incomeTaxExpense": 4500000, "netIncome": -4500000, "netIncomeRatio": -2.1428571429, "eps": -0.12, "epsdiluted": -0.12, "weightedAverageShsOut": 38882448, "weightedAverageShsOutDil": 38882448, "link": "https://www.sec.gov/Archives/edgar/data/833079/000095014795000043/0000950147-95-000043-index.html", "finalLink": "https://www.sec.gov/Archives/edgar/data/833079/", "calculatedOtherExpenses": 5200000, "calculatedOperatingExpenses": 5200000, "calculatedNetInterest": 0, "calculatedOtherIncome": 3100000, "calculatedIncomeNonControlling": 0, "calculatedEbitda": -3100000}, {"date": "1993-12-31", "symbol": "MTH", "reportedCurrency": "USD", "cik": "0000833079", "fillingDate": "1994-03-31", "acceptedDate": "1994-03-31 00:00:00", "calendarYear": "1993", "period": "FY", "revenue": 500000, "costOfRevenue": 0, "grossProfit": 500000, "grossProfitRatio": 1, "researchAndDevelopmentExpenses": 0, "generalAndAdministrativeExpenses": 0, "sellingAndMarketingExpenses": 0, "sellingGeneralAndAdministrativeExpenses": 0, "otherExpenses": 0, "operatingExpenses": 1800000, "costAndExpenses": 1800000, "interestIncome": 0, "interestExpense": 0, "depreciationAndAmortization": 0, "ebitda": -1300000, "ebitdaratio": -2.6, "operatingIncome": -1300000, "operatingIncomeRatio": -2.6, "totalOtherIncomeExpensesNet": 0, "incomeBeforeTax": 0, "incomeBeforeTaxRatio": 0, "incomeTaxExpense": 32000000, "netIncome": -32000000, "netIncomeRatio": -64, "eps": -2.47, "epsdiluted": -2.47, "weightedAverageShsOut": 12968592, "weightedAverageShsOutDil": 12968592, "link": "https://www.sec.gov/Archives/edgar/data/833079/000095014794000036/0000950147-94-000036-index.html", "finalLink": "https://www.sec.gov/Archives/edgar/data/833079/", "calculatedOtherExpenses": 1800000, "calculatedOperatingExpenses": 1800000, "calculatedNetInterest": 0, "calculatedOtherIncome": 1300000, "calculatedIncomeNonControlling": 0, "calculatedEbitda": -1300000}, {"date": "1992-12-31", "symbol": "MTH", "reportedCurrency": "USD", "cik": "0000833079", "fillingDate": "1992-12-31", "acceptedDate": "1992-12-30 19:00:00", "calendarYear": "1992", "period": "FY", "revenue": 60900000, "costOfRevenue": 0, "grossProfit": 60900000, "grossProfitRatio": 1, "researchAndDevelopmentExpenses": 0, "generalAndAdministrativeExpenses": 0, "sellingAndMarketingExpenses": 0, "sellingGeneralAndAdministrativeExpenses": 0, "otherExpenses": 0, "operatingExpenses": 5100000, "costAndExpenses": 5100000, "interestIncome": 0, "interestExpense": 0, "depreciationAndAmortization": 0, "ebitda": 55800000, "ebitdaratio": 0.9162561576, "operatingIncome": 55800000, "operatingIncomeRatio": 0.9162561576, "totalOtherIncomeExpensesNet": 0, "incomeBeforeTax": 0, "incomeBeforeTaxRatio": 0, "incomeTaxExpense": 19100000, "netIncome": -19100000, "netIncomeRatio": -0.3136288998, "eps": -1.45, "epsdiluted": -1.45, "weightedAverageShsOut": 13195164, "weightedAverageShsOutDil": 13195164, "link": "", "finalLink": "", "calculatedOtherExpenses": 5100000, "calculatedOperatingExpenses": 5100000, "calculatedNetInterest": 0, "calculatedOtherIncome": -55800000, "calculatedIncomeNonControlling": 0, "calculatedEbitda": 55800000}, {"date": "1991-12-31", "symbol": "MTH", "reportedCurrency": "USD", "cik": "0000833079", "fillingDate": "1991-12-31", "acceptedDate": "1991-12-30 19:00:00", "calendarYear": "1991", "period": "FY", "revenue": 96900000, "costOfRevenue": 0, "grossProfit": 96900000, "grossProfitRatio": 1, "researchAndDevelopmentExpenses": 0, "generalAndAdministrativeExpenses": 0, "sellingAndMarketingExpenses": 0, "sellingGeneralAndAdministrativeExpenses": 0, "otherExpenses": 0, "operatingExpenses": 2900000, "costAndExpenses": 2900000, "interestIncome": 0, "interestExpense": 0, "depreciationAndAmortization": 0, "ebitda": 94000000, "ebitdaratio": 0.9700722394, "operatingIncome": 94000000, "operatingIncomeRatio": 0.9700722394, "totalOtherIncomeExpensesNet": 0, "incomeBeforeTax": 0, "incomeBeforeTaxRatio": 0, "incomeTaxExpense": -8000000, "netIncome": 8000000, "netIncomeRatio": 0.0825593395, "eps": 0.61, "epsdiluted": 0.61, "weightedAverageShsOut": 13168724, "weightedAverageShsOutDil": 13168724, "link": "", "finalLink": "", "calculatedOtherExpenses": 2900000, "calculatedOperatingExpenses": 2900000, "calculatedNetInterest": 0, "calculatedOtherIncome": -94000000, "calculatedIncomeNonControlling": 0, "calculatedEbitda": 94000000}, {"date": "1990-12-31", "symbol": "MTH", "reportedCurrency": "USD", "cik": "0000833079", "fillingDate": "1990-12-31", "acceptedDate": "1990-12-30 19:00:00", "calendarYear": "1990", "period": "FY", "revenue": 42900000, "costOfRevenue": 0, "grossProfit": 42900000, "grossProfitRatio": 1, "researchAndDevelopmentExpenses": 0, "generalAndAdministrativeExpenses": 0, "sellingAndMarketingExpenses": 0, "sellingGeneralAndAdministrativeExpenses": 0, "otherExpenses": 0, "operatingExpenses": 3500000, "costAndExpenses": 3500000, "interestIncome": 0, "interestExpense": 0, "depreciationAndAmortization": 0, "ebitda": 39400000, "ebitdaratio": 0.9184149184, "operatingIncome": 39400000, "operatingIncomeRatio": 0.9184149184, "totalOtherIncomeExpensesNet": 0, "incomeBeforeTax": 0, "incomeBeforeTaxRatio": 0, "incomeTaxExpense": -10800000, "netIncome": 10800000, "netIncomeRatio": 0.2517482517, "eps": 0.83, "epsdiluted": 0.83, "weightedAverageShsOut": 12972973, "weightedAverageShsOutDil": 12972973, "link": "", "finalLink": "", "calculatedOtherExpenses": 3500000, "calculatedOperatingExpenses": 3500000, "calculatedNetInterest": 0, "calculatedOtherIncome": -39400000, "calculatedIncomeNonControlling": 0, "calculatedEbitda": 39400000}, {"date": "1989-12-31", "symbol": "MTH", "reportedCurrency": "USD", "cik": "0000833079", "fillingDate": "1989-12-31", "acceptedDate": "1989-12-30 19:00:00", "calendarYear": "1989", "period": "FY", "revenue": 41400000, "costOfRevenue": 0, "grossProfit": 41400000, "grossProfitRatio": 1, "researchAndDevelopmentExpenses": 0, "generalAndAdministrativeExpenses": 0, "sellingAndMarketingExpenses": 0, "sellingGeneralAndAdministrativeExpenses": 0, "otherExpenses": 0, "operatingExpenses": 3900000, "costAndExpenses": 3900000, "interestIncome": 0, "interestExpense": 0, "depreciationAndAmortization": 0, "ebitda": 37500000, "ebitdaratio": 0.9057971014, "operatingIncome": 37500000, "operatingIncomeRatio": 0.9057971014, "totalOtherIncomeExpensesNet": 0, "incomeBeforeTax": 0, "incomeBeforeTaxRatio": 0, "incomeTaxExpense": -6500000, "netIncome": 6500000, "netIncomeRatio": 0.1570048309, "eps": 0.55, "epsdiluted": 0.55, "weightedAverageShsOut": 11872146, "weightedAverageShsOutDil": 11872146, "link": "", "finalLink": "", "calculatedOtherExpenses": 3900000, "calculatedOperatingExpenses": 3900000, "calculatedNetInterest": 0, "calculatedOtherIncome": -37500000, "calculatedIncomeNonControlling": 0, "calculatedEbitda": 37500000}]}