{"originalCurrency": "USD", "convertedCurrency": "USD", "report": [{"date": "2023-09-29", "symbol": "MTSI", "reportedCurrency": "USD", "cik": "0001493594", "fillingDate": "2023-11-13", "acceptedDate": "2023-11-13 16:09:32", "calendarYear": "2023", "period": "FY", "revenue": 648407000, "costOfRevenue": 262610000, "grossProfit": 385797000, "grossProfitRatio": 0.5949920343, "researchAndDevelopmentExpenses": 148545000, "generalAndAdministrativeExpenses": 0, "sellingAndMarketingExpenses": 0, "sellingGeneralAndAdministrativeExpenses": 129852000, "otherExpenses": -665000, "operatingExpenses": 278397000, "costAndExpenses": 541007000, "interestIncome": 20807000, "interestExpense": 8423000, "depreciationAndAmortization": 52153000, "ebitda": 159553000, "ebitdaratio": 0.2460692127, "operatingIncome": 107400000, "operatingIncomeRatio": 0.1656367066, "totalOtherIncomeExpensesNet": -665000, "incomeBeforeTax": 115158000, "incomeBeforeTaxRatio": 0.1776014139, "incomeTaxExpense": 23581000, "netIncome": 91577000, "netIncomeRatio": 0.1412338238, "eps": 1.29, "epsdiluted": 1.28, "weightedAverageShsOut": 70801000, "weightedAverageShsOutDil": 71503000, "link": "https://www.sec.gov/Archives/edgar/data/1493594/000149359423000081/0001493594-23-000081-index.htm", "finalLink": "https://www.sec.gov/Archives/edgar/data/1493594/000149359423000081/mtsi-20230929.htm", "calculatedOtherExpenses": 0, "calculatedOperatingExpenses": 278397000, "calculatedNetInterest": 12384000, "calculatedOtherIncome": -4626000, "calculatedIncomeNonControlling": 0, "calculatedEbitda": 159553000}, {"date": "2022-09-30", "symbol": "MTSI", "reportedCurrency": "USD", "cik": "0001493594", "fillingDate": "2022-11-14", "acceptedDate": "2022-11-14 16:36:03", "calendarYear": "2022", "period": "FY", "revenue": 675170000, "costOfRevenue": 268989000, "grossProfit": 406181000, "grossProfitRatio": 0.601598116, "researchAndDevelopmentExpenses": 148228000, "generalAndAdministrativeExpenses": 0, "sellingAndMarketingExpenses": 0, "sellingGeneralAndAdministrativeExpenses": 125279000, "otherExpenses": 114746000, "operatingExpenses": 273507000, "costAndExpenses": 542496000, "interestIncome": 4251000, "interestExpense": 4300000, "depreciationAndAmortization": 57229000, "ebitda": 304649000, "ebitdaratio": 0.4512182117, "operatingIncome": 247420000, "operatingIncomeRatio": 0.3664558556, "totalOtherIncomeExpensesNet": -4300000, "incomeBeforeTax": 243120000, "incomeBeforeTaxRatio": 0.3600870892, "incomeTaxExpense": -196835000, "netIncome": 439955000, "netIncomeRatio": 0.6516210732, "eps": 6.3, "epsdiluted": 6.18, "weightedAverageShsOut": 69783000, "weightedAverageShsOutDil": 71166000, "link": "https://www.sec.gov/Archives/edgar/data/1493594/000149359422000047/0001493594-22-000047-index.htm", "finalLink": "https://www.sec.gov/Archives/edgar/data/1493594/000149359422000047/mtsi-20220930.htm", "calculatedOtherExpenses": -114746000, "calculatedOperatingExpenses": 158761000, "calculatedNetInterest": -49000, "calculatedOtherIncome": -4251000, "calculatedIncomeNonControlling": 0, "calculatedEbitda": 304649000}, {"date": "2021-10-01", "symbol": "MTSI", "reportedCurrency": "USD", "cik": "0001493594", "fillingDate": "2021-11-15", "acceptedDate": "2021-11-15 16:20:15", "calendarYear": "2021", "period": "FY", "revenue": 606920000, "costOfRevenue": 265065000, "grossProfit": 341855000, "grossProfitRatio": 0.5632620444, "researchAndDevelopmentExpenses": 138844000, "generalAndAdministrativeExpenses": 0, "sellingAndMarketingExpenses": 0, "sellingGeneralAndAdministrativeExpenses": 122009000, "otherExpenses": -6334000, "operatingExpenses": 260853000, "costAndExpenses": 525918000, "interestIncome": 1470000, "interestExpense": 20593000, "depreciationAndAmortization": 63619000, "ebitda": 144621000, "ebitdaratio": 0.2382867594, "operatingIncome": 81002000, "operatingIncomeRatio": 0.133464048, "totalOtherIncomeExpensesNet": -38057000, "incomeBeforeTax": 42945000, "incomeBeforeTaxRatio": 0.0707589139, "incomeTaxExpense": 4972000, "netIncome": 37973000, "netIncomeRatio": 0.0625667304, "eps": 0.55, "epsdiluted": 0.54, "weightedAverageShsOut": 68449000, "weightedAverageShsOutDil": 70474000, "link": "https://www.sec.gov/Archives/edgar/data/1493594/000149359421000079/0001493594-21-000079-index.htm", "finalLink": "https://www.sec.gov/Archives/edgar/data/1493594/000149359421000079/mtsi-20211001.htm", "calculatedOtherExpenses": 0, "calculatedOperatingExpenses": 260853000, "calculatedNetInterest": -19123000, "calculatedOtherIncome": -18934000, "calculatedIncomeNonControlling": 0, "calculatedEbitda": 144621000}, {"date": "2020-10-02", "symbol": "MTSI", "reportedCurrency": "USD", "cik": "0001493594", "fillingDate": "2020-11-18", "acceptedDate": "2020-11-18 16:08:39", "calendarYear": "2020", "period": "FY", "revenue": 530037000, "costOfRevenue": 259871000, "grossProfit": 270166000, "grossProfitRatio": 0.5097115862, "researchAndDevelopmentExpenses": 141333000, "generalAndAdministrativeExpenses": 0, "sellingAndMarketingExpenses": 0, "sellingGeneralAndAdministrativeExpenses": 124306000, "otherExpenses": -4622000, "operatingExpenses": 265639000, "costAndExpenses": 525510000, "interestIncome": 27380000, "interestExpense": 27380000, "depreciationAndAmortization": 78826000, "ebitda": 78731000, "ebitdaratio": 0.1485386869, "operatingIncome": -95000, "operatingIncomeRatio": -0.0001792328, "totalOtherIncomeExpensesNet": -41467000, "incomeBeforeTax": -41562000, "incomeBeforeTaxRatio": -0.0784133938, "incomeTaxExpense": 4516000, "netIncome": -46078000, "netIncomeRatio": -0.0869335537, "eps": -0.69, "epsdiluted": -0.69, "weightedAverageShsOut": 66605999, "weightedAverageShsOutDil": 66605999, "link": "https://www.sec.gov/Archives/edgar/data/1493594/000149359420000063/0001493594-20-000063-index.htm", "finalLink": "https://www.sec.gov/Archives/edgar/data/1493594/000149359420000063/mtsi-20201002.htm", "calculatedOtherExpenses": 4622000, "calculatedOperatingExpenses": 270261000, "calculatedNetInterest": 0, "calculatedOtherIncome": -41467000, "calculatedIncomeNonControlling": 0, "calculatedEbitda": 78731000}, {"date": "2019-09-27", "symbol": "MTSI", "reportedCurrency": "USD", "cik": "0001493594", "fillingDate": "2019-11-26", "acceptedDate": "2019-11-25 19:06:34", "calendarYear": "2019", "period": "FY", "revenue": 499708000, "costOfRevenue": 279000000, "grossProfit": 220708000, "grossProfitRatio": 0.4416739376, "researchAndDevelopmentExpenses": 163469000, "generalAndAdministrativeExpenses": 0, "sellingAndMarketingExpenses": 0, "sellingGeneralAndAdministrativeExpenses": 153286000, "otherExpenses": -7739000, "operatingExpenses": 316755000, "costAndExpenses": 595755000, "interestIncome": 35803000, "interestExpense": 35803000, "depreciationAndAmortization": 104418000, "ebitda": 632000, "ebitdaratio": 0.0012647386, "operatingIncome": -103786000, "operatingIncomeRatio": -0.2076932929, "totalOtherIncomeExpensesNet": -319367000, "incomeBeforeTax": -423153000, "incomeBeforeTaxRatio": -0.8468005315, "incomeTaxExpense": -36950000, "netIncome": -386203000, "netIncomeRatio": -0.7728573487, "eps": -5.88, "epsdiluted": -5.88, "weightedAverageShsOut": 65686000, "weightedAverageShsOutDil": 65686000, "link": "https://www.sec.gov/Archives/edgar/data/1493594/000149359419000064/0001493594-19-000064-index.htm", "finalLink": "https://www.sec.gov/Archives/edgar/data/1493594/000149359419000064/mtsi10-k2019.htm", "calculatedOtherExpenses": 7739000, "calculatedOperatingExpenses": 324494000, "calculatedNetInterest": 0, "calculatedOtherIncome": -319367000, "calculatedIncomeNonControlling": 0, "calculatedEbitda": 632000}, {"date": "2018-09-28", "symbol": "MTSI", "reportedCurrency": "USD", "cik": "0001493594", "fillingDate": "2018-11-16", "acceptedDate": "2018-11-15 21:20:10", "calendarYear": "2018", "period": "FY", "revenue": 570398000, "costOfRevenue": 324692000, "grossProfit": 245706000, "grossProfitRatio": 0.43076238, "researchAndDevelopmentExpenses": 177713000, "generalAndAdministrativeExpenses": 0, "sellingAndMarketingExpenses": 0, "sellingGeneralAndAdministrativeExpenses": 161673000, "otherExpenses": -45023000, "operatingExpenses": 339386000, "costAndExpenses": 664078000, "interestIncome": 0, "interestExpense": 31338000, "depreciationAndAmortization": 112383000, "ebitda": -26320000, "ebitdaratio": -0.0461432193, "operatingIncome": -106520000, "operatingIncomeRatio": -0.1867467978, "totalOtherIncomeExpensesNet": -30217000, "incomeBeforeTax": -155235000, "incomeBeforeTaxRatio": -0.2721520763, "incomeTaxExpense": -21473000, "netIncome": -139977000, "netIncomeRatio": -0.2454023331, "eps": -2.16, "epsdiluted": -2.14, "weightedAverageShsOut": 64741000, "weightedAverageShsOutDil": 65311000, "link": "https://www.sec.gov/Archives/edgar/data/1493594/000149359418000034/0001493594-18-000034-index.htm", "finalLink": "https://www.sec.gov/Archives/edgar/data/1493594/000149359418000034/mtsi10-k2018.htm", "calculatedOtherExpenses": 12840000, "calculatedOperatingExpenses": 352226000, "calculatedNetInterest": -31338000, "calculatedOtherIncome": -17377000, "calculatedIncomeNonControlling": 6215000, "calculatedEbitda": 5863000}, {"date": "2017-09-29", "symbol": "MTSI", "reportedCurrency": "USD", "cik": "0001493594", "fillingDate": "2017-11-15", "acceptedDate": "2017-11-15 17:15:34", "calendarYear": "2017", "period": "FY", "revenue": 698772000, "costOfRevenue": 371888000, "grossProfit": 326884000, "grossProfitRatio": 0.4677977938, "researchAndDevelopmentExpenses": 147986000, "generalAndAdministrativeExpenses": 0, "sellingAndMarketingExpenses": 0, "sellingGeneralAndAdministrativeExpenses": 187886000, "otherExpenses": -2044000, "operatingExpenses": 335872000, "costAndExpenses": 707760000, "interestIncome": 0, "interestExpense": 28855000, "depreciationAndAmortization": 92998000, "ebitda": -11032000, "ebitdaratio": -0.0157876961, "operatingIncome": -16084000, "operatingIncomeRatio": -0.0230175222, "totalOtherIncomeExpensesNet": -11662000, "incomeBeforeTax": -49505000, "incomeBeforeTaxRatio": -0.0708457122, "incomeTaxExpense": 100911000, "netIncome": -169493000, "netIncomeRatio": -0.2425583738, "eps": -2.79, "epsdiluted": -2.79, "weightedAverageShsOut": 60651612, "weightedAverageShsOutDil": 60704000, "link": "https://www.sec.gov/Archives/edgar/data/1493594/000149359417000055/0001493594-17-000055-index.htm", "finalLink": "https://www.sec.gov/Archives/edgar/data/1493594/000149359417000055/mtsi10-k2017.htm", "calculatedOtherExpenses": 7096000, "calculatedOperatingExpenses": 342968000, "calculatedNetInterest": -28855000, "calculatedOtherIncome": -4566000, "calculatedIncomeNonControlling": 19077000, "calculatedEbitda": 76914000}, {"date": "2016-09-30", "symbol": "MTSI", "reportedCurrency": "USD", "cik": "0001493594", "fillingDate": "2016-11-17", "acceptedDate": "2016-11-17 16:44:05", "calendarYear": "2016", "period": "FY", "revenue": 544338000, "costOfRevenue": 262729000, "grossProfit": 281609000, "grossProfitRatio": 0.5173421661, "researchAndDevelopmentExpenses": 107698000, "generalAndAdministrativeExpenses": 0, "sellingAndMarketingExpenses": 0, "sellingGeneralAndAdministrativeExpenses": 145433000, "otherExpenses": 39000, "operatingExpenses": 253131000, "costAndExpenses": 515860000, "interestIncome": 0, "interestExpense": 18427000, "depreciationAndAmortization": 70591000, "ebitda": 28517000, "ebitdaratio": 0.0523884057, "operatingIncome": 13248000, "operatingIncomeRatio": 0.0243378195, "totalOtherIncomeExpensesNet": -31622000, "incomeBeforeTax": -21571000, "incomeBeforeTaxRatio": -0.0396279518, "incomeTaxExpense": -17983000, "netIncome": 1434000, "netIncomeRatio": 0.0026343926, "eps": 0.03, "epsdiluted": 0.03, "weightedAverageShsOut": 51257142, "weightedAverageShsOutDil": 53364000, "link": "https://www.sec.gov/Archives/edgar/data/1493594/000149359416000016/0001493594-16-000016-index.htm", "finalLink": "https://www.sec.gov/Archives/edgar/data/1493594/000149359416000016/mtsi10-k2016.htm", "calculatedOtherExpenses": 15230000, "calculatedOperatingExpenses": 268361000, "calculatedNetInterest": -18427000, "calculatedOtherIncome": -16392000, "calculatedIncomeNonControlling": -5022000, "calculatedEbitda": 83839000}, {"date": "2015-10-02", "symbol": "MTSI", "reportedCurrency": "USD", "cik": "0001493594", "fillingDate": "2015-11-24", "acceptedDate": "2015-11-24 17:30:40", "calendarYear": "2015", "period": "FY", "revenue": 420609000, "costOfRevenue": 217019000, "grossProfit": 203590000, "grossProfitRatio": 0.4840362427, "researchAndDevelopmentExpenses": 82188000, "generalAndAdministrativeExpenses": 0, "sellingAndMarketingExpenses": 0, "sellingGeneralAndAdministrativeExpenses": 110030000, "otherExpenses": -1096000, "operatingExpenses": 192218000, "costAndExpenses": 409237000, "interestIncome": 0, "interestExpense": 18376000, "depreciationAndAmortization": 54708000, "ebitda": 10276000, "ebitdaratio": 0.0244312414, "operatingIncome": 10092000, "operatingIncomeRatio": 0.0239937804, "totalOtherIncomeExpensesNet": -8396000, "incomeBeforeTax": -15400000, "incomeBeforeTaxRatio": -0.036613577, "incomeTaxExpense": -9858000, "netIncome": 48589000, "netIncomeRatio": 0.1155205904, "eps": 0.95, "epsdiluted": 0.95, "weightedAverageShsOut": 50381818, "weightedAverageShsOutDil": 51146000, "link": "https://www.sec.gov/Archives/edgar/data/1493594/000119312515387199/0001193125-15-387199-index.htm", "finalLink": "https://www.sec.gov/Archives/edgar/data/1493594/000119312515387199/d92356d10k.htm", "calculatedOtherExpenses": 1280000, "calculatedOperatingExpenses": 193498000, "calculatedNetInterest": -18376000, "calculatedOtherIncome": -7116000, "calculatedIncomeNonControlling": -54131000, "calculatedEbitda": 64800000}, {"date": "2014-10-03", "symbol": "MTSI", "reportedCurrency": "USD", "cik": "0001493594", "fillingDate": "2014-12-09", "acceptedDate": "2014-12-09 17:22:36", "calendarYear": "2014", "period": "FY", "revenue": 418662000, "costOfRevenue": 249674000, "grossProfit": 168988000, "grossProfitRatio": 0.4036382571, "researchAndDevelopmentExpenses": 73685000, "generalAndAdministrativeExpenses": 0, "sellingAndMarketingExpenses": 0, "sellingGeneralAndAdministrativeExpenses": 86179000, "otherExpenses": 3217000, "operatingExpenses": 159864000, "costAndExpenses": 409538000, "interestIncome": 0, "interestExpense": 12362000, "depreciationAndAmortization": 52671000, "ebitda": 12341000, "ebitdaratio": 0.0294772394, "operatingIncome": -5699000, "operatingIncomeRatio": -0.0136124129, "totalOtherIncomeExpensesNet": -15534000, "incomeBeforeTax": -18772000, "incomeBeforeTaxRatio": -0.0448380794, "incomeTaxExpense": -8054000, "netIncome": -15323000, "netIncomeRatio": -0.0365999303, "eps": -0.33, "epsdiluted": -0.33, "weightedAverageShsOut": 46818867, "weightedAverageShsOutDil": 47009000, "link": "https://www.sec.gov/Archives/edgar/data/1493594/000119312514437842/0001193125-14-437842-index.htm", "finalLink": "https://www.sec.gov/Archives/edgar/data/1493594/000119312514437842/d817839d10k.htm", "calculatedOtherExpenses": 14823000, "calculatedOperatingExpenses": 174687000, "calculatedNetInterest": -12362000, "calculatedOtherIncome": -711000, "calculatedIncomeNonControlling": 4605000, "calculatedEbitda": 46972000}, {"date": "2013-09-27", "symbol": "MTSI", "reportedCurrency": "USD", "cik": "0001493594", "fillingDate": "2013-12-05", "acceptedDate": "2013-12-04 21:46:59", "calendarYear": "2013", "period": "FY", "revenue": 318718000, "costOfRevenue": 179019000, "grossProfit": 139699000, "grossProfitRatio": 0.438315376, "researchAndDevelopmentExpenses": 40631000, "generalAndAdministrativeExpenses": 0, "sellingAndMarketingExpenses": 0, "sellingGeneralAndAdministrativeExpenses": 49642000, "otherExpenses": 372000, "operatingExpenses": 90273000, "costAndExpenses": 269292000, "interestIncome": 0, "interestExpense": 817000, "depreciationAndAmortization": 13674000, "ebitda": 45486000, "ebitdaratio": 0.142715504, "operatingIncome": 41803000, "operatingIncomeRatio": 0.1311598341, "totalOtherIncomeExpensesNet": -11563000, "incomeBeforeTax": 37046000, "incomeBeforeTaxRatio": 0.1162344141, "incomeTaxExpense": 9335000, "netIncome": 27711000, "netIncomeRatio": 0.0869451992, "eps": 0.6, "epsdiluted": 0.59, "weightedAverageShsOut": 45916000, "weightedAverageShsOutDil": 47302000, "link": "https://www.sec.gov/Archives/edgar/data/1493594/000119312513462528/0001193125-13-462528-index.htm", "finalLink": "https://www.sec.gov/Archives/edgar/data/1493594/000119312513462528/d616377d10k.htm", "calculatedOtherExpenses": 7623000, "calculatedOperatingExpenses": 97896000, "calculatedNetInterest": -817000, "calculatedOtherIncome": -3940000, "calculatedIncomeNonControlling": 0, "calculatedEbitda": 55477000}, {"date": "2012-09-28", "symbol": "MTSI", "reportedCurrency": "USD", "cik": "0001493594", "fillingDate": "2012-11-28", "acceptedDate": "2012-11-27 19:30:56", "calendarYear": "2012", "period": "FY", "revenue": 302203000, "costOfRevenue": 167301000, "grossProfit": 134902000, "grossProfitRatio": 0.4463953038, "researchAndDevelopmentExpenses": 35817000, "generalAndAdministrativeExpenses": 0, "sellingAndMarketingExpenses": 0, "sellingGeneralAndAdministrativeExpenses": 44754000, "otherExpenses": -3922000, "operatingExpenses": 76649000, "costAndExpenses": 243950000, "interestIncome": 0, "interestExpense": 695000, "depreciationAndAmortization": 12233000, "ebitda": 70486000, "ebitdaratio": 0.2332405701, "operatingIncome": 56391000, "operatingIncomeRatio": 0.1865997359, "totalOtherIncomeExpensesNet": -42621000, "incomeBeforeTax": 14937000, "incomeBeforeTaxRatio": 0.0494270408, "incomeTaxExpense": 15953000, "netIncome": -1016000, "netIncomeRatio": -0.0033619785, "eps": -0.041, "epsdiluted": -0.041, "weightedAverageShsOut": 24758000, "weightedAverageShsOutDil": 24758000, "link": "https://www.sec.gov/Archives/edgar/data/1493594/000119312512482461/0001193125-12-482461-index.htm", "finalLink": "https://www.sec.gov/Archives/edgar/data/1493594/000119312512482461/d431171d10k.htm", "calculatedOtherExpenses": -2060000, "calculatedOperatingExpenses": 78511000, "calculatedNetInterest": -695000, "calculatedOtherIncome": -40759000, "calculatedIncomeNonControlling": 0, "calculatedEbitda": 68624000}, {"date": "2011-09-30", "symbol": "MTSI", "reportedCurrency": "USD", "cik": "0001493594", "fillingDate": "2011-09-30", "acceptedDate": "2011-09-29 20:00:00", "calendarYear": "2011", "period": "FY", "revenue": 310295000, "costOfRevenue": 178435000, "grossProfit": 131860000, "grossProfitRatio": 0.4249504504, "researchAndDevelopmentExpenses": 36121000, "generalAndAdministrativeExpenses": 0, "sellingAndMarketingExpenses": 0, "sellingGeneralAndAdministrativeExpenses": 48103000, "otherExpenses": 210000, "operatingExpenses": 84434000, "costAndExpenses": 262869000, "interestIncome": 0, "interestExpense": 1561000, "depreciationAndAmortization": 10410000, "ebitda": 57836000, "ebitdaratio": 0.1863903705, "operatingIncome": 45927000, "operatingIncomeRatio": 0.148010764, "totalOtherIncomeExpensesNet": -46316000, "incomeBeforeTax": -451000, "incomeBeforeTaxRatio": -0.0014534556, "incomeTaxExpense": 1319000, "netIncome": -1016000, "netIncomeRatio": -0.0032743035, "eps": -0.58, "epsdiluted": -0.27, "weightedAverageShsOut": 1747000, "weightedAverageShsOutDil": 3753000, "link": "", "finalLink": "", "calculatedOtherExpenses": 1709000, "calculatedOperatingExpenses": 85933000, "calculatedNetInterest": -1561000, "calculatedOtherIncome": -44817000, "calculatedIncomeNonControlling": -754000, "calculatedEbitda": 56337000}, {"date": "2010-09-30", "symbol": "MTSI", "reportedCurrency": "USD", "cik": "0001493594", "fillingDate": "2010-09-30", "acceptedDate": "2010-09-29 20:00:00", "calendarYear": "2010", "period": "FY", "revenue": 260297000, "costOfRevenue": 166554000, "grossProfit": 93743000, "grossProfitRatio": 0.3601386109, "researchAndDevelopmentExpenses": 25795000, "generalAndAdministrativeExpenses": 0, "sellingAndMarketingExpenses": 0, "sellingGeneralAndAdministrativeExpenses": 45860000, "otherExpenses": 2000000, "operatingExpenses": 73655000, "costAndExpenses": 240209000, "interestIncome": 0, "interestExpense": 2323000, "depreciationAndAmortization": 11134000, "ebitda": 31222000, "ebitdaratio": 0.1199475983, "operatingIncome": 17854000, "operatingIncomeRatio": 0.0685908789, "totalOtherIncomeExpensesNet": -2234000, "incomeBeforeTax": 15531000, "incomeBeforeTaxRatio": 0.0596664579, "incomeTaxExpense": 8996000, "netIncome": 6834000, "netIncomeRatio": 0.0262546245, "eps": 0.31, "epsdiluted": 0.14, "weightedAverageShsOut": 1747000, "weightedAverageShsOutDil": 3753000, "link": "", "finalLink": "", "calculatedOtherExpenses": 4234000, "calculatedOperatingExpenses": 75889000, "calculatedNetInterest": -2323000, "calculatedOtherIncome": 0, "calculatedIncomeNonControlling": -299000, "calculatedEbitda": 28988000}, {"date": "2009-09-30", "symbol": "MTSI", "reportedCurrency": "USD", "cik": "0001493594", "fillingDate": "2009-09-30", "acceptedDate": "2009-09-29 20:00:00", "calendarYear": "2009", "period": "FY", "revenue": 102718000, "costOfRevenue": 77171000, "grossProfit": 25547000, "grossProfitRatio": 0.2487100606, "researchAndDevelopmentExpenses": 13553000, "generalAndAdministrativeExpenses": 0, "sellingAndMarketingExpenses": 0, "sellingGeneralAndAdministrativeExpenses": 25601000, "otherExpenses": 2800000, "operatingExpenses": 41954000, "costAndExpenses": 119125000, "interestIncome": 0, "interestExpense": 1699000, "depreciationAndAmortization": 6198000, "ebitda": -10209000, "ebitdaratio": -0.0993886174, "operatingIncome": -21507000, "operatingIncomeRatio": -0.2093790767, "totalOtherIncomeExpensesNet": 21973000, "incomeBeforeTax": 3867000, "incomeBeforeTaxRatio": 0.037646761, "incomeTaxExpense": -124000, "netIncome": 4166000, "netIncomeRatio": 0.0405576433, "eps": 0.35, "epsdiluted": 0.16, "weightedAverageShsOut": 1747000, "weightedAverageShsOutDil": 3753000, "link": "", "finalLink": "", "calculatedOtherExpenses": 7900000, "calculatedOperatingExpenses": 47054000, "calculatedNetInterest": -1699000, "calculatedOtherIncome": 27073000, "calculatedIncomeNonControlling": -175000, "calculatedEbitda": -15309000}]}