{"originalCurrency": "USD", "convertedCurrency": "USD", "report": [{"date": "2023-12-31", "symbol": "MTX", "reportedCurrency": "USD", "cik": "0000891014", "fillingDate": "2024-02-16", "acceptedDate": "2024-02-16 14:52:39", "calendarYear": "2023", "period": "FY", "revenue": 2169900000, "costOfRevenue": 1675500000, "grossProfit": 494400000, "grossProfitRatio": 0.2278446011, "researchAndDevelopmentExpenses": 21200000, "generalAndAdministrativeExpenses": 206000000, "sellingAndMarketingExpenses": -12700000, "sellingGeneralAndAdministrativeExpenses": 193300000, "otherExpenses": -4900000, "operatingExpenses": 214500000, "costAndExpenses": 1890000000, "interestIncome": 3900000, "interestExpense": 64099999, "depreciationAndAmortization": 107300000, "ebitda": 387200000, "ebitdaratio": 0.1784414028, "operatingIncome": 279900000, "operatingIncomeRatio": 0.1289921195, "totalOtherIncomeExpensesNet": -172200000, "incomeBeforeTax": 107700000, "incomeBeforeTaxRatio": 0.0496336237, "incomeTaxExpense": 23700000, "netIncome": 84100000, "netIncomeRatio": 0.0387575464, "eps": 2.59, "epsdiluted": 2.58, "weightedAverageShsOut": 32500000, "weightedAverageShsOutDil": 32600000, "link": "https://www.sec.gov/Archives/edgar/data/891014/000089101424000014/0000891014-24-000014-index.htm", "finalLink": "https://www.sec.gov/Archives/edgar/data/891014/000089101424000014/form10k.htm", "calculatedOtherExpenses": 0, "calculatedOperatingExpenses": 214500000, "calculatedNetInterest": -60199999, "calculatedOtherIncome": -112000001, "calculatedIncomeNonControlling": -100000, "calculatedEbitda": 387200000}, {"date": "2022-12-31", "symbol": "MTX", "reportedCurrency": "USD", "cik": "0000891014", "fillingDate": "2023-02-17", "acceptedDate": "2023-02-17 14:49:50", "calendarYear": "2022", "period": "FY", "revenue": 2125500000, "costOfRevenue": 1660500000, "grossProfit": 465000000, "grossProfitRatio": 0.2187720536, "researchAndDevelopmentExpenses": 20400000, "generalAndAdministrativeExpenses": 195600000, "sellingAndMarketingExpenses": 192100000, "sellingGeneralAndAdministrativeExpenses": 192100000, "otherExpenses": -9400000, "operatingExpenses": 212500000, "costAndExpenses": 1873000000, "interestIncome": 3400000, "interestExpense": 47300000, "depreciationAndAmortization": 94200000, "ebitda": 246500000, "ebitdaratio": 0.1159727123, "operatingIncome": 152300000, "operatingIncomeRatio": 0.0716537285, "totalOtherIncomeExpensesNet": 4400000, "incomeBeforeTax": 156700000, "incomeBeforeTaxRatio": 0.0737238297, "incomeTaxExpense": 32100000, "netIncome": 122200000, "netIncomeRatio": 0.0574923547, "eps": 3.74, "epsdiluted": 3.73, "weightedAverageShsOut": 32700000, "weightedAverageShsOutDil": 32799999, "link": "https://www.sec.gov/Archives/edgar/data/891014/000089101423000014/0000891014-23-000014-index.htm", "finalLink": "https://www.sec.gov/Archives/edgar/data/891014/000089101423000014/form10k.htm", "calculatedOtherExpenses": 100200000, "calculatedOperatingExpenses": 312700000, "calculatedNetInterest": -43900000, "calculatedOtherIncome": 48300000, "calculatedIncomeNonControlling": 2400000, "calculatedEbitda": 246500000}, {"date": "2021-12-31", "symbol": "MTX", "reportedCurrency": "USD", "cik": "0000891014", "fillingDate": "2022-02-18", "acceptedDate": "2022-02-18 15:33:54", "calendarYear": "2021", "period": "FY", "revenue": 1858300000, "costOfRevenue": 1411800000, "grossProfit": 446500000, "grossProfitRatio": 0.2402733681, "researchAndDevelopmentExpenses": 19500000, "generalAndAdministrativeExpenses": 188000000, "sellingAndMarketingExpenses": 186200000, "sellingGeneralAndAdministrativeExpenses": 186200000, "otherExpenses": -8100000, "operatingExpenses": 205700000, "costAndExpenses": 1617500000, "interestIncome": 3400000, "interestExpense": 40600000, "depreciationAndAmortization": 94600000, "ebitda": 236100000, "ebitdaratio": 0.1270516063, "operatingIncome": 141500000, "operatingIncomeRatio": 0.0761448636, "totalOtherIncomeExpensesNet": 60800000, "incomeBeforeTax": 202300000, "incomeBeforeTaxRatio": 0.1088629392, "incomeTaxExpense": 36600000, "netIncome": 164400000, "netIncomeRatio": 0.0884679546, "eps": 4.89, "epsdiluted": 4.86, "weightedAverageShsOut": 33600000, "weightedAverageShsOutDil": 33800000, "link": "https://www.sec.gov/Archives/edgar/data/891014/000089101422000009/0000891014-22-000009-index.htm", "finalLink": "https://www.sec.gov/Archives/edgar/data/891014/000089101422000009/form10k.htm", "calculatedOtherExpenses": 99300000, "calculatedOperatingExpenses": 305000000, "calculatedNetInterest": -37200000, "calculatedOtherIncome": 98000000, "calculatedIncomeNonControlling": 1300000, "calculatedEbitda": 236100000}, {"date": "2020-12-31", "symbol": "MTX", "reportedCurrency": "USD", "cik": "0000891014", "fillingDate": "2021-02-19", "acceptedDate": "2021-02-19 11:59:36", "calendarYear": "2020", "period": "FY", "revenue": 1594800000, "costOfRevenue": 1189400000, "grossProfit": 405400000, "grossProfitRatio": 0.2542011537, "researchAndDevelopmentExpenses": 19900000, "generalAndAdministrativeExpenses": 176500000, "sellingAndMarketingExpenses": 176500000, "sellingGeneralAndAdministrativeExpenses": 176500000, "otherExpenses": -11900000, "operatingExpenses": 196400000, "costAndExpenses": 1385800000, "interestIncome": 1900000, "interestExpense": 38200000, "depreciationAndAmortization": 93900000, "ebitda": 197100000, "ebitdaratio": 0.1235891648, "operatingIncome": 103200000, "operatingIncomeRatio": 0.0647103085, "totalOtherIncomeExpensesNet": 34800000, "incomeBeforeTax": 138000000, "incomeBeforeTaxRatio": 0.0865312265, "incomeTaxExpense": 24400000, "netIncome": 112400000, "netIncomeRatio": 0.0704790569, "eps": 3.29, "epsdiluted": 3.29, "weightedAverageShsOut": 34200000, "weightedAverageShsOutDil": 34200000, "link": "https://www.sec.gov/Archives/edgar/data/891014/000089101421000011/0000891014-21-000011-index.htm", "finalLink": "https://www.sec.gov/Archives/edgar/data/891014/000089101421000011/form10k.htm", "calculatedOtherExpenses": 105800000, "calculatedOperatingExpenses": 302200000, "calculatedNetInterest": -36300000, "calculatedOtherIncome": 71100000, "calculatedIncomeNonControlling": 1200000, "calculatedEbitda": 197100000}, {"date": "2019-12-31", "symbol": "MTX", "reportedCurrency": "USD", "cik": "0000891014", "fillingDate": "2020-02-14", "acceptedDate": "2020-02-14 12:07:33", "calendarYear": "2019", "period": "FY", "revenue": 1791000000, "costOfRevenue": 1350400000, "grossProfit": 440600000, "grossProfitRatio": 0.2460078169, "researchAndDevelopmentExpenses": 20300000, "generalAndAdministrativeExpenses": 0, "sellingAndMarketingExpenses": 187500000, "sellingGeneralAndAdministrativeExpenses": 187500000, "otherExpenses": -8600000, "operatingExpenses": 207800000, "costAndExpenses": 1558200000, "interestIncome": 2300000, "interestExpense": 45500000, "depreciationAndAmortization": 98400000, "ebitda": 226500000, "ebitdaratio": 0.1264656616, "operatingIncome": 128100000, "operatingIncomeRatio": 0.0715242881, "totalOtherIncomeExpensesNet": 29200000, "incomeBeforeTax": 157300000, "incomeBeforeTaxRatio": 0.087828029, "incomeTaxExpense": 22800000, "netIncome": 132700000, "netIncomeRatio": 0.0740926857, "eps": 3.79, "epsdiluted": 3.78, "weightedAverageShsOut": 35000000, "weightedAverageShsOutDil": 35100000, "link": "https://www.sec.gov/Archives/edgar/data/891014/000089101420000010/0000891014-20-000010-index.htm", "finalLink": "https://www.sec.gov/Archives/edgar/data/891014/000089101420000010/form10k.htm", "calculatedOtherExpenses": 104700000, "calculatedOperatingExpenses": 312500000, "calculatedNetInterest": -43200000, "calculatedOtherIncome": 72400000, "calculatedIncomeNonControlling": 1800000, "calculatedEbitda": 226500000}, {"date": "2018-12-31", "symbol": "MTX", "reportedCurrency": "USD", "cik": "0000891014", "fillingDate": "2019-02-15", "acceptedDate": "2019-02-15 13:58:31", "calendarYear": "2018", "period": "FY", "revenue": 1807600000, "costOfRevenue": 1346200000, "grossProfit": 461400000, "grossProfitRatio": 0.2552555875, "researchAndDevelopmentExpenses": 22700000, "generalAndAdministrativeExpenses": 0, "sellingAndMarketingExpenses": 178600000, "sellingGeneralAndAdministrativeExpenses": 178600000, "otherExpenses": -11400000, "operatingExpenses": 201300000, "costAndExpenses": 1547500000, "interestIncome": 2100000, "interestExpense": 48000000, "depreciationAndAmortization": 94300000, "ebitda": 250800000, "ebitdaratio": 0.1387475105, "operatingIncome": 255900000, "operatingIncomeRatio": 0.1415689312, "totalOtherIncomeExpensesNet": -10100000, "incomeBeforeTax": 204100000, "incomeBeforeTaxRatio": 0.1129121487, "incomeTaxExpense": 34400000, "netIncome": 169000000, "netIncomeRatio": 0.0934941359, "eps": 4.79, "epsdiluted": 4.75, "weightedAverageShsOut": 35300000, "weightedAverageShsOutDil": 35600000, "link": "https://www.sec.gov/Archives/edgar/data/891014/000089101419000010/0000891014-19-000010-index.htm", "finalLink": "https://www.sec.gov/Archives/edgar/data/891014/000089101419000010/form10k.htm", "calculatedOtherExpenses": 4200000, "calculatedOperatingExpenses": 205500000, "calculatedNetInterest": -45900000, "calculatedOtherIncome": -5900000, "calculatedIncomeNonControlling": 700000, "calculatedEbitda": 350200000}, {"date": "2017-12-31", "symbol": "MTX", "reportedCurrency": "USD", "cik": "0000891014", "fillingDate": "2018-02-16", "acceptedDate": "2018-02-16 10:02:24", "calendarYear": "2017", "period": "FY", "revenue": 1675700000, "costOfRevenue": 1208500000, "grossProfit": 467200000, "grossProfitRatio": 0.278808856, "researchAndDevelopmentExpenses": 23700000, "generalAndAdministrativeExpenses": 0, "sellingAndMarketingExpenses": 182400000, "sellingGeneralAndAdministrativeExpenses": 182400000, "otherExpenses": -4500000, "operatingExpenses": 206100000, "costAndExpenses": 1414600000, "interestIncome": 0, "interestExpense": 43400000, "depreciationAndAmortization": 91000000, "ebitda": 256600000, "ebitdaratio": 0.1531300352, "operatingIncome": 242700000, "operatingIncomeRatio": 0.1448349943, "totalOtherIncomeExpensesNet": -26800000, "incomeBeforeTax": 190900000, "incomeBeforeTaxRatio": 0.1139225398, "incomeTaxExpense": -6600000, "netIncome": 195100000, "netIncomeRatio": 0.1164289551, "eps": 5.54, "epsdiluted": 5.48, "weightedAverageShsOut": 35200000, "weightedAverageShsOutDil": 35600000, "link": "https://www.sec.gov/Archives/edgar/data/891014/000114036118008762/0001140361-18-008762-index.htm", "finalLink": "https://www.sec.gov/Archives/edgar/data/891014/000114036118008762/form10k.htm", "calculatedOtherExpenses": 18400000, "calculatedOperatingExpenses": 224500000, "calculatedNetInterest": -43400000, "calculatedOtherIncome": -8400000, "calculatedIncomeNonControlling": 2400000, "calculatedEbitda": 333700000}, {"date": "2016-12-31", "symbol": "MTX", "reportedCurrency": "USD", "cik": "0000891014", "fillingDate": "2017-02-17", "acceptedDate": "2017-02-17 11:32:20", "calendarYear": "2016", "period": "FY", "revenue": 1638000000, "costOfRevenue": 1177600000, "grossProfit": 460400000, "grossProfitRatio": 0.2810744811, "researchAndDevelopmentExpenses": 23800000, "generalAndAdministrativeExpenses": 0, "sellingAndMarketingExpenses": 179400000, "sellingGeneralAndAdministrativeExpenses": 179400000, "otherExpenses": 3800000, "operatingExpenses": 203200000, "costAndExpenses": 1380800000, "interestIncome": 0, "interestExpense": 54400000, "depreciationAndAmortization": 91900000, "ebitda": 352900000, "ebitdaratio": 0.2154456654, "operatingIncome": 220900000, "operatingIncomeRatio": 0.1348595849, "totalOtherIncomeExpensesNet": -32500000, "incomeBeforeTax": 170300000, "incomeBeforeTaxRatio": 0.103968254, "incomeTaxExpense": 35300000, "netIncome": 133400000, "netIncomeRatio": 0.0814407814, "eps": 3.82, "epsdiluted": 3.79, "weightedAverageShsOut": 34900000, "weightedAverageShsOutDil": 35200000, "link": "https://www.sec.gov/Archives/edgar/data/891014/000114036117008053/0001140361-17-008053-index.htm", "finalLink": "https://www.sec.gov/Archives/edgar/data/891014/000114036117008053/form10k.htm", "calculatedOtherExpenses": 36300000, "calculatedOperatingExpenses": 239500000, "calculatedNetInterest": -54400000, "calculatedOtherIncome": 3800000, "calculatedIncomeNonControlling": 1600000, "calculatedEbitda": 312800000}, {"date": "2015-12-31", "symbol": "MTX", "reportedCurrency": "USD", "cik": "0000891014", "fillingDate": "2016-02-19", "acceptedDate": "2016-02-19 11:24:35", "calendarYear": "2015", "period": "FY", "revenue": 1797600000, "costOfRevenue": 1326600000, "grossProfit": 471000000, "grossProfitRatio": 0.2620160214, "researchAndDevelopmentExpenses": 23600000, "generalAndAdministrativeExpenses": 0, "sellingAndMarketingExpenses": 182300000, "sellingGeneralAndAdministrativeExpenses": 182300000, "otherExpenses": -2300000, "operatingExpenses": 213700000, "costAndExpenses": 1540300000, "interestIncome": 0, "interestExpense": 60900000, "depreciationAndAmortization": 7800000, "ebitda": 262800000, "ebitdaratio": 0.1461949266, "operatingIncome": 200300000, "operatingIncomeRatio": 0.1114263462, "totalOtherIncomeExpensesNet": -63800000, "incomeBeforeTax": 132600000, "incomeBeforeTaxRatio": 0.07376502, "incomeTaxExpense": 22800000, "netIncome": 107900000, "netIncomeRatio": 0.0600244771, "eps": 3.11, "epsdiluted": 3.08, "weightedAverageShsOut": 34700000, "weightedAverageShsOutDil": 35000000, "link": "https://www.sec.gov/Archives/edgar/data/891014/000114036116054076/0001140361-16-054076-index.htm", "finalLink": "https://www.sec.gov/Archives/edgar/data/891014/000114036116054076/form10k.htm", "calculatedOtherExpenses": 64800000, "calculatedOperatingExpenses": 270700000, "calculatedNetInterest": -60900000, "calculatedOtherIncome": -6800000, "calculatedIncomeNonControlling": 1900000, "calculatedEbitda": 208100000}, {"date": "2014-12-31", "symbol": "MTX", "reportedCurrency": "USD", "cik": "0000891014", "fillingDate": "2015-02-18", "acceptedDate": "2015-02-18 17:29:08", "calendarYear": "2014", "period": "FY", "revenue": 1725000000, "costOfRevenue": 1289600000, "grossProfit": 435400000, "grossProfitRatio": 0.2524057971, "researchAndDevelopmentExpenses": 24400000, "generalAndAdministrativeExpenses": -2300000, "sellingAndMarketingExpenses": 177400000, "sellingGeneralAndAdministrativeExpenses": 175100000, "otherExpenses": 1800000, "operatingExpenses": 204300000, "costAndExpenses": 1493900000, "interestIncome": 0, "interestExpense": 41800000, "depreciationAndAmortization": 4800000, "ebitda": 237700000, "ebitdaratio": 0.1377971014, "operatingIncome": 168800000, "operatingIncomeRatio": 0.0978550725, "totalOtherIncomeExpensesNet": -66300000, "incomeBeforeTax": 123000000, "incomeBeforeTaxRatio": 0.0713043478, "incomeTaxExpense": 30800000, "netIncome": 92400000, "netIncomeRatio": 0.0535652174, "eps": 2.68, "epsdiluted": 2.65, "weightedAverageShsOut": 34500000, "weightedAverageShsOutDil": 34800000, "link": "https://www.sec.gov/Archives/edgar/data/891014/000114036115007848/0001140361-15-007848-index.htm", "finalLink": "https://www.sec.gov/Archives/edgar/data/891014/000114036115007848/form10k.htm", "calculatedOtherExpenses": 67100000, "calculatedOperatingExpenses": 266600000, "calculatedNetInterest": -41800000, "calculatedOtherIncome": -4000000, "calculatedIncomeNonControlling": -200000, "calculatedEbitda": 173600000}, {"date": "2013-12-31", "symbol": "MTX", "reportedCurrency": "USD", "cik": "0000891014", "fillingDate": "2014-02-21", "acceptedDate": "2014-02-21 17:01:49", "calendarYear": "2013", "period": "FY", "revenue": 1018181000, "costOfRevenue": 784536000, "grossProfit": 233645000, "grossProfitRatio": 0.2294729523, "researchAndDevelopmentExpenses": 20053000, "generalAndAdministrativeExpenses": -2491000, "sellingAndMarketingExpenses": 89231000, "sellingGeneralAndAdministrativeExpenses": 86740000, "otherExpenses": -700000, "operatingExpenses": 106793000, "costAndExpenses": 891329000, "interestIncome": 3000000, "interestExpense": 3300000, "depreciationAndAmortization": 47289000, "ebitda": 129110000, "ebitdaratio": 0.1268045662, "operatingIncome": 126852000, "operatingIncomeRatio": 0.1245868858, "totalOtherIncomeExpensesNet": -2800000, "incomeBeforeTax": 123710000, "incomeBeforeTaxRatio": 0.1215009905, "incomeTaxExpense": 34515000, "netIncome": 80330000, "netIncomeRatio": 0.0788955991, "eps": 2.32, "epsdiluted": 2.3, "weightedAverageShsOut": 34690000, "weightedAverageShsOutDil": 34976000, "link": "https://www.sec.gov/Archives/edgar/data/891014/000089101414000006/0000891014-14-000006-index.htm", "finalLink": "https://www.sec.gov/Archives/edgar/data/891014/000089101414000006/form10k2013.htm", "calculatedOtherExpenses": 0, "calculatedOperatingExpenses": 106793000, "calculatedNetInterest": -300000, "calculatedOtherIncome": -2842000, "calculatedIncomeNonControlling": 8865000, "calculatedEbitda": 174141000}, {"date": "2012-12-31", "symbol": "MTX", "reportedCurrency": "USD", "cik": "0000891014", "fillingDate": "2013-02-22", "acceptedDate": "2013-02-22 14:01:04", "calendarYear": "2012", "period": "FY", "revenue": 1005619000, "costOfRevenue": 786245000, "grossProfit": 219374000, "grossProfitRatio": 0.2181482251, "researchAndDevelopmentExpenses": 20172000, "generalAndAdministrativeExpenses": 0, "sellingAndMarketingExpenses": 89161000, "sellingGeneralAndAdministrativeExpenses": 89161000, "otherExpenses": -1700000, "operatingExpenses": 109333000, "costAndExpenses": 895578000, "interestIncome": 3200000, "interestExpense": 3200000, "depreciationAndAmortization": 51209000, "ebitda": 111546000, "ebitdaratio": 0.1109227252, "operatingIncome": 110041000, "operatingIncomeRatio": 0.1094261345, "totalOtherIncomeExpensesNet": -3000000, "incomeBeforeTax": 107046000, "incomeBeforeTaxRatio": 0.1064478694, "incomeTaxExpense": 30777000, "netIncome": 74147000, "netIncomeRatio": 0.073732696, "eps": 2.1, "epsdiluted": 2.09, "weightedAverageShsOut": 35300000, "weightedAverageShsOutDil": 35500000, "link": "https://www.sec.gov/Archives/edgar/data/891014/000089101413000010/0000891014-13-000010-index.htm", "finalLink": "https://www.sec.gov/Archives/edgar/data/891014/000089101413000010/from10k.htm", "calculatedOtherExpenses": 0, "calculatedOperatingExpenses": 109333000, "calculatedNetInterest": 0, "calculatedOtherIncome": -2995000, "calculatedIncomeNonControlling": 2122000, "calculatedEbitda": 161250000}, {"date": "2011-12-31", "symbol": "MTX", "reportedCurrency": "USD", "cik": "0000891014", "fillingDate": "2012-02-27", "acceptedDate": "2012-02-24 18:07:57", "calendarYear": "2011", "period": "FY", "revenue": 1044853000, "costOfRevenue": 832657000, "grossProfit": 212196000, "grossProfitRatio": 0.2030869414, "researchAndDevelopmentExpenses": 19330000, "generalAndAdministrativeExpenses": 0, "sellingAndMarketingExpenses": 0, "sellingGeneralAndAdministrativeExpenses": 92058000, "otherExpenses": 0, "operatingExpenses": 111388000, "costAndExpenses": 944045000, "interestIncome": 3900000, "interestExpense": 3300000, "depreciationAndAmortization": 58223000, "ebitda": 104708000, "ebitdaratio": 0.10021314, "operatingIncome": 100338000, "operatingIncomeRatio": 0.0960307335, "totalOtherIncomeExpensesNet": -3668000, "incomeBeforeTax": 97740000, "incomeBeforeTaxRatio": 0.0935442593, "incomeTaxExpense": 27486000, "netIncome": 67521000, "netIncomeRatio": 0.0646224876, "eps": 1.87, "epsdiluted": 1.86, "weightedAverageShsOut": 36018000, "weightedAverageShsOutDil": 36236000, "link": "https://www.sec.gov/Archives/edgar/data/891014/000089101412000009/0000891014-12-000009-index.htm", "finalLink": "https://www.sec.gov/Archives/edgar/data/891014/000089101412000009/form10k2011.htm", "calculatedOtherExpenses": 470000, "calculatedOperatingExpenses": 111858000, "calculatedNetInterest": 600000, "calculatedOtherIncome": -3198000, "calculatedIncomeNonControlling": 2733000, "calculatedEbitda": 158561000}, {"date": "2010-12-31", "symbol": "MTX", "reportedCurrency": "USD", "cik": "0000891014", "fillingDate": "2011-02-25", "acceptedDate": "2011-02-25 14:19:45", "calendarYear": "2010", "period": "FY", "revenue": 1002354000, "costOfRevenue": 793161000, "grossProfit": 209193000, "grossProfitRatio": 0.2087017162, "researchAndDevelopmentExpenses": 19577000, "generalAndAdministrativeExpenses": 0, "sellingAndMarketingExpenses": 0, "sellingGeneralAndAdministrativeExpenses": 90474000, "otherExpenses": 0, "operatingExpenses": 110051000, "costAndExpenses": 903212000, "interestIncome": 2700000, "interestExpense": 3300000, "depreciationAndAmortization": 63981000, "ebitda": 103014000, "ebitdaratio": 0.1027720745, "operatingIncome": 98277000, "operatingIncomeRatio": 0.0980461992, "totalOtherIncomeExpensesNet": -865000, "incomeBeforeTax": 98849000, "incomeBeforeTaxRatio": 0.0986168559, "incomeTaxExpense": 28963000, "netIncome": 66869000, "netIncomeRatio": 0.06671196, "eps": 1.8, "epsdiluted": 1.79, "weightedAverageShsOut": 37228000, "weightedAverageShsOutDil": 37386000, "link": "https://www.sec.gov/Archives/edgar/data/891014/000089101411000007/0000891014-11-000007-index.htm", "finalLink": "https://www.sec.gov/Archives/edgar/data/891014/000089101411000007/frm10k2010.htm", "calculatedOtherExpenses": 865000, "calculatedOperatingExpenses": 110916000, "calculatedNetInterest": -600000, "calculatedOtherIncome": 1172000, "calculatedIncomeNonControlling": 3017000, "calculatedEbitda": 162258000}, {"date": "2009-12-31", "symbol": "MTX", "reportedCurrency": "USD", "cik": "0000891014", "fillingDate": "2010-02-25", "acceptedDate": "2010-02-25 15:47:59", "calendarYear": "2009", "period": "FY", "revenue": 907321000, "costOfRevenue": 751503000, "grossProfit": 155818000, "grossProfitRatio": 0.1717341492, "researchAndDevelopmentExpenses": 19941000, "generalAndAdministrativeExpenses": 0, "sellingAndMarketingExpenses": 0, "sellingGeneralAndAdministrativeExpenses": 91075000, "otherExpenses": 0, "operatingExpenses": 111016000, "costAndExpenses": 862519000, "interestIncome": 2874000, "interestExpense": 3490000, "depreciationAndAmortization": 72401000, "ebitda": 106657000, "ebitdaratio": 0.1175515611, "operatingIncome": -17053000, "operatingIncomeRatio": -0.0187948918, "totalOtherIncomeExpensesNet": -61855000, "incomeBeforeTax": -23140000, "incomeBeforeTaxRatio": -0.0255036531, "incomeTaxExpense": -5387000, "netIncome": -23796000, "netIncomeRatio": -0.0262266607, "eps": -0.64, "epsdiluted": -0.64, "weightedAverageShsOut": 37448000, "weightedAverageShsOutDil": 37448000, "link": "https://www.sec.gov/Archives/edgar/data/891014/000089101410000009/0000891014-10-000009-index.html", "finalLink": "https://www.sec.gov/Archives/edgar/data/891014/000089101410000009/form10-k2009.htm", "calculatedOtherExpenses": 61855000, "calculatedOperatingExpenses": 172871000, "calculatedNetInterest": -616000, "calculatedOtherIncome": -5471000, "calculatedIncomeNonControlling": 6043000, "calculatedEbitda": 55348000}, {"date": "2008-12-31", "symbol": "MTX", "reportedCurrency": "USD", "cik": "0000891014", "fillingDate": "2009-02-26", "acceptedDate": "2009-02-26 11:16:58", "calendarYear": "2008", "period": "FY", "revenue": 1112212000, "costOfRevenue": 891738000, "grossProfit": 220474000, "grossProfitRatio": 0.1982301935, "researchAndDevelopmentExpenses": 23052000, "generalAndAdministrativeExpenses": 0, "sellingAndMarketingExpenses": 0, "sellingGeneralAndAdministrativeExpenses": 101857000, "otherExpenses": 0, "operatingExpenses": 124909000, "costAndExpenses": 1016647000, "interestIncome": 4905000, "interestExpense": 5181000, "depreciationAndAmortization": 80146000, "ebitda": 180616000, "ebitdaratio": 0.1623935005, "operatingIncome": 81991000, "operatingIncomeRatio": 0.0737188594, "totalOtherIncomeExpensesNet": -13022000, "incomeBeforeTax": 82267000, "incomeBeforeTaxRatio": 0.0739670135, "incomeTaxExpense": 24079000, "netIncome": 65287000, "netIncomeRatio": 0.0587001399, "eps": 1.73, "epsdiluted": 1.72, "weightedAverageShsOut": 37786000, "weightedAverageShsOutDil": 37966000, "link": "https://www.sec.gov/Archives/edgar/data/891014/000089101409000016/0000891014-09-000016-index.htm", "finalLink": "https://www.sec.gov/Archives/edgar/data/891014/000089101409000016/fm10k-08.htm", "calculatedOtherExpenses": 13574000, "calculatedOperatingExpenses": 138483000, "calculatedNetInterest": -276000, "calculatedOtherIncome": 552000, "calculatedIncomeNonControlling": -7099000, "calculatedEbitda": 162137000}, {"date": "2007-12-31", "symbol": "MTX", "reportedCurrency": "USD", "cik": "0000891014", "fillingDate": "2008-02-27", "acceptedDate": "2008-02-27 17:05:09", "calendarYear": "2007", "period": "FY", "revenue": 1077721000, "costOfRevenue": 845136000, "grossProfit": 232585000, "grossProfitRatio": 0.2158118845, "researchAndDevelopmentExpenses": 26348000, "generalAndAdministrativeExpenses": 0, "sellingAndMarketingExpenses": 0, "sellingGeneralAndAdministrativeExpenses": 104649000, "otherExpenses": 94070000, "operatingExpenses": 225067000, "costAndExpenses": 1070203000, "interestIncome": 0, "interestExpense": 0, "depreciationAndAmortization": 84565000, "ebitda": 199552000, "ebitdaratio": 0.1851610946, "operatingIncome": -8499000, "operatingIncomeRatio": -0.0078860855, "totalOtherIncomeExpensesNet": -107469000, "incomeBeforeTax": -11499000, "incomeBeforeTaxRatio": -0.0106697373, "incomeTaxExpense": 11266000, "netIncome": -63514000, "netIncomeRatio": -0.0589336201, "eps": -1.65, "epsdiluted": -1.65, "weightedAverageShsOut": 38380000, "weightedAverageShsOutDil": 38380000, "link": "https://www.sec.gov/Archives/edgar/data/891014/000089101408000026/0000891014-08-000026-index.htm", "finalLink": "https://www.sec.gov/Archives/edgar/data/891014/000089101408000026/frm10k-07.htm", "calculatedOtherExpenses": 110087000, "calculatedOperatingExpenses": 241084000, "calculatedNetInterest": 0, "calculatedOtherIncome": -3000000, "calculatedIncomeNonControlling": 40749000, "calculatedEbitda": 76066000}, {"date": "2006-12-31", "symbol": "MTX", "reportedCurrency": "USD", "cik": "0000891014", "fillingDate": "2007-02-28", "acceptedDate": "2007-02-28 12:18:24", "calendarYear": "2006", "period": "FY", "revenue": 1059307000, "costOfRevenue": 838015000, "grossProfit": 221292000, "grossProfitRatio": 0.2089026127, "researchAndDevelopmentExpenses": 30016000, "generalAndAdministrativeExpenses": 0, "sellingAndMarketingExpenses": 0, "sellingGeneralAndAdministrativeExpenses": 106393000, "otherExpenses": 0, "operatingExpenses": 136409000, "costAndExpenses": 974424000, "interestIncome": 1762000000, "interestExpense": -7753000000, "depreciationAndAmortization": 83204000, "ebitda": 167400000, "ebitdaratio": 0.1580278427, "operatingIncome": 84883000, "operatingIncomeRatio": 0.0801306892, "totalOtherIncomeExpensesNet": 687000, "incomeBeforeTax": 79579000, "incomeBeforeTaxRatio": 0.0751236422, "incomeTaxExpense": 24588000, "netIncome": 49951000, "netIncomeRatio": 0.0471544132, "eps": 1.27, "epsdiluted": 1.26, "weightedAverageShsOut": 39177255, "weightedAverageShsOutDil": 39486957, "link": "https://www.sec.gov/Archives/edgar/data/891014/000093041307001756/0000930413-07-001756-index.htm", "finalLink": "https://www.sec.gov/Archives/edgar/data/891014/000093041307001756/c46802_10-k.htm", "calculatedOtherExpenses": 0, "calculatedOperatingExpenses": 136409000, "calculatedNetInterest": 9515000000, "calculatedOtherIncome": -9520304000, "calculatedIncomeNonControlling": 5040000, "calculatedEbitda": 168087000}, {"date": "2005-12-31", "symbol": "MTX", "reportedCurrency": "USD", "cik": "0000891014", "fillingDate": "2006-03-08", "acceptedDate": "2006-03-08 16:38:54", "calendarYear": "2005", "period": "FY", "revenue": 995838000, "costOfRevenue": 784807000, "grossProfit": 211031000, "grossProfitRatio": 0.2119129818, "researchAndDevelopmentExpenses": 29062000, "generalAndAdministrativeExpenses": 0, "sellingAndMarketingExpenses": 0, "sellingGeneralAndAdministrativeExpenses": 100392000, "otherExpenses": -253000, "operatingExpenses": 129201000, "costAndExpenses": 914008000, "interestIncome": 1420000000, "interestExpense": -5847000000, "depreciationAndAmortization": 74960000, "ebitda": 155655000, "ebitdaratio": 0.1563055437, "operatingIncome": 81830000, "operatingIncomeRatio": 0.0821719999, "totalOtherIncomeExpensesNet": 1135000, "incomeBeforeTax": 78285000, "incomeBeforeTaxRatio": 0.0786121839, "incomeTaxExpense": 23289000, "netIncome": 53264000, "netIncomeRatio": 0.0534866113, "eps": 1.22, "epsdiluted": 1.2, "weightedAverageShsOut": 40690000, "weightedAverageShsOutDil": 41134000, "link": "https://www.sec.gov/Archives/edgar/data/891014/000089101406000048/0000891014-06-000048-index.htm", "finalLink": "https://www.sec.gov/Archives/edgar/data/891014/000089101406000048/form10k05final.htm", "calculatedOtherExpenses": -253000, "calculatedOperatingExpenses": 129201000, "calculatedNetInterest": 7267000000, "calculatedOtherIncome": -7270545000, "calculatedIncomeNonControlling": 1732000, "calculatedEbitda": 156790000}, {"date": "2004-12-31", "symbol": "MTX", "reportedCurrency": "USD", "cik": "0000891014", "fillingDate": "2005-03-11", "acceptedDate": "2005-03-11 12:38:25", "calendarYear": "2004", "period": "FY", "revenue": 923667000, "costOfRevenue": 709032000, "grossProfit": 214635000, "grossProfitRatio": 0.2323727057, "researchAndDevelopmentExpenses": 28996000, "generalAndAdministrativeExpenses": 0, "sellingAndMarketingExpenses": 0, "sellingGeneralAndAdministrativeExpenses": 94420000, "otherExpenses": 0, "operatingExpenses": 123416000, "costAndExpenses": 832448000, "interestIncome": 1608000000, "interestExpense": -4147000000, "depreciationAndAmortization": 70467000, "ebitda": 165794000, "ebitdaratio": 0.1794954242, "operatingIncome": 89077000, "operatingIncomeRatio": 0.0964384351, "totalOtherIncomeExpensesNet": -4108000, "incomeBeforeTax": 84572000, "incomeBeforeTaxRatio": 0.0915611362, "incomeTaxExpense": 24299000, "netIncome": 58563000, "netIncomeRatio": 0.0634027198, "eps": 1.43, "epsdiluted": 1.41, "weightedAverageShsOut": 41060000, "weightedAverageShsOutDil": 41538000, "link": "https://www.sec.gov/Archives/edgar/data/891014/000089101405000081/0000891014-05-000081-index.htm", "finalLink": "https://www.sec.gov/Archives/edgar/data/891014/000089101405000081/form10k-04.htm", "calculatedOtherExpenses": 2142000, "calculatedOperatingExpenses": 125558000, "calculatedNetInterest": 5755000000, "calculatedOtherIncome": -5759505000, "calculatedIncomeNonControlling": 1710000, "calculatedEbitda": 159544000}, {"date": "2003-12-31", "symbol": "MTX", "reportedCurrency": "USD", "cik": "0000891014", "fillingDate": "2004-03-11", "acceptedDate": "2004-03-11 17:04:38", "calendarYear": "2003", "period": "FY", "revenue": 813743000, "costOfRevenue": 615749000, "grossProfit": 197994000, "grossProfitRatio": 0.2433126921, "researchAndDevelopmentExpenses": 25149000, "generalAndAdministrativeExpenses": 0, "sellingAndMarketingExpenses": 0, "sellingGeneralAndAdministrativeExpenses": 89116000, "otherExpenses": 3202000, "operatingExpenses": 117467000, "costAndExpenses": 733216000, "interestIncome": 836000000, "interestExpense": -5423000000, "depreciationAndAmortization": 66340000, "ebitda": 153665000, "ebitdaratio": 0.1888372619, "operatingIncome": 77204000, "operatingIncomeRatio": 0.0948751633, "totalOtherIncomeExpensesNet": -6798000, "incomeBeforeTax": 72344000, "incomeBeforeTaxRatio": 0.0889027617, "incomeTaxExpense": 4116000, "netIncome": 70086000, "netIncomeRatio": 0.0861279298, "eps": 1.2, "epsdiluted": 1.18, "weightedAverageShsOut": 46097071, "weightedAverageShsOutDil": 46683051, "link": "https://www.sec.gov/Archives/edgar/data/891014/000089101404000073/0000891014-04-000073-index.htm", "finalLink": "https://www.sec.gov/Archives/edgar/data/891014/000089101404000073/form10k03.htm", "calculatedOtherExpenses": 6525000, "calculatedOperatingExpenses": 120790000, "calculatedNetInterest": 6259000000, "calculatedOtherIncome": -6263860000, "calculatedIncomeNonControlling": -1858000, "calculatedEbitda": 143544000}, {"date": "2002-12-31", "symbol": "MTX", "reportedCurrency": "USD", "cik": "0000891014", "fillingDate": "2003-03-11", "acceptedDate": "2003-03-10 17:35:05", "calendarYear": "2002", "period": "FY", "revenue": 752680000, "costOfRevenue": 567985000, "grossProfit": 184695000, "grossProfitRatio": 0.2453831642, "researchAndDevelopmentExpenses": 22697000, "generalAndAdministrativeExpenses": 0, "sellingAndMarketingExpenses": 0, "sellingGeneralAndAdministrativeExpenses": 80374000, "otherExpenses": 750000, "operatingExpenses": 103821000, "costAndExpenses": 671806000, "interestIncome": 1172000000, "interestExpense": -5792000000, "depreciationAndAmortization": 68960000, "ebitda": 151104000, "ebitdaratio": 0.2007546368, "operatingIncome": 80874000, "operatingIncomeRatio": 0.1074480523, "totalOtherIncomeExpensesNet": -1270000, "incomeBeforeTax": 73972000, "incomeBeforeTaxRatio": 0.0982781527, "incomeTaxExpense": 20220000, "netIncome": 53752000, "netIncomeRatio": 0.0714141468, "eps": 1.33, "epsdiluted": 1.31, "weightedAverageShsOut": 40415038, "weightedAverageShsOutDil": 41189272, "link": "https://www.sec.gov/Archives/edgar/data/891014/000089101403000013/0000891014-03-000013-index.htm", "finalLink": "https://www.sec.gov/Archives/edgar/data/891014/000089101403000013/form10-k2003.htm", "calculatedOtherExpenses": 750000, "calculatedOperatingExpenses": 103821000, "calculatedNetInterest": 6964000000, "calculatedOtherIncome": -6970902000, "calculatedIncomeNonControlling": 0, "calculatedEbitda": 149834000}, {"date": "2001-12-31", "symbol": "MTX", "reportedCurrency": "USD", "cik": "0000891014", "fillingDate": "2002-03-22", "acceptedDate": "2002-03-22 00:00:00", "calendarYear": "2001", "period": "FY", "revenue": 684419000, "costOfRevenue": 502525000, "grossProfit": 181894000, "grossProfitRatio": 0.2657641006, "researchAndDevelopmentExpenses": 23509000, "generalAndAdministrativeExpenses": 0, "sellingAndMarketingExpenses": 0, "sellingGeneralAndAdministrativeExpenses": 74425000, "otherExpenses": 0, "operatingExpenses": 97934000, "costAndExpenses": 600459000, "interestIncome": 835000000, "interestExpense": -7884000000, "depreciationAndAmortization": 66518000, "ebitda": 154719000, "ebitdaratio": 0.2260588908, "operatingIncome": 80557000, "operatingIncomeRatio": 0.1177012912, "totalOtherIncomeExpensesNet": -4241000, "incomeBeforeTax": 70941000, "incomeBeforeTaxRatio": 0.1036514182, "incomeTaxExpense": 21148000, "netIncome": 49793000, "netIncomeRatio": 0.0727522176, "eps": 1.27, "epsdiluted": 1.24, "weightedAverageShsOut": 39207087, "weightedAverageShsOutDil": 40155645, "link": "https://www.sec.gov/Archives/edgar/data/891014/000089101402000005/0000891014-02-000005-index.htm", "finalLink": "https://www.sec.gov/Archives/edgar/data/891014/000089101402000005/form10k01final2.htm", "calculatedOtherExpenses": 3403000, "calculatedOperatingExpenses": 101337000, "calculatedNetInterest": 8719000000, "calculatedOtherIncome": -8728616000, "calculatedIncomeNonControlling": 0, "calculatedEbitda": 147075000}, {"date": "2000-12-31", "symbol": "MTX", "reportedCurrency": "USD", "cik": "0000891014", "fillingDate": "2001-03-22", "acceptedDate": "2001-03-22 00:00:00", "calendarYear": "2000", "period": "FY", "revenue": 670917000, "costOfRevenue": 416717000, "grossProfit": 254200000, "grossProfitRatio": 0.3788844224, "researchAndDevelopmentExpenses": 26331000, "generalAndAdministrativeExpenses": 0, "sellingAndMarketingExpenses": 0, "sellingGeneralAndAdministrativeExpenses": 77368000, "otherExpenses": 60795000, "operatingExpenses": 164494000, "costAndExpenses": 581211000, "interestIncome": 1146000000, "interestExpense": -5311000000, "depreciationAndAmortization": 60795000, "ebitda": 156270000, "ebitdaratio": 0.2329200184, "operatingIncome": 89706000, "operatingIncomeRatio": 0.1337065539, "totalOtherIncomeExpensesNet": -5769000, "incomeBeforeTax": 77943000, "incomeBeforeTaxRatio": 0.1161738337, "incomeTaxExpense": 23735000, "netIncome": 54208000, "netIncomeRatio": 0.0807968795, "eps": 1.33, "epsdiluted": 1.29, "weightedAverageShsOut": 40911698, "weightedAverageShsOutDil": 42021705, "link": "https://www.sec.gov/Archives/edgar/data/891014/000089101401000006/0000891014-01-000006-index.htm", "finalLink": "https://www.sec.gov/Archives/edgar/data/891014/000089101401000006/0000891014-01-000006-0001.htm", "calculatedOtherExpenses": 60795000, "calculatedOperatingExpenses": 164494000, "calculatedNetInterest": 6457000000, "calculatedOtherIncome": -6468763000, "calculatedIncomeNonControlling": 0, "calculatedEbitda": 150501000}, {"date": "1999-12-31", "symbol": "MTX", "reportedCurrency": "USD", "cik": "0000891014", "fillingDate": "2000-03-17", "acceptedDate": "2000-03-17 00:00:00", "calendarYear": "1999", "period": "FY", "revenue": 637500000, "costOfRevenue": 379900000, "grossProfit": 257600000, "grossProfitRatio": 0.4040784314, "researchAndDevelopmentExpenses": 25000000, "generalAndAdministrativeExpenses": 0, "sellingAndMarketingExpenses": 0, "sellingGeneralAndAdministrativeExpenses": 76500000, "otherExpenses": 58700000, "operatingExpenses": 160200000, "costAndExpenses": 540100000, "interestIncome": 0, "interestExpense": 0, "depreciationAndAmortization": 58700000, "ebitda": 157200000, "ebitdaratio": 0.2465882353, "operatingIncome": 97400000, "operatingIncomeRatio": 0.1527843137, "totalOtherIncomeExpensesNet": -1100000, "incomeBeforeTax": 91000000, "incomeBeforeTaxRatio": 0.142745098, "incomeTaxExpense": 28900000, "netIncome": 62100000, "netIncomeRatio": 0.0974117647, "eps": 1.45, "epsdiluted": 1.4, "weightedAverageShsOut": 42827586, "weightedAverageShsOutDil": 44357143, "link": "https://www.sec.gov/Archives/edgar/data/891014/000089101400000004/0000891014-00-000004-index.html", "finalLink": "https://www.sec.gov/Archives/edgar/data/891014/000089101400000004/", "calculatedOtherExpenses": 58700000, "calculatedOperatingExpenses": 160200000, "calculatedNetInterest": 0, "calculatedOtherIncome": -6400000, "calculatedIncomeNonControlling": 0, "calculatedEbitda": 156100000}, {"date": "1998-12-31", "symbol": "MTX", "reportedCurrency": "USD", "cik": "0000891014", "fillingDate": "1999-03-18", "acceptedDate": "1999-03-18 00:00:00", "calendarYear": "1998", "period": "FY", "revenue": 609200000, "costOfRevenue": 363400000, "grossProfit": 245800000, "grossProfitRatio": 0.4034799737, "researchAndDevelopmentExpenses": 21000000, "generalAndAdministrativeExpenses": 0, "sellingAndMarketingExpenses": 0, "sellingGeneralAndAdministrativeExpenses": 79200000, "otherExpenses": 53100000, "operatingExpenses": 153300000, "costAndExpenses": 516700000, "interestIncome": 0, "interestExpense": 0, "depreciationAndAmortization": 53100000, "ebitda": 145800000, "ebitdaratio": 0.2393302692, "operatingIncome": 92500000, "operatingIncomeRatio": 0.1518384767, "totalOtherIncomeExpensesNet": -200000, "incomeBeforeTax": 84600000, "incomeBeforeTaxRatio": 0.13887065, "incomeTaxExpense": 27400000, "netIncome": 57200000, "netIncomeRatio": 0.093893631, "eps": 1.29, "epsdiluted": 1.25, "weightedAverageShsOut": 44513619, "weightedAverageShsOutDil": 45760000, "link": "https://www.sec.gov/Archives/edgar/data/891014/000089101499000006/0000891014-99-000006-index.html", "finalLink": "https://www.sec.gov/Archives/edgar/data/891014/", "calculatedOtherExpenses": 53100000, "calculatedOperatingExpenses": 153300000, "calculatedNetInterest": 0, "calculatedOtherIncome": -7900000, "calculatedIncomeNonControlling": 0, "calculatedEbitda": 145600000}, {"date": "1997-12-31", "symbol": "MTX", "reportedCurrency": "USD", "cik": "0000891014", "fillingDate": "1998-03-18", "acceptedDate": "1998-03-18 00:00:00", "calendarYear": "1997", "period": "FY", "revenue": 602300000, "costOfRevenue": 371700000, "grossProfit": 230600000, "grossProfitRatio": 0.3828656816, "researchAndDevelopmentExpenses": 20400000, "generalAndAdministrativeExpenses": 0, "sellingAndMarketingExpenses": 0, "sellingGeneralAndAdministrativeExpenses": 77100000, "otherExpenses": 52900000, "operatingExpenses": 150400000, "costAndExpenses": 522100000, "interestIncome": 0, "interestExpense": 0, "depreciationAndAmortization": 52900000, "ebitda": 133900000, "ebitdaratio": 0.2223144612, "operatingIncome": 80200000, "operatingIncomeRatio": 0.1331562344, "totalOtherIncomeExpensesNet": -800000, "incomeBeforeTax": 73400000, "incomeBeforeTaxRatio": 0.1218661796, "incomeTaxExpense": 23100000, "netIncome": 50300000, "netIncomeRatio": 0.0835131994, "eps": 1.12, "epsdiluted": 1.09, "weightedAverageShsOut": 45112108, "weightedAverageShsOutDil": 46146789, "link": "https://www.sec.gov/Archives/edgar/data/891014/000089101498000002/0000891014-98-000002-index.html", "finalLink": "https://www.sec.gov/Archives/edgar/data/891014/", "calculatedOtherExpenses": 52900000, "calculatedOperatingExpenses": 150400000, "calculatedNetInterest": 0, "calculatedOtherIncome": -6800000, "calculatedIncomeNonControlling": 0, "calculatedEbitda": 133100000}, {"date": "1996-12-31", "symbol": "MTX", "reportedCurrency": "USD", "cik": "0000891014", "fillingDate": "1997-03-19", "acceptedDate": "1997-03-19 00:00:00", "calendarYear": "1996", "period": "FY", "revenue": 556000000, "costOfRevenue": 350100000, "grossProfit": 205900000, "grossProfitRatio": 0.370323741, "researchAndDevelopmentExpenses": 19700000, "generalAndAdministrativeExpenses": 0, "sellingAndMarketingExpenses": 0, "sellingGeneralAndAdministrativeExpenses": 72500000, "otherExpenses": 46200000, "operatingExpenses": 138400000, "costAndExpenses": 488500000, "interestIncome": 0, "interestExpense": 0, "depreciationAndAmortization": 46200000, "ebitda": 112600000, "ebitdaratio": 0.2025179856, "operatingIncome": 67500000, "operatingIncomeRatio": 0.1214028777, "totalOtherIncomeExpensesNet": 1100000, "incomeBeforeTax": 62600000, "incomeBeforeTaxRatio": 0.1125899281, "incomeTaxExpense": 19500000, "netIncome": 43100000, "netIncomeRatio": 0.0775179856, "eps": 0.96, "epsdiluted": 0.93, "weightedAverageShsOut": 45130890, "weightedAverageShsOutDil": 46344086, "link": "https://www.sec.gov/Archives/edgar/data/891014/000089101497000004/0000891014-97-000004-index.html", "finalLink": "https://www.sec.gov/Archives/edgar/data/891014/", "calculatedOtherExpenses": 46200000, "calculatedOperatingExpenses": 138400000, "calculatedNetInterest": 0, "calculatedOtherIncome": -4900000, "calculatedIncomeNonControlling": 0, "calculatedEbitda": 113700000}, {"date": "1995-12-31", "symbol": "MTX", "reportedCurrency": "USD", "cik": "0000891014", "fillingDate": "1995-12-31", "acceptedDate": "1995-12-30 19:00:00", "calendarYear": "1995", "period": "FY", "revenue": 524500000, "costOfRevenue": 335300000, "grossProfit": 189200000, "grossProfitRatio": 0.3607244995, "researchAndDevelopmentExpenses": 19700000, "generalAndAdministrativeExpenses": 0, "sellingAndMarketingExpenses": 0, "sellingGeneralAndAdministrativeExpenses": 70500000, "otherExpenses": 40300000, "operatingExpenses": 130500000, "costAndExpenses": 465800000, "interestIncome": 0, "interestExpense": 0, "depreciationAndAmortization": 40300000, "ebitda": 96200000, "ebitdaratio": 0.1834127741, "operatingIncome": 58700000, "operatingIncomeRatio": 0.1119161106, "totalOtherIncomeExpensesNet": 2800000, "incomeBeforeTax": 58400000, "incomeBeforeTaxRatio": 0.1113441373, "incomeTaxExpense": 18900000, "netIncome": 39500000, "netIncomeRatio": 0.0753098189, "eps": 0.88, "epsdiluted": 0.86, "weightedAverageShsOut": 45142857, "weightedAverageShsOutDil": 45930233, "link": "", "finalLink": "", "calculatedOtherExpenses": 40300000, "calculatedOperatingExpenses": 130500000, "calculatedNetInterest": 0, "calculatedOtherIncome": -300000, "calculatedIncomeNonControlling": 0, "calculatedEbitda": 99000000}, {"date": "1994-12-31", "symbol": "MTX", "reportedCurrency": "USD", "cik": "0000891014", "fillingDate": "1994-12-31", "acceptedDate": "1994-12-30 19:00:00", "calendarYear": "1994", "period": "FY", "revenue": 472600000, "costOfRevenue": 299500000, "grossProfit": 173100000, "grossProfitRatio": 0.3662716885, "researchAndDevelopmentExpenses": 0, "generalAndAdministrativeExpenses": 0, "sellingAndMarketingExpenses": 0, "sellingGeneralAndAdministrativeExpenses": 84700000, "otherExpenses": 35800000, "operatingExpenses": 120500000, "costAndExpenses": 420000000, "interestIncome": 0, "interestExpense": 0, "depreciationAndAmortization": 35800000, "ebitda": 86900000, "ebitdaratio": 0.1838764283, "operatingIncome": 52600000, "operatingIncomeRatio": 0.1112991959, "totalOtherIncomeExpensesNet": 1500000, "incomeBeforeTax": 49500000, "incomeBeforeTaxRatio": 0.1047397376, "incomeTaxExpense": 16200000, "netIncome": 33300000, "netIncomeRatio": 0.070461278, "eps": 0.74, "epsdiluted": 0.73, "weightedAverageShsOut": 45000000, "weightedAverageShsOutDil": 45616438, "link": "", "finalLink": "", "calculatedOtherExpenses": 35800000, "calculatedOperatingExpenses": 120500000, "calculatedNetInterest": 0, "calculatedOtherIncome": -3100000, "calculatedIncomeNonControlling": 0, "calculatedEbitda": 88400000}, {"date": "1993-12-31", "symbol": "MTX", "reportedCurrency": "USD", "cik": "0000891014", "fillingDate": "1993-12-31", "acceptedDate": "1993-12-30 19:00:00", "calendarYear": "1993", "period": "FY", "revenue": 428300000, "costOfRevenue": 269300000, "grossProfit": 159000000, "grossProfitRatio": 0.3712351156, "researchAndDevelopmentExpenses": 0, "generalAndAdministrativeExpenses": 0, "sellingAndMarketingExpenses": 0, "sellingGeneralAndAdministrativeExpenses": 79100000, "otherExpenses": 33500000, "operatingExpenses": 112600000, "costAndExpenses": 381900000, "interestIncome": 0, "interestExpense": 0, "depreciationAndAmortization": 33500000, "ebitda": 79100000, "ebitdaratio": 0.184683633, "operatingIncome": 46400000, "operatingIncomeRatio": 0.108335279, "totalOtherIncomeExpensesNet": 800000, "incomeBeforeTax": 43500000, "incomeBeforeTaxRatio": 0.1015643241, "incomeTaxExpense": 14500000, "netIncome": 29000000, "netIncomeRatio": 0.0677095494, "eps": 0.63, "epsdiluted": 0.62, "weightedAverageShsOut": 46400000, "weightedAverageShsOutDil": 46774194, "link": "", "finalLink": "", "calculatedOtherExpenses": 33500000, "calculatedOperatingExpenses": 112600000, "calculatedNetInterest": 0, "calculatedOtherIncome": -2900000, "calculatedIncomeNonControlling": 0, "calculatedEbitda": 79900000}, {"date": "1992-12-31", "symbol": "MTX", "reportedCurrency": "USD", "cik": "0000891014", "fillingDate": "1992-12-31", "acceptedDate": "1992-12-30 19:00:00", "calendarYear": "1992", "period": "FY", "revenue": 394000000, "costOfRevenue": 256900000, "grossProfit": 137100000, "grossProfitRatio": 0.3479695431, "researchAndDevelopmentExpenses": 0, "generalAndAdministrativeExpenses": 0, "sellingAndMarketingExpenses": 0, "sellingGeneralAndAdministrativeExpenses": 73000000, "otherExpenses": 28500000, "operatingExpenses": 101500000, "costAndExpenses": 358400000, "interestIncome": 0, "interestExpense": 0, "depreciationAndAmortization": 28500000, "ebitda": 64600000, "ebitdaratio": 0.1639593909, "operatingIncome": 35600000, "operatingIncomeRatio": 0.0903553299, "totalOtherIncomeExpensesNet": -500000, "incomeBeforeTax": 34100000, "incomeBeforeTaxRatio": 0.0865482234, "incomeTaxExpense": 9900000, "netIncome": 25600000, "netIncomeRatio": 0.0649746193, "eps": 0.51, "epsdiluted": 0.51, "weightedAverageShsOut": 50196078, "weightedAverageShsOutDil": 50196078, "link": "", "finalLink": "", "calculatedOtherExpenses": 28500000, "calculatedOperatingExpenses": 101500000, "calculatedNetInterest": 0, "calculatedOtherIncome": -1500000, "calculatedIncomeNonControlling": -1400000, "calculatedEbitda": 64100000}, {"date": "1991-12-31", "symbol": "MTX", "reportedCurrency": "USD", "cik": "0000891014", "fillingDate": "1991-12-31", "acceptedDate": "1991-12-30 19:00:00", "calendarYear": "1991", "period": "FY", "revenue": 359300000, "costOfRevenue": 236100000, "grossProfit": 123200000, "grossProfitRatio": 0.3428889507, "researchAndDevelopmentExpenses": 0, "generalAndAdministrativeExpenses": 0, "sellingAndMarketingExpenses": 0, "sellingGeneralAndAdministrativeExpenses": 71600000, "otherExpenses": 24700000, "operatingExpenses": 96300000, "costAndExpenses": 332400000, "interestIncome": 0, "interestExpense": 0, "depreciationAndAmortization": 24700000, "ebitda": 52000000, "ebitdaratio": 0.1447258558, "operatingIncome": 26900000, "operatingIncomeRatio": 0.0748677985, "totalOtherIncomeExpensesNet": -400000, "incomeBeforeTax": 25700000, "incomeBeforeTaxRatio": 0.0715279711, "incomeTaxExpense": 5700000, "netIncome": 20000000, "netIncomeRatio": 0.0556637907, "eps": 0.4, "epsdiluted": 0.4, "weightedAverageShsOut": 50000000, "weightedAverageShsOutDil": 50000000, "link": "", "finalLink": "", "calculatedOtherExpenses": 24700000, "calculatedOperatingExpenses": 96300000, "calculatedNetInterest": 0, "calculatedOtherIncome": -1200000, "calculatedIncomeNonControlling": 0, "calculatedEbitda": 51600000}]}