{"originalCurrency": "USD", "convertedCurrency": "USD", "report": [{"date": "2023-12-31", "symbol": "MTZ", "reportedCurrency": "USD", "cik": "0000015615", "fillingDate": "2024-03-01", "acceptedDate": "2024-02-29 21:58:57", "calendarYear": "2023", "period": "FY", "revenue": 11995934000, "costOfRevenue": 11209124000, "grossProfit": 786810000, "grossProfitRatio": 0.065589724, "researchAndDevelopmentExpenses": 0, "generalAndAdministrativeExpenses": 698899000, "sellingAndMarketingExpenses": -64100000, "sellingGeneralAndAdministrativeExpenses": 634799000, "otherExpenses": 40893000, "operatingExpenses": 634799000, "costAndExpenses": 11843923000, "interestIncome": 0, "interestExpense": 234405000, "depreciationAndAmortization": 603162000, "ebitda": 755173000, "ebitdaratio": 0.0629524137, "operatingIncome": 152011000, "operatingIncomeRatio": 0.012671877, "totalOtherIncomeExpensesNet": -234715000, "incomeBeforeTax": -82704000, "incomeBeforeTaxRatio": -0.006894336, "incomeTaxExpense": -35408000, "netIncome": -49949000, "netIncomeRatio": -0.0041638275, "eps": -0.64, "epsdiluted": -0.64, "weightedAverageShsOut": 77535000, "weightedAverageShsOutDil": 77535000, "link": "https://www.sec.gov/Archives/edgar/data/15615/000001561524000021/0000015615-24-000021-index.htm", "finalLink": "https://www.sec.gov/Archives/edgar/data/15615/000001561524000021/mtz-20231231.htm", "calculatedOtherExpenses": 0, "calculatedOperatingExpenses": 634799000, "calculatedNetInterest": -234405000, "calculatedOtherIncome": -310000, "calculatedIncomeNonControlling": 2653000, "calculatedEbitda": 755173000}, {"date": "2022-12-31", "symbol": "MTZ", "reportedCurrency": "USD", "cik": "0000015615", "fillingDate": "2023-03-16", "acceptedDate": "2023-03-16 17:08:20", "calendarYear": "2022", "period": "FY", "revenue": 9778038000, "costOfRevenue": 8586333000, "grossProfit": 1191705000, "grossProfitRatio": 0.1218756769, "researchAndDevelopmentExpenses": 0, "generalAndAdministrativeExpenses": 559437000, "sellingAndMarketingExpenses": 0, "sellingGeneralAndAdministrativeExpenses": 559437000, "otherExpenses": 507148000, "operatingExpenses": 1066585000, "costAndExpenses": 9652918000, "interestIncome": 112255000, "interestExpense": 112255000, "depreciationAndAmortization": 507148000, "ebitda": 662462000, "ebitdaratio": 0.0677499924, "operatingIncome": 155314000, "operatingIncomeRatio": 0.0158839636, "totalOtherIncomeExpensesNet": -112255000, "incomeBeforeTax": 43059000, "incomeBeforeTaxRatio": 0.0044036442, "incomeTaxExpense": 9171000, "netIncome": 33354000, "netIncomeRatio": 0.0034111138, "eps": 0.45, "epsdiluted": 0.42, "weightedAverageShsOut": 74917000, "weightedAverageShsOutDil": 76185000, "link": "https://www.sec.gov/Archives/edgar/data/15615/000001561523000009/0000015615-23-000009-index.htm", "finalLink": "https://www.sec.gov/Archives/edgar/data/15615/000001561523000009/mtz-20221231.htm", "calculatedOtherExpenses": 476954000, "calculatedOperatingExpenses": 1036391000, "calculatedNetInterest": 0, "calculatedOtherIncome": -112255000, "calculatedIncomeNonControlling": 534000, "calculatedEbitda": 662462000}, {"date": "2021-12-31", "symbol": "MTZ", "reportedCurrency": "USD", "cik": "0000015615", "fillingDate": "2022-03-01", "acceptedDate": "2022-03-01 16:57:25", "calendarYear": "2021", "period": "FY", "revenue": 7951781000, "costOfRevenue": 6805735000, "grossProfit": 1146046000, "grossProfitRatio": 0.1441244421, "researchAndDevelopmentExpenses": 0, "generalAndAdministrativeExpenses": 306970000, "sellingAndMarketingExpenses": 0, "sellingGeneralAndAdministrativeExpenses": 306970000, "otherExpenses": 422826000, "operatingExpenses": 729796000, "costAndExpenses": 7535531000, "interestIncome": 53413000, "interestExpense": 53413000, "depreciationAndAmortization": 422826000, "ebitda": 906314000, "ebitdaratio": 0.1139762275, "operatingIncome": 483488000, "operatingIncomeRatio": 0.0608024793, "totalOtherIncomeExpensesNet": -53413000, "incomeBeforeTax": 430075000, "incomeBeforeTaxRatio": 0.0540853678, "incomeTaxExpense": 99346000, "netIncome": 328831000, "netIncomeRatio": 0.0413531258, "eps": 4.54, "epsdiluted": 4.45, "weightedAverageShsOut": 72499000, "weightedAverageShsOutDil": 73941000, "link": "https://www.sec.gov/Archives/edgar/data/15615/000001561522000011/0000015615-22-000011-index.htm", "finalLink": "https://www.sec.gov/Archives/edgar/data/15615/000001561522000011/mtz-20211231.htm", "calculatedOtherExpenses": 355588000, "calculatedOperatingExpenses": 662558000, "calculatedNetInterest": 0, "calculatedOtherIncome": -53413000, "calculatedIncomeNonControlling": 1898000, "calculatedEbitda": 906314000}, {"date": "2020-12-31", "symbol": "MTZ", "reportedCurrency": "USD", "cik": "0000015615", "fillingDate": "2021-02-25", "acceptedDate": "2021-02-25 17:30:34", "calendarYear": "2020", "period": "FY", "revenue": 6320975000, "costOfRevenue": 5270879000, "grossProfit": 1050096000, "grossProfitRatio": 0.1661288013, "researchAndDevelopmentExpenses": 0, "generalAndAdministrativeExpenses": 319192000, "sellingAndMarketingExpenses": 0, "sellingGeneralAndAdministrativeExpenses": 319192000, "otherExpenses": 297751000, "operatingExpenses": 616943000, "costAndExpenses": 5887822000, "interestIncome": 59629000, "interestExpense": 59629000, "depreciationAndAmortization": 297751000, "ebitda": 788113000, "ebitdaratio": 0.1246821891, "operatingIncome": 490362000, "operatingIncomeRatio": 0.0775769561, "totalOtherIncomeExpensesNet": -65198000, "incomeBeforeTax": 425164000, "incomeBeforeTaxRatio": 0.0672624081, "incomeTaxExpense": 102465000, "netIncome": 322848000, "netIncomeRatio": 0.0510756648, "eps": 4.43, "epsdiluted": 4.38, "weightedAverageShsOut": 72799000, "weightedAverageShsOutDil": 73715000, "link": "https://www.sec.gov/Archives/edgar/data/15615/000001561521000006/0000015615-21-000006-index.htm", "finalLink": "https://www.sec.gov/Archives/edgar/data/15615/000001561521000006/mtz-20201231.htm", "calculatedOtherExpenses": 240542000, "calculatedOperatingExpenses": 559734000, "calculatedNetInterest": 0, "calculatedOtherIncome": -65198000, "calculatedIncomeNonControlling": -149000, "calculatedEbitda": 788113000}, {"date": "2019-12-31", "symbol": "MTZ", "reportedCurrency": "USD", "cik": "0000015615", "fillingDate": "2020-02-27", "acceptedDate": "2020-02-27 17:26:59", "calendarYear": "2019", "period": "FY", "revenue": 7183188000, "costOfRevenue": 6070244000, "grossProfit": 1112944000, "grossProfitRatio": 0.1549373342, "researchAndDevelopmentExpenses": 0, "generalAndAdministrativeExpenses": 299500000, "sellingAndMarketingExpenses": 0, "sellingGeneralAndAdministrativeExpenses": 299500000, "otherExpenses": 235482000, "operatingExpenses": 534982000, "costAndExpenses": 6605226000, "interestIncome": 77026000, "interestExpense": 77026000, "depreciationAndAmortization": 235482000, "ebitda": 826766000, "ebitdaratio": 0.1150973635, "operatingIncome": 591284000, "operatingIncomeRatio": 0.0823149833, "totalOtherIncomeExpensesNet": -80345000, "incomeBeforeTax": 510939000, "incomeBeforeTaxRatio": 0.0711298382, "incomeTaxExpense": 116843000, "netIncome": 392334000, "netIncomeRatio": 0.0546183672, "eps": 5.22, "epsdiluted": 5.17, "weightedAverageShsOut": 75185000, "weightedAverageShsOutDil": 75846000, "link": "https://www.sec.gov/Archives/edgar/data/15615/000001561520000005/0000015615-20-000005-index.htm", "finalLink": "https://www.sec.gov/Archives/edgar/data/15615/000001561520000005/mtz12311910-k.htm", "calculatedOtherExpenses": 222160000, "calculatedOperatingExpenses": 521660000, "calculatedNetInterest": 0, "calculatedOtherIncome": -80345000, "calculatedIncomeNonControlling": 1762000, "calculatedEbitda": 826766000}, {"date": "2018-12-31", "symbol": "MTZ", "reportedCurrency": "USD", "cik": "0000015615", "fillingDate": "2019-02-28", "acceptedDate": "2019-02-28 17:29:05", "calendarYear": "2018", "period": "FY", "revenue": 6909417000, "costOfRevenue": 5939308000, "grossProfit": 970109000, "grossProfitRatio": 0.1404038865, "researchAndDevelopmentExpenses": 0, "generalAndAdministrativeExpenses": 287278000, "sellingAndMarketingExpenses": 0, "sellingGeneralAndAdministrativeExpenses": 287278000, "otherExpenses": 212930000, "operatingExpenses": 500208000, "costAndExpenses": 6439516000, "interestIncome": 0, "interestExpense": 82571000, "depreciationAndAmortization": 212930000, "ebitda": 708466000, "ebitdaratio": 0.1025362921, "operatingIncome": 495536000, "operatingIncomeRatio": 0.0717189308, "totalOtherIncomeExpensesNet": -130233000, "incomeBeforeTax": 365303000, "incomeBeforeTaxRatio": 0.0528703073, "incomeTaxExpense": 106072000, "netIncome": 259659000, "netIncomeRatio": 0.03758045, "eps": 3.3, "epsdiluted": 3.26, "weightedAverageShsOut": 78695000, "weightedAverageShsOutDil": 79772000, "link": "https://www.sec.gov/Archives/edgar/data/15615/000001561519000011/0000015615-19-000011-index.htm", "finalLink": "https://www.sec.gov/Archives/edgar/data/15615/000001561519000011/mtz12311810-k.htm", "calculatedOtherExpenses": 187295000, "calculatedOperatingExpenses": 474573000, "calculatedNetInterest": -82571000, "calculatedOtherIncome": -47662000, "calculatedIncomeNonControlling": -428000, "calculatedEbitda": 708466000}, {"date": "2017-12-31", "symbol": "MTZ", "reportedCurrency": "USD", "cik": "0000015615", "fillingDate": "2018-02-27", "acceptedDate": "2018-02-27 17:30:02", "calendarYear": "2017", "period": "FY", "revenue": 6606978000, "costOfRevenue": 5745307000, "grossProfit": 861671000, "grossProfitRatio": 0.1304183244, "researchAndDevelopmentExpenses": 0, "generalAndAdministrativeExpenses": 275103000, "sellingAndMarketingExpenses": 0, "sellingGeneralAndAdministrativeExpenses": 275103000, "otherExpenses": 12990000, "operatingExpenses": 463152000, "costAndExpenses": 6208459000, "interestIncome": 0, "interestExpense": 61011000, "depreciationAndAmortization": 188049000, "ebitda": 620886000, "ebitdaratio": 0.0939742799, "operatingIncome": 398519000, "operatingIncomeRatio": 0.0603178942, "totalOtherIncomeExpensesNet": 34318000, "incomeBeforeTax": 371826000, "incomeBeforeTaxRatio": 0.0562777718, "incomeTaxExpense": 22942000, "netIncome": 347213000, "netIncomeRatio": 0.052552468, "eps": 4.29, "epsdiluted": 4.22, "weightedAverageShsOut": 80903000, "weightedAverageShsOutDil": 82325000, "link": "https://www.sec.gov/Archives/edgar/data/15615/000001561518000007/0000015615-18-000007-index.htm", "finalLink": "https://www.sec.gov/Archives/edgar/data/15615/000001561518000007/mtz12311710-k.htm", "calculatedOtherExpenses": 188049000, "calculatedOperatingExpenses": 463152000, "calculatedNetInterest": -61011000, "calculatedOtherIncome": 34318000, "calculatedIncomeNonControlling": 1671000, "calculatedEbitda": 586568000}, {"date": "2016-12-31", "symbol": "MTZ", "reportedCurrency": "USD", "cik": "0000015615", "fillingDate": "2017-02-24", "acceptedDate": "2017-02-23 20:06:31", "calendarYear": "2016", "period": "FY", "revenue": 5134703000, "costOfRevenue": 4442125000, "grossProfit": 692578000, "grossProfitRatio": 0.1348818033, "researchAndDevelopmentExpenses": 0, "generalAndAdministrativeExpenses": 261433000, "sellingAndMarketingExpenses": 0, "sellingGeneralAndAdministrativeExpenses": 261433000, "otherExpenses": 6795000, "operatingExpenses": 426348000, "costAndExpenses": 4868473000, "interestIncome": 0, "interestExpense": 50734000, "depreciationAndAmortization": 164915000, "ebitda": 441468000, "ebitdaratio": 0.0859773194, "operatingIncome": 276553000, "operatingIncomeRatio": 0.0538595903, "totalOtherIncomeExpensesNet": 10323000, "incomeBeforeTax": 225819000, "incomeBeforeTaxRatio": 0.0439789799, "incomeTaxExpense": 91784000, "netIncome": 131263000, "netIncomeRatio": 0.0255638934, "eps": 1.63, "epsdiluted": 1.61, "weightedAverageShsOut": 80372000, "weightedAverageShsOutDil": 81394000, "link": "https://www.sec.gov/Archives/edgar/data/15615/000001561517000007/0000015615-17-000007-index.htm", "finalLink": "https://www.sec.gov/Archives/edgar/data/15615/000001561517000007/mtz12311610-k.htm", "calculatedOtherExpenses": 154592000, "calculatedOperatingExpenses": 416025000, "calculatedNetInterest": -50734000, "calculatedOtherIncome": 0, "calculatedIncomeNonControlling": 2772000, "calculatedEbitda": 441468000}, {"date": "2015-12-31", "symbol": "MTZ", "reportedCurrency": "USD", "cik": "0000015615", "fillingDate": "2016-02-26", "acceptedDate": "2016-02-25 21:20:16", "calendarYear": "2015", "period": "FY", "revenue": 4208330000, "costOfRevenue": 3721303000, "grossProfit": 487027000, "grossProfitRatio": 0.1157292798, "researchAndDevelopmentExpenses": 0, "generalAndAdministrativeExpenses": 265910000, "sellingAndMarketingExpenses": 0, "sellingGeneralAndAdministrativeExpenses": 265910000, "otherExpenses": 7479000, "operatingExpenses": 435572000, "costAndExpenses": 4156875000, "interestIncome": 600000, "interestExpense": 48055000, "depreciationAndAmortization": 169662000, "ebitda": 228596000, "ebitdaratio": 0.0543198846, "operatingIncome": 56679000, "operatingIncomeRatio": 0.0134682879, "totalOtherIncomeExpensesNet": -71146000, "incomeBeforeTax": -67746000, "incomeBeforeTaxRatio": -0.0160980722, "incomeTaxExpense": 11957000, "netIncome": -79110000, "netIncomeRatio": -0.0187984307, "eps": -0.98, "epsdiluted": -0.98, "weightedAverageShsOut": 80489000, "weightedAverageShsOutDil": 80489000, "link": "https://www.sec.gov/Archives/edgar/data/15615/000001561516000093/0000015615-16-000093-index.htm", "finalLink": "https://www.sec.gov/Archives/edgar/data/15615/000001561516000093/mtz12311510-k.htm", "calculatedOtherExpenses": 164438000, "calculatedOperatingExpenses": 430348000, "calculatedNetInterest": -47455000, "calculatedOtherIncome": -76970000, "calculatedIncomeNonControlling": -593000, "calculatedEbitda": 226341000}, {"date": "2014-12-31", "symbol": "MTZ", "reportedCurrency": "USD", "cik": "0000015615", "fillingDate": "2015-07-31", "acceptedDate": "2015-07-31 17:05:34", "calendarYear": "2014", "period": "FY", "revenue": 4614841000, "costOfRevenue": 3981302000, "grossProfit": 633539000, "grossProfitRatio": 0.137282953, "researchAndDevelopmentExpenses": 0, "generalAndAdministrativeExpenses": 238305000, "sellingAndMarketingExpenses": 0, "sellingGeneralAndAdministrativeExpenses": 238305000, "otherExpenses": 8116000, "operatingExpenses": 392757000, "costAndExpenses": 4374059000, "interestIncome": 100000, "interestExpense": 50769000, "depreciationAndAmortization": 154452000, "ebitda": 403350000, "ebitdaratio": 0.0874027946, "operatingIncome": 241930000, "operatingIncomeRatio": 0.0524243414, "totalOtherIncomeExpensesNet": 8116000, "incomeBeforeTax": 198129000, "incomeBeforeTaxRatio": 0.0429330068, "incomeTaxExpense": 76271000, "netIncome": 115641000, "netIncomeRatio": 0.0250585015, "eps": 1.45, "epsdiluted": 1.34, "weightedAverageShsOut": 79953000, "weightedAverageShsOutDil": 86196000, "link": "https://www.sec.gov/Archives/edgar/data/15615/000001561515000053/0000015615-15-000053-index.htm", "finalLink": "https://www.sec.gov/Archives/edgar/data/15615/000001561515000053/mtz12311410-k.htm", "calculatedOtherExpenses": 153304000, "calculatedOperatingExpenses": 391609000, "calculatedNetInterest": -50669000, "calculatedOtherIncome": 6868000, "calculatedIncomeNonControlling": 6217000, "calculatedEbitda": 396382000}, {"date": "2013-12-31", "symbol": "MTZ", "reportedCurrency": "USD", "cik": "0000015615", "fillingDate": "2014-02-27", "acceptedDate": "2014-02-27 17:23:23", "calendarYear": "2013", "period": "FY", "revenue": 4324787000, "costOfRevenue": 3682367000, "grossProfit": 642420000, "grossProfitRatio": 0.1485437317, "researchAndDevelopmentExpenses": 0, "generalAndAdministrativeExpenses": 215402000, "sellingAndMarketingExpenses": 0, "sellingGeneralAndAdministrativeExpenses": 215402000, "otherExpenses": 6188000, "operatingExpenses": 356328000, "costAndExpenses": 4038695000, "interestIncome": 400000, "interestExpense": 37600000, "depreciationAndAmortization": 140928000, "ebitda": 424366000, "ebitdaratio": 0.0981241388, "operatingIncome": 283438000, "operatingIncomeRatio": 0.0655380253, "totalOtherIncomeExpensesNet": 564000, "incomeBeforeTax": 240214000, "incomeBeforeTaxRatio": 0.0555435447, "incomeTaxExpense": 92542000, "netIncome": 140950000, "netIncomeRatio": 0.0325912004, "eps": 1.83, "epsdiluted": 1.66, "weightedAverageShsOut": 76923000, "weightedAverageShsOutDil": 84901000, "link": "https://www.sec.gov/Archives/edgar/data/15615/000001561514000027/0000015615-14-000027-index.htm", "finalLink": "https://www.sec.gov/Archives/edgar/data/15615/000001561514000027/mtz12311310-k.htm", "calculatedOtherExpenses": 143580000, "calculatedOperatingExpenses": 358982000, "calculatedNetInterest": -37200000, "calculatedOtherIncome": -6024000, "calculatedIncomeNonControlling": 6722000, "calculatedEbitda": 424366000}, {"date": "2012-12-31", "symbol": "MTZ", "reportedCurrency": "USD", "cik": "0000015615", "fillingDate": "2013-02-28", "acceptedDate": "2013-02-28 17:11:15", "calendarYear": "2012", "period": "FY", "revenue": 3726789000, "costOfRevenue": 3239195000, "grossProfit": 487594000, "grossProfitRatio": 0.1308348823, "researchAndDevelopmentExpenses": 0, "generalAndAdministrativeExpenses": 157524000, "sellingAndMarketingExpenses": 0, "sellingGeneralAndAdministrativeExpenses": 157524000, "otherExpenses": -8017000, "operatingExpenses": 249482000, "costAndExpenses": 3488677000, "interestIncome": 400000, "interestExpense": 27500000, "depreciationAndAmortization": 92601000, "ebitda": 312820000, "ebitdaratio": 0.0839382106, "operatingIncome": 220219000, "operatingIncomeRatio": 0.0590908152, "totalOtherIncomeExpensesNet": -8017000, "incomeBeforeTax": 192719000, "incomeBeforeTaxRatio": 0.0517118087, "incomeTaxExpense": 76080000, "netIncome": 107426000, "netIncomeRatio": 0.0288253507, "eps": 1.37, "epsdiluted": 1.31, "weightedAverageShsOut": 78275000, "weightedAverageShsOutDil": 82082000, "link": "https://www.sec.gov/Archives/edgar/data/15615/000001561513000028/0000015615-13-000028-index.htm", "finalLink": "https://www.sec.gov/Archives/edgar/data/15615/000001561513000028/mtz12311210-k.htm", "calculatedOtherExpenses": 109851000, "calculatedOperatingExpenses": 267375000, "calculatedNetInterest": -27100000, "calculatedOtherIncome": -400000, "calculatedIncomeNonControlling": 9213000, "calculatedEbitda": 312820000}, {"date": "2011-12-31", "symbol": "MTZ", "reportedCurrency": "USD", "cik": "0000015615", "fillingDate": "2012-02-29", "acceptedDate": "2012-02-29 17:07:12", "calendarYear": "2011", "period": "FY", "revenue": 3008977000, "costOfRevenue": 2606091000, "grossProfit": 402886000, "grossProfitRatio": 0.1338946758, "researchAndDevelopmentExpenses": 0, "generalAndAdministrativeExpenses": 148432000, "sellingAndMarketingExpenses": 0, "sellingGeneralAndAdministrativeExpenses": 148432000, "otherExpenses": 75251000, "operatingExpenses": 223683000, "costAndExpenses": 2829774000, "interestIncome": 600000, "interestExpense": 35000000, "depreciationAndAmortization": 75228000, "ebitda": 255031000, "ebitdaratio": 0.084756713, "operatingIncome": 179803000, "operatingIncomeRatio": 0.0597555249, "totalOtherIncomeExpensesNet": 29224000, "incomeBeforeTax": 174027000, "incomeBeforeTaxRatio": 0.0578359356, "incomeTaxExpense": 68055000, "netIncome": 106001000, "netIncomeRatio": 0.035228252, "eps": 1.29, "epsdiluted": 1.23, "weightedAverageShsOut": 82182000, "weightedAverageShsOutDil": 86716000, "link": "https://www.sec.gov/Archives/edgar/data/15615/000119312512089522/0001193125-12-089522-index.htm", "finalLink": "https://www.sec.gov/Archives/edgar/data/15615/000119312512089522/d207106d10k.htm", "calculatedOtherExpenses": 74651000, "calculatedOperatingExpenses": 223083000, "calculatedNetInterest": -34400000, "calculatedOtherIncome": 28624000, "calculatedIncomeNonControlling": -29000, "calculatedEbitda": 255031000}, {"date": "2010-12-31", "symbol": "MTZ", "reportedCurrency": "USD", "cik": "0000015615", "fillingDate": "2011-02-23", "acceptedDate": "2011-02-23 17:00:48", "calendarYear": "2010", "period": "FY", "revenue": 2308031000, "costOfRevenue": 1938882000, "grossProfit": 369149000, "grossProfitRatio": 0.1599410926, "researchAndDevelopmentExpenses": 0, "generalAndAdministrativeExpenses": 126658000, "sellingAndMarketingExpenses": 0, "sellingGeneralAndAdministrativeExpenses": 126658000, "otherExpenses": 57966000, "operatingExpenses": 184624000, "costAndExpenses": 2123506000, "interestIncome": 0, "interestExpense": 31804000, "depreciationAndAmortization": 57966000, "ebitda": 243911000, "ebitdaratio": 0.1056792565, "operatingIncome": 155420000, "operatingIncomeRatio": 0.0673387836, "totalOtherIncomeExpensesNet": -1420000, "incomeBeforeTax": 154000000, "incomeBeforeTaxRatio": 0.0667235405, "incomeTaxExpense": 63613000, "netIncome": 90528000, "netIncomeRatio": 0.0392230434, "eps": 1.19, "epsdiluted": 1.05, "weightedAverageShsOut": 76132000, "weightedAverageShsOutDil": 90885000, "link": "https://www.sec.gov/Archives/edgar/data/15615/000119312511043693/0001193125-11-043693-index.htm", "finalLink": "https://www.sec.gov/Archives/edgar/data/15615/000119312511043693/d10k.htm", "calculatedOtherExpenses": 87071000, "calculatedOperatingExpenses": 213729000, "calculatedNetInterest": -31804000, "calculatedOtherIncome": 30384000, "calculatedIncomeNonControlling": -141000, "calculatedEbitda": 213386000}, {"date": "2009-12-31", "symbol": "MTZ", "reportedCurrency": "USD", "cik": "0000015615", "fillingDate": "2010-02-25", "acceptedDate": "2010-02-24 19:59:41", "calendarYear": "2009", "period": "FY", "revenue": 1623502000, "costOfRevenue": 1376125000, "grossProfit": 247377000, "grossProfitRatio": 0.152372464, "researchAndDevelopmentExpenses": 0, "generalAndAdministrativeExpenses": 96932000, "sellingAndMarketingExpenses": 0, "sellingGeneralAndAdministrativeExpenses": 96932000, "otherExpenses": 49539000, "operatingExpenses": 146471000, "costAndExpenses": 1522596000, "interestIncome": 0, "interestExpense": 24690000, "depreciationAndAmortization": 49539000, "ebitda": 150445000, "ebitdaratio": 0.0926669631, "operatingIncome": 76216000, "operatingIncomeRatio": 0.0469454303, "totalOtherIncomeExpensesNet": 2917000, "incomeBeforeTax": 79133000, "incomeBeforeTaxRatio": 0.0487421635, "incomeTaxExpense": 8385000, "netIncome": 70748000, "netIncomeRatio": 0.0435774024, "eps": 0.93, "epsdiluted": 0.9, "weightedAverageShsOut": 75701000, "weightedAverageShsOutDil": 81762000, "link": "https://www.sec.gov/Archives/edgar/data/15615/000119312510039265/0001193125-10-039265-index.htm", "finalLink": "https://www.sec.gov/Archives/edgar/data/15615/000119312510039265/d10k.htm", "calculatedOtherExpenses": 74229000, "calculatedOperatingExpenses": 171161000, "calculatedNetInterest": -24690000, "calculatedOtherIncome": 27607000, "calculatedIncomeNonControlling": 0, "calculatedEbitda": 125755000}, {"date": "2008-12-31", "symbol": "MTZ", "reportedCurrency": "USD", "cik": "0000015615", "fillingDate": "2009-03-02", "acceptedDate": "2009-03-02 17:24:22", "calendarYear": "2008", "period": "FY", "revenue": 1378663000, "costOfRevenue": 1180310000, "grossProfit": 198353000, "grossProfitRatio": 0.1438734484, "researchAndDevelopmentExpenses": 0, "generalAndAdministrativeExpenses": 88585000, "sellingAndMarketingExpenses": 0, "sellingGeneralAndAdministrativeExpenses": 88585000, "otherExpenses": 28465000, "operatingExpenses": 117050000, "costAndExpenses": 1297360000, "interestIncome": 0, "interestExpense": 13718000, "depreciationAndAmortization": 28465000, "ebitda": 108841000, "ebitdaratio": 0.0789467767, "operatingIncome": 81303000, "operatingIncomeRatio": 0.0589723522, "totalOtherIncomeExpensesNet": 927000, "incomeBeforeTax": 67472000, "incomeBeforeTaxRatio": 0.0489401688, "incomeTaxExpense": 870000, "netIncome": 65788000, "netIncomeRatio": 0.0477186956, "eps": 0.97, "epsdiluted": 0.96, "weightedAverageShsOut": 67983000, "weightedAverageShsOutDil": 68916000, "link": "https://www.sec.gov/Archives/edgar/data/15615/000095014409001787/0000950144-09-001787-index.htm", "finalLink": "https://www.sec.gov/Archives/edgar/data/15615/000095014409001787/g17905e10vk.htm", "calculatedOtherExpenses": 28465000, "calculatedOperatingExpenses": 117050000, "calculatedNetInterest": -13718000, "calculatedOtherIncome": -113000, "calculatedIncomeNonControlling": 814000, "calculatedEbitda": 109768000}, {"date": "2007-12-31", "symbol": "MTZ", "reportedCurrency": "USD", "cik": "0000015615", "fillingDate": "2008-02-28", "acceptedDate": "2008-02-27 21:40:37", "calendarYear": "2007", "period": "FY", "revenue": 1037779000, "costOfRevenue": 891606000, "grossProfit": 146173000, "grossProfitRatio": 0.1408517613, "researchAndDevelopmentExpenses": 0, "generalAndAdministrativeExpenses": 114723000, "sellingAndMarketingExpenses": 0, "sellingGeneralAndAdministrativeExpenses": 114723000, "otherExpenses": 16988000, "operatingExpenses": 131711000, "costAndExpenses": 1023317000, "interestIncome": 0, "interestExpense": 9236000, "depreciationAndAmortization": 18088000, "ebitda": 29034000, "ebitdaratio": 0.0279770548, "operatingIncome": 14462000, "operatingIncomeRatio": 0.0139355296, "totalOtherIncomeExpensesNet": 3516000, "incomeBeforeTax": 8742000, "incomeBeforeTaxRatio": 0.0084237588, "incomeTaxExpense": 9038000, "netIncome": -7328000, "netIncomeRatio": -0.0070612337, "eps": -0.11, "epsdiluted": -0.11, "weightedAverageShsOut": 66147000, "weightedAverageShsOutDil": 67626000, "link": "https://www.sec.gov/Archives/edgar/data/15615/000095014408001445/0000950144-08-001445-index.htm", "finalLink": "https://www.sec.gov/Archives/edgar/data/15615/000095014408001445/g12007e10vk.htm", "calculatedOtherExpenses": 16988000, "calculatedOperatingExpenses": 131711000, "calculatedNetInterest": -9236000, "calculatedOtherIncome": 3516000, "calculatedIncomeNonControlling": 7032000, "calculatedEbitda": 32550000}, {"date": "2006-12-31", "symbol": "MTZ", "reportedCurrency": "USD", "cik": "0000015615", "fillingDate": "2007-03-08", "acceptedDate": "2007-03-08 17:28:08", "calendarYear": "2006", "period": "FY", "revenue": 945806000, "costOfRevenue": 813406000, "grossProfit": 132400000, "grossProfitRatio": 0.1399864243, "researchAndDevelopmentExpenses": 0, "generalAndAdministrativeExpenses": 74610000, "sellingAndMarketingExpenses": 0, "sellingGeneralAndAdministrativeExpenses": 74610000, "otherExpenses": 14664000, "operatingExpenses": 89274000, "costAndExpenses": 902680000, "interestIncome": 0, "interestExpense": 10023000, "depreciationAndAmortization": 15437000, "ebitda": 50457000, "ebitdaratio": 0.0533481496, "operatingIncome": 43126000, "operatingIncomeRatio": 0.0455970886, "totalOtherIncomeExpensesNet": 8106000, "incomeBeforeTax": 41209000, "incomeBeforeTaxRatio": 0.0435702459, "incomeTaxExpense": 75345000, "netIncome": -50348000, "netIncomeRatio": -0.053232904, "eps": -0.79, "epsdiluted": -0.77, "weightedAverageShsOut": 63574000, "weightedAverageShsOutDil": 65119000, "link": "https://www.sec.gov/Archives/edgar/data/15615/000095014407001989/0000950144-07-001989-index.htm", "finalLink": "https://www.sec.gov/Archives/edgar/data/15615/000095014407001989/g05907e10vk.htm", "calculatedOtherExpenses": 14664000, "calculatedOperatingExpenses": 89274000, "calculatedNetInterest": -10023000, "calculatedOtherIncome": 8106000, "calculatedIncomeNonControlling": 16212000, "calculatedEbitda": 58563000}, {"date": "2005-12-31", "symbol": "MTZ", "reportedCurrency": "USD", "cik": "0000015615", "fillingDate": "2006-03-01", "acceptedDate": "2006-03-01 16:36:51", "calendarYear": "2005", "period": "FY", "revenue": 848046000, "costOfRevenue": 731504000, "grossProfit": 116542000, "grossProfitRatio": 0.1374241492, "researchAndDevelopmentExpenses": 0, "generalAndAdministrativeExpenses": 64266000, "sellingAndMarketingExpenses": 0, "sellingGeneralAndAdministrativeExpenses": 64266000, "otherExpenses": 16341000, "operatingExpenses": 80607000, "costAndExpenses": 812111000, "interestIncome": 0, "interestExpense": 19233000, "depreciationAndAmortization": 18188000, "ebitda": 50507000, "ebitdaratio": 0.0595569108, "operatingIncome": 35935000, "operatingIncomeRatio": 0.0423738807, "totalOtherIncomeExpensesNet": 3616000, "incomeBeforeTax": 20318000, "incomeBeforeTaxRatio": 0.023958606, "incomeTaxExpense": 27702000, "netIncome": -14616000, "netIncomeRatio": -0.0172349141, "eps": -0.3, "epsdiluted": -0.29, "weightedAverageShsOut": 48952000, "weightedAverageShsOutDil": 49795000, "link": "https://www.sec.gov/Archives/edgar/data/15615/000095014406001675/0000950144-06-001675-index.htm", "finalLink": "https://www.sec.gov/Archives/edgar/data/15615/000095014406001675/g99839e10vk.htm", "calculatedOtherExpenses": 16341000, "calculatedOperatingExpenses": 80607000, "calculatedNetInterest": -19233000, "calculatedOtherIncome": 3616000, "calculatedIncomeNonControlling": 7232000, "calculatedEbitda": 54123000}, {"date": "2004-12-31", "symbol": "MTZ", "reportedCurrency": "USD", "cik": "0000015615", "fillingDate": "2005-03-31", "acceptedDate": "2005-03-31 16:41:18", "calendarYear": "2004", "period": "FY", "revenue": 913795000, "costOfRevenue": 828743000, "grossProfit": 85052000, "grossProfitRatio": 0.0930755804, "researchAndDevelopmentExpenses": 0, "generalAndAdministrativeExpenses": 74550000, "sellingAndMarketingExpenses": 0, "sellingGeneralAndAdministrativeExpenses": 74550000, "otherExpenses": 17099000, "operatingExpenses": 91649000, "costAndExpenses": 920392000, "interestIncome": 0, "interestExpense": 19478000, "depreciationAndAmortization": 17588000, "ebitda": 10800000, "ebitdaratio": 0.0118188434, "operatingIncome": 6597000, "operatingIncomeRatio": 0.0072193435, "totalOtherIncomeExpensesNet": 191000, "incomeBeforeTax": -25884000, "incomeBeforeTaxRatio": -0.028325828, "incomeTaxExpense": 23171000, "netIncome": -49437000, "netIncomeRatio": -0.0541007556, "eps": -1.02, "epsdiluted": -1.02, "weightedAverageShsOut": 48467647, "weightedAverageShsOutDil": 48467647, "link": "https://www.sec.gov/Archives/edgar/data/15615/000095014405003374/0000950144-05-003374-index.htm", "finalLink": "https://www.sec.gov/Archives/edgar/data/15615/000095014405003374/g94097e10vk.htm", "calculatedOtherExpenses": 3905000, "calculatedOperatingExpenses": 78455000, "calculatedNetInterest": -19478000, "calculatedOtherIncome": -13003000, "calculatedIncomeNonControlling": 382000, "calculatedEbitda": 24185000}, {"date": "2003-12-31", "symbol": "MTZ", "reportedCurrency": "USD", "cik": "0000015615", "fillingDate": "2004-07-29", "acceptedDate": "2004-07-29 17:25:12", "calendarYear": "2003", "period": "FY", "revenue": 870247000, "costOfRevenue": 793161000, "grossProfit": 77086000, "grossProfitRatio": 0.0885794493, "researchAndDevelopmentExpenses": 0, "generalAndAdministrativeExpenses": 91752000, "sellingAndMarketingExpenses": 0, "sellingGeneralAndAdministrativeExpenses": 91752000, "otherExpenses": 28783000, "operatingExpenses": 120535000, "costAndExpenses": 913696000, "interestIncome": 369000, "interestExpense": 20202000, "depreciationAndAmortization": 29417000, "ebitda": -15774000, "ebitdaratio": -0.0181258884, "operatingIncome": 43449000, "operatingIncomeRatio": 0.0499272046, "totalOtherIncomeExpensesNet": 1742000, "incomeBeforeTax": -61540000, "incomeBeforeTaxRatio": -0.0707155555, "incomeTaxExpense": -9241000, "netIncome": -52299000, "netIncomeRatio": -0.0600967312, "eps": -1.09, "epsdiluted": -1.08, "weightedAverageShsOut": 47980734, "weightedAverageShsOutDil": 48425000, "link": "https://www.sec.gov/Archives/edgar/data/15615/000095014404007457/0000950144-04-007457-index.htm", "finalLink": "https://www.sec.gov/Archives/edgar/data/15615/000095014404007457/g90004e10vk.htm", "calculatedOtherExpenses": -58115000, "calculatedOperatingExpenses": 33637000, "calculatedNetInterest": -19833000, "calculatedOtherIncome": -85156000, "calculatedIncomeNonControlling": 0, "calculatedEbitda": 72866000}, {"date": "2002-12-31", "symbol": "MTZ", "reportedCurrency": "USD", "cik": "0000015615", "fillingDate": "2003-04-09", "acceptedDate": "2003-04-08 17:36:01", "calendarYear": "2002", "period": "FY", "revenue": 838055000, "costOfRevenue": 745178000, "grossProfit": 92877000, "grossProfitRatio": 0.1108244686, "researchAndDevelopmentExpenses": 0, "generalAndAdministrativeExpenses": 117395000, "sellingAndMarketingExpenses": 0, "sellingGeneralAndAdministrativeExpenses": 117395000, "otherExpenses": 35946000, "operatingExpenses": 153341000, "costAndExpenses": 898519000, "interestIncome": 1069000, "interestExpense": 19237000, "depreciationAndAmortization": 35946000, "ebitda": 65321000, "ebitdaratio": 0.0779435717, "operatingIncome": 60464000, "operatingIncomeRatio": 0.0721480094, "totalOtherIncomeExpensesNet": -89839000, "incomeBeforeTax": -168471000, "incomeBeforeTaxRatio": -0.2010261856, "incomeTaxExpense": -65473000, "netIncome": -128806000, "netIncomeRatio": -0.1536963564, "eps": -2.69, "epsdiluted": -2.69, "weightedAverageShsOut": 47914386, "weightedAverageShsOutDil": 47914386, "link": "https://www.sec.gov/Archives/edgar/data/15615/000001561503000009/0000015615-03-000009-index.htm", "finalLink": "https://www.sec.gov/Archives/edgar/data/15615/000001561503000009/k2002final.txt", "calculatedOtherExpenses": -84982000, "calculatedOperatingExpenses": 32413000, "calculatedNetInterest": -18168000, "calculatedOtherIncome": -210767000, "calculatedIncomeNonControlling": 25808000, "calculatedEbitda": 96410000}, {"date": "2001-12-31", "symbol": "MTZ", "reportedCurrency": "USD", "cik": "0000015615", "fillingDate": "2002-03-28", "acceptedDate": "2002-03-28 00:00:00", "calendarYear": "2001", "period": "FY", "revenue": 1222580000, "costOfRevenue": 988198000, "grossProfit": 234382000, "grossProfitRatio": 0.1917109719, "researchAndDevelopmentExpenses": 0, "generalAndAdministrativeExpenses": 290040000, "sellingAndMarketingExpenses": 0, "sellingGeneralAndAdministrativeExpenses": 290040000, "otherExpenses": 62517000, "operatingExpenses": 352557000, "costAndExpenses": 1340755000, "interestIncome": 5775000, "interestExpense": 20426000, "depreciationAndAmortization": 62517000, "ebitda": -41040000, "ebitdaratio": -0.0335683554, "operatingIncome": 118175000, "operatingIncomeRatio": 0.0966603412, "totalOtherIncomeExpensesNet": -14618000, "incomeBeforeTax": -147444000, "incomeBeforeTaxRatio": -0.1206006969, "incomeTaxExpense": -54858000, "netIncome": -92354000, "netIncomeRatio": -0.0755402509, "eps": -1.93, "epsdiluted": -1.93, "weightedAverageShsOut": 47819898, "weightedAverageShsOutDil": 47819898, "link": "https://www.sec.gov/Archives/edgar/data/15615/000001561502000002/0000015615-02-000002-index.htm", "finalLink": "https://www.sec.gov/Archives/edgar/data/15615/000001561502000002/form10k2001.txt", "calculatedOtherExpenses": -173833000, "calculatedOperatingExpenses": 116207000, "calculatedNetInterest": -14651000, "calculatedOtherIncome": -250968000, "calculatedIncomeNonControlling": -232000, "calculatedEbitda": 180692000}, {"date": "2000-12-31", "symbol": "MTZ", "reportedCurrency": "USD", "cik": "0000015615", "fillingDate": "2001-03-26", "acceptedDate": "2001-03-26 00:00:00", "calendarYear": "2000", "period": "FY", "revenue": 1330296000, "costOfRevenue": 1017878000, "grossProfit": 312418000, "grossProfitRatio": 0.2348484848, "researchAndDevelopmentExpenses": 0, "generalAndAdministrativeExpenses": 98521000, "sellingAndMarketingExpenses": 0, "sellingGeneralAndAdministrativeExpenses": 98521000, "otherExpenses": 63455000, "operatingExpenses": 161976000, "costAndExpenses": 1179854000, "interestIncome": 4973000, "interestExpense": 18283000, "depreciationAndAmortization": 63455000, "ebitda": 239653000, "ebitdaratio": 0.180150132, "operatingIncome": 150442000, "operatingIncomeRatio": 0.113089117, "totalOtherIncomeExpensesNet": -25756000, "incomeBeforeTax": 111024000, "incomeBeforeTaxRatio": 0.0834581176, "incomeTaxExpense": 45877000, "netIncome": 65147000, "netIncomeRatio": 0.0489718078, "eps": 1.37, "epsdiluted": 1.37, "weightedAverageShsOut": 47552555, "weightedAverageShsOutDil": 47963000, "link": "https://www.sec.gov/Archives/edgar/data/15615/000001561501000001/0000015615-01-000001-index.htm", "finalLink": "https://www.sec.gov/Archives/edgar/data/15615/000001561501000001/0000015615-01-000001-0001.txt", "calculatedOtherExpenses": 63455000, "calculatedOperatingExpenses": 161976000, "calculatedNetInterest": -13310000, "calculatedOtherIncome": -26108000, "calculatedIncomeNonControlling": 0, "calculatedEbitda": 213897000}, {"date": "1999-12-31", "symbol": "MTZ", "reportedCurrency": "USD", "cik": "0000015615", "fillingDate": "2000-02-04", "acceptedDate": "2000-02-04 00:00:00", "calendarYear": "1999", "period": "FY", "revenue": 1059000000, "costOfRevenue": 803800000, "grossProfit": 255200000, "grossProfitRatio": 0.2409820585, "researchAndDevelopmentExpenses": 0, "generalAndAdministrativeExpenses": 91900000, "sellingAndMarketingExpenses": 0, "sellingGeneralAndAdministrativeExpenses": 91900000, "otherExpenses": 56100000, "operatingExpenses": 148000000, "costAndExpenses": 951800000, "interestIncome": 0, "interestExpense": 39300000, "depreciationAndAmortization": 56100000, "ebitda": 173400000, "ebitdaratio": 0.1637393768, "operatingIncome": 117300000, "operatingIncomeRatio": 0.1107648725, "totalOtherIncomeExpensesNet": -10100000, "incomeBeforeTax": 78000000, "incomeBeforeTaxRatio": 0.0736543909, "incomeTaxExpense": 33300000, "netIncome": 44700000, "netIncomeRatio": 0.0422096317, "eps": 1.07, "epsdiluted": 1.05, "weightedAverageShsOut": 41714000, "weightedAverageShsOutDil": 42624000, "link": "https://www.sec.gov/Archives/edgar/data/15615/000095017000000146/0000950170-00-000146-index.html", "finalLink": "https://www.sec.gov/Archives/edgar/data/15615/000095017000000146/", "calculatedOtherExpenses": 46000000, "calculatedOperatingExpenses": 137900000, "calculatedNetInterest": -39300000, "calculatedOtherIncome": 0, "calculatedIncomeNonControlling": 0, "calculatedEbitda": 173400000}, {"date": "1998-12-31", "symbol": "MTZ", "reportedCurrency": "USD", "cik": "0000015615", "fillingDate": "1999-04-01", "acceptedDate": "1999-04-01 00:00:00", "calendarYear": "1998", "period": "FY", "revenue": 1048900000, "costOfRevenue": 803100000, "grossProfit": 245800000, "grossProfitRatio": 0.2343407379, "researchAndDevelopmentExpenses": 0, "generalAndAdministrativeExpenses": 174300000, "sellingAndMarketingExpenses": 0, "sellingGeneralAndAdministrativeExpenses": 174300000, "otherExpenses": 43300000, "operatingExpenses": 217600000, "costAndExpenses": 1020700000, "interestIncome": 0, "interestExpense": 29600000, "depreciationAndAmortization": 43300000, "ebitda": 65700000, "ebitdaratio": 0.0626370483, "operatingIncome": 28200000, "operatingIncomeRatio": 0.0268853084, "totalOtherIncomeExpensesNet": 5800000, "incomeBeforeTax": -1300000, "incomeBeforeTaxRatio": -0.0012393937, "incomeTaxExpense": 12600000, "netIncome": -13900000, "netIncomeRatio": -0.0132519783, "eps": -0.34, "epsdiluted": -0.34, "weightedAverageShsOut": 41233500, "weightedAverageShsOutDil": 41233500, "link": "https://www.sec.gov/Archives/edgar/data/15615/000001561599000005/0000015615-99-000005-index.html", "finalLink": "https://www.sec.gov/Archives/edgar/data/15615/", "calculatedOtherExpenses": 43300000, "calculatedOperatingExpenses": 217600000, "calculatedNetInterest": -29600000, "calculatedOtherIncome": 100000, "calculatedIncomeNonControlling": 0, "calculatedEbitda": 71500000}, {"date": "1997-12-31", "symbol": "MTZ", "reportedCurrency": "USD", "cik": "0000015615", "fillingDate": "1998-03-31", "acceptedDate": "1998-03-31 00:00:00", "calendarYear": "1997", "period": "FY", "revenue": 703400000, "costOfRevenue": 522500000, "grossProfit": 180900000, "grossProfitRatio": 0.2571794143, "researchAndDevelopmentExpenses": 0, "generalAndAdministrativeExpenses": 91000000, "sellingAndMarketingExpenses": 0, "sellingGeneralAndAdministrativeExpenses": 91000000, "otherExpenses": 24100000, "operatingExpenses": 115100000, "costAndExpenses": 637600000, "interestIncome": 0, "interestExpense": -10800000, "depreciationAndAmortization": 24100000, "ebitda": 76900000, "ebitdaratio": 0.1093261302, "operatingIncome": 52800000, "operatingIncomeRatio": 0.075063975, "totalOtherIncomeExpensesNet": 13000000, "incomeBeforeTax": 63500000, "incomeBeforeTaxRatio": 0.0902758032, "incomeTaxExpense": 21000000, "netIncome": 42600000, "netIncomeRatio": 0.0605629798, "eps": 0.88, "epsdiluted": 0.86, "weightedAverageShsOut": 39545455, "weightedAverageShsOutDil": 40465116, "link": "https://www.sec.gov/Archives/edgar/data/15615/000001561598000011/0000015615-98-000011-index.html", "finalLink": "https://www.sec.gov/Archives/edgar/data/15615/", "calculatedOtherExpenses": 37100000, "calculatedOperatingExpenses": 128100000, "calculatedNetInterest": 10800000, "calculatedOtherIncome": -100000, "calculatedIncomeNonControlling": -100000, "calculatedEbitda": 76900000}, {"date": "1996-12-31", "symbol": "MTZ", "reportedCurrency": "USD", "cik": "0000015615", "fillingDate": "1997-03-26", "acceptedDate": "1997-03-26 00:00:00", "calendarYear": "1996", "period": "FY", "revenue": 472800000, "costOfRevenue": 352300000, "grossProfit": 120500000, "grossProfitRatio": 0.2548646362, "researchAndDevelopmentExpenses": 0, "generalAndAdministrativeExpenses": 58500000, "sellingAndMarketingExpenses": 0, "sellingGeneralAndAdministrativeExpenses": 58500000, "otherExpenses": 12000000, "operatingExpenses": 70500000, "costAndExpenses": 422800000, "interestIncome": 0, "interestExpense": 11400000, "depreciationAndAmortization": 12000000, "ebitda": 54700000, "ebitdaratio": 0.1156937394, "operatingIncome": 50000000, "operatingIncomeRatio": 0.1057529611, "totalOtherIncomeExpensesNet": 7300000, "incomeBeforeTax": 45900000, "incomeBeforeTaxRatio": 0.0970812183, "incomeTaxExpense": 15700000, "netIncome": 30100000, "netIncomeRatio": 0.0636632826, "eps": 0.81, "epsdiluted": 0.8, "weightedAverageShsOut": 37037037, "weightedAverageShsOutDil": 37500000, "link": "https://www.sec.gov/Archives/edgar/data/15615/000001561597000001/0000015615-97-000001-index.html", "finalLink": "https://www.sec.gov/Archives/edgar/data/15615/", "calculatedOtherExpenses": 12000000, "calculatedOperatingExpenses": 70500000, "calculatedNetInterest": -11400000, "calculatedOtherIncome": 7300000, "calculatedIncomeNonControlling": 100000, "calculatedEbitda": 62000000}, {"date": "1995-12-31", "symbol": "MTZ", "reportedCurrency": "USD", "cik": "0000015615", "fillingDate": "1996-03-29", "acceptedDate": "1996-03-29 00:00:00", "calendarYear": "1995", "period": "FY", "revenue": 174600000, "costOfRevenue": 130800000, "grossProfit": 43800000, "grossProfitRatio": 0.2508591065, "researchAndDevelopmentExpenses": 0, "generalAndAdministrativeExpenses": 19100000, "sellingAndMarketingExpenses": 0, "sellingGeneralAndAdministrativeExpenses": 19100000, "otherExpenses": 6900000, "operatingExpenses": 26000000, "costAndExpenses": 156800000, "interestIncome": 0, "interestExpense": 5000000, "depreciationAndAmortization": 6900000, "ebitda": 42700000, "ebitdaratio": 0.244558992, "operatingIncome": 17800000, "operatingIncomeRatio": 0.1019473081, "totalOtherIncomeExpensesNet": -18000000, "incomeBeforeTax": -4900000, "incomeBeforeTaxRatio": -0.0280641466, "incomeTaxExpense": -1800000, "netIncome": -600000, "netIncomeRatio": -0.0034364261, "eps": -0.016, "epsdiluted": -0.016, "weightedAverageShsOut": 37500000, "weightedAverageShsOutDil": 37500000, "link": "https://www.sec.gov/Archives/edgar/data/15615/000001561596000001/0000015615-96-000001-index.html", "finalLink": "https://www.sec.gov/Archives/edgar/data/15615/", "calculatedOtherExpenses": 6900000, "calculatedOperatingExpenses": 26000000, "calculatedNetInterest": -5000000, "calculatedOtherIncome": -17700000, "calculatedIncomeNonControlling": -2500000, "calculatedEbitda": 24700000}, {"date": "1994-12-31", "symbol": "MTZ", "reportedCurrency": "USD", "cik": "0000015615", "fillingDate": "1995-03-29", "acceptedDate": "1995-03-29 00:00:00", "calendarYear": "1994", "period": "FY", "revenue": 141200000, "costOfRevenue": 107800000, "grossProfit": 33400000, "grossProfitRatio": 0.2365439093, "researchAndDevelopmentExpenses": 0, "generalAndAdministrativeExpenses": 16600000, "sellingAndMarketingExpenses": 0, "sellingGeneralAndAdministrativeExpenses": 16600000, "otherExpenses": 5500000, "operatingExpenses": 22100000, "costAndExpenses": 129900000, "interestIncome": 0, "interestExpense": 3700000, "depreciationAndAmortization": 5500000, "ebitda": 14100000, "ebitdaratio": 0.0998583569, "operatingIncome": 11300000, "operatingIncomeRatio": 0.0800283286, "totalOtherIncomeExpensesNet": 2700000, "incomeBeforeTax": 10400000, "incomeBeforeTaxRatio": 0.0736543909, "incomeTaxExpense": 2900000, "netIncome": 7500000, "netIncomeRatio": 0.0531161473, "eps": 0.21, "epsdiluted": 0.21, "weightedAverageShsOut": 36173250, "weightedAverageShsOutDil": 36250000, "link": "https://www.sec.gov/Archives/edgar/data/15615/000001561595000004/0000015615-95-000004-index.html", "finalLink": "https://www.sec.gov/Archives/edgar/data/15615/", "calculatedOtherExpenses": 5500000, "calculatedOperatingExpenses": 22100000, "calculatedNetInterest": -3700000, "calculatedOtherIncome": 2800000, "calculatedIncomeNonControlling": 0, "calculatedEbitda": 16800000}, {"date": "1993-12-31", "symbol": "MTZ", "reportedCurrency": "USD", "cik": "0000015615", "fillingDate": "1994-06-10", "acceptedDate": "1994-06-10 00:00:00", "calendarYear": "1993", "period": "FY", "revenue": 44700000, "costOfRevenue": 28700000, "grossProfit": 16000000, "grossProfitRatio": 0.3579418345, "researchAndDevelopmentExpenses": 0, "generalAndAdministrativeExpenses": 0, "sellingAndMarketingExpenses": 0, "sellingGeneralAndAdministrativeExpenses": 9900000, "otherExpenses": 600000, "operatingExpenses": 10500000, "costAndExpenses": 39200000, "interestIncome": 0, "interestExpense": 100000, "depreciationAndAmortization": 600000, "ebitda": 4700000, "ebitdaratio": 0.1051454139, "operatingIncome": 5500000, "operatingIncomeRatio": 0.1230425056, "totalOtherIncomeExpensesNet": 1400000, "incomeBeforeTax": 6700000, "incomeBeforeTaxRatio": 0.1498881432, "incomeTaxExpense": 2500000, "netIncome": 4200000, "netIncomeRatio": 0.0939597315, "eps": 0.18, "epsdiluted": 0.18, "weightedAverageShsOut": 23333333, "weightedAverageShsOutDil": 23333333, "link": "https://www.sec.gov/Archives/edgar/data/15615/000001561594000011/0000015615-94-000011-index.html", "finalLink": "https://www.sec.gov/Archives/edgar/data/15615/", "calculatedOtherExpenses": 600000, "calculatedOperatingExpenses": 10500000, "calculatedNetInterest": -100000, "calculatedOtherIncome": 1300000, "calculatedIncomeNonControlling": 0, "calculatedEbitda": 6100000}, {"date": "1992-12-31", "symbol": "MTZ", "reportedCurrency": "USD", "cik": "0000015615", "fillingDate": "1994-02-08", "acceptedDate": "1994-02-08 00:00:00", "calendarYear": "1992", "period": "FY", "revenue": 153500000, "costOfRevenue": 134000000, "grossProfit": 19500000, "grossProfitRatio": 0.1270358306, "researchAndDevelopmentExpenses": 0, "generalAndAdministrativeExpenses": 0, "sellingAndMarketingExpenses": 0, "sellingGeneralAndAdministrativeExpenses": 16200000, "otherExpenses": 6900000, "operatingExpenses": 23100000, "costAndExpenses": 157100000, "interestIncome": 0, "interestExpense": 4800000, "depreciationAndAmortization": 6900000, "ebitda": -3500000, "ebitdaratio": -0.0228013029, "operatingIncome": 3600000, "operatingIncomeRatio": 0.0234527687, "totalOtherIncomeExpensesNet": 6800000, "incomeBeforeTax": -1600000, "incomeBeforeTaxRatio": -0.0104234528, "incomeTaxExpense": -600000, "netIncome": -1000000, "netIncomeRatio": -0.006514658, "eps": -0.0505, "epsdiluted": -0.05, "weightedAverageShsOut": 19787234, "weightedAverageShsOutDil": 20000000, "link": "https://www.sec.gov/Archives/edgar/data/15615/000001561594000005/0000015615-94-000005-index.html", "finalLink": "https://www.sec.gov/Archives/edgar/data/15615/", "calculatedOtherExpenses": -300000, "calculatedOperatingExpenses": 15900000, "calculatedNetInterest": -4800000, "calculatedOtherIncome": -400000, "calculatedIncomeNonControlling": 0, "calculatedEbitda": 10500000}, {"date": "1991-04-30", "symbol": "MTZ", "reportedCurrency": "USD", "cik": "0000015615", "fillingDate": "1991-04-30", "acceptedDate": "1991-04-30 00:00:00", "calendarYear": "1991", "period": "FY", "revenue": 175200000, "costOfRevenue": 150100000, "grossProfit": 25100000, "grossProfitRatio": 0.1432648402, "researchAndDevelopmentExpenses": 0, "generalAndAdministrativeExpenses": 0, "sellingAndMarketingExpenses": 0, "sellingGeneralAndAdministrativeExpenses": 15600000, "otherExpenses": 8500000, "operatingExpenses": 24100000, "costAndExpenses": 174200000, "interestIncome": 0, "interestExpense": 6200000, "depreciationAndAmortization": 8500000, "ebitda": 6300000, "ebitdaratio": 0.0359589041, "operatingIncome": 1000000, "operatingIncomeRatio": 0.0057077626, "totalOtherIncomeExpensesNet": 3200000, "incomeBeforeTax": -1900000, "incomeBeforeTaxRatio": -0.0108447489, "incomeTaxExpense": -1100000, "netIncome": -800000, "netIncomeRatio": -0.00456621, "eps": -0.0406, "epsdiluted": -0.0406, "weightedAverageShsOut": 19707646, "weightedAverageShsOutDil": 19707646, "link": null, "finalLink": null, "calculatedOtherExpenses": 8500000, "calculatedOperatingExpenses": 24100000, "calculatedNetInterest": -6200000, "calculatedOtherIncome": 3300000, "calculatedIncomeNonControlling": 0, "calculatedEbitda": 9500000}, {"date": "1990-04-30", "symbol": "MTZ", "reportedCurrency": "USD", "cik": "0000015615", "fillingDate": "1990-04-30", "acceptedDate": "1990-04-30 00:00:00", "calendarYear": "1990", "period": "FY", "revenue": 192700000, "costOfRevenue": 162000000, "grossProfit": 30700000, "grossProfitRatio": 0.1593149974, "researchAndDevelopmentExpenses": 0, "generalAndAdministrativeExpenses": 0, "sellingAndMarketingExpenses": 0, "sellingGeneralAndAdministrativeExpenses": 20300000, "otherExpenses": 9700000, "operatingExpenses": 30000000, "costAndExpenses": 192000000, "interestIncome": 0, "interestExpense": 8400000, "depreciationAndAmortization": 9700000, "ebitda": 21000000, "ebitdaratio": 0.1089776855, "operatingIncome": 700000, "operatingIncomeRatio": 0.0036325895, "totalOtherIncomeExpensesNet": 10400000, "incomeBeforeTax": 2900000, "incomeBeforeTaxRatio": 0.0150492994, "incomeTaxExpense": 2100000, "netIncome": 800000, "netIncomeRatio": 0.0041515309, "eps": 0.03, "epsdiluted": 0.03, "weightedAverageShsOut": 26666667, "weightedAverageShsOutDil": 26666667, "link": null, "finalLink": null, "calculatedOtherExpenses": 9700000, "calculatedOperatingExpenses": 30000000, "calculatedNetInterest": -8400000, "calculatedOtherIncome": 10600000, "calculatedIncomeNonControlling": 0, "calculatedEbitda": 10400000}, {"date": "1989-04-30", "symbol": "MTZ", "reportedCurrency": "USD", "cik": "0000015615", "fillingDate": "1989-04-30", "acceptedDate": "1989-04-30 00:00:00", "calendarYear": "1989", "period": "FY", "revenue": 178400000, "costOfRevenue": 144400000, "grossProfit": 34000000, "grossProfitRatio": 0.1905829596, "researchAndDevelopmentExpenses": 0, "generalAndAdministrativeExpenses": 0, "sellingAndMarketingExpenses": 0, "sellingGeneralAndAdministrativeExpenses": 19500000, "otherExpenses": 10800000, "operatingExpenses": 30300000, "costAndExpenses": 174700000, "interestIncome": 0, "interestExpense": 6600000, "depreciationAndAmortization": 10800000, "ebitda": -2500000, "ebitdaratio": -0.0140134529, "operatingIncome": 3700000, "operatingIncomeRatio": 0.0207399103, "totalOtherIncomeExpensesNet": 17000000, "incomeBeforeTax": 14100000, "incomeBeforeTaxRatio": 0.0790358744, "incomeTaxExpense": 4900000, "netIncome": 9200000, "netIncomeRatio": 0.0515695067, "eps": 0.4, "epsdiluted": 0.4, "weightedAverageShsOut": 23000000, "weightedAverageShsOutDil": 23000000, "link": null, "finalLink": null, "calculatedOtherExpenses": 10800000, "calculatedOperatingExpenses": 30300000, "calculatedNetInterest": -6600000, "calculatedOtherIncome": 17000000, "calculatedIncomeNonControlling": 0, "calculatedEbitda": 14500000}, {"date": "1988-04-30", "symbol": "MTZ", "reportedCurrency": "USD", "cik": "0000015615", "fillingDate": "1988-04-30", "acceptedDate": "1988-04-30 00:00:00", "calendarYear": "1988", "period": "FY", "revenue": 207300000, "costOfRevenue": 171800000, "grossProfit": 35500000, "grossProfitRatio": 0.171249397, "researchAndDevelopmentExpenses": 0, "generalAndAdministrativeExpenses": 0, "sellingAndMarketingExpenses": 0, "sellingGeneralAndAdministrativeExpenses": 24500000, "otherExpenses": 10000000, "operatingExpenses": 34500000, "costAndExpenses": 206300000, "interestIncome": 0, "interestExpense": 5200000, "depreciationAndAmortization": 10000000, "ebitda": -2900000, "ebitdaratio": -0.0139893874, "operatingIncome": 1000000, "operatingIncomeRatio": 0.0048239267, "totalOtherIncomeExpensesNet": 13900000, "incomeBeforeTax": 9600000, "incomeBeforeTaxRatio": 0.0463096961, "incomeTaxExpense": 2500000, "netIncome": 7100000, "netIncomeRatio": 0.0342498794, "eps": 0.23, "epsdiluted": 0.23, "weightedAverageShsOut": 30869565, "weightedAverageShsOutDil": 30869565, "link": null, "finalLink": null, "calculatedOtherExpenses": 10000000, "calculatedOperatingExpenses": 34500000, "calculatedNetInterest": -5200000, "calculatedOtherIncome": 13800000, "calculatedIncomeNonControlling": 0, "calculatedEbitda": 11000000}, {"date": "1987-04-30", "symbol": "MTZ", "reportedCurrency": "USD", "cik": "0000015615", "fillingDate": "1987-04-30", "acceptedDate": "1987-04-30 00:00:00", "calendarYear": "1987", "period": "FY", "revenue": 200600000, "costOfRevenue": 171600000, "grossProfit": 29000000, "grossProfitRatio": 0.1445663011, "researchAndDevelopmentExpenses": 0, "generalAndAdministrativeExpenses": 0, "sellingAndMarketingExpenses": 0, "sellingGeneralAndAdministrativeExpenses": 24500000, "otherExpenses": 8900000, "operatingExpenses": 33400000, "costAndExpenses": 205000000, "interestIncome": 0, "interestExpense": 4800000, "depreciationAndAmortization": 8900000, "ebitda": -13800000, "ebitdaratio": -0.0687936191, "operatingIncome": 4400000, "operatingIncomeRatio": 0.0219341974, "totalOtherIncomeExpensesNet": 18300000, "incomeBeforeTax": 9200000, "incomeBeforeTaxRatio": 0.0458624128, "incomeTaxExpense": 2500000, "netIncome": 6700000, "netIncomeRatio": 0.0333998006, "eps": 0.22, "epsdiluted": 0.22, "weightedAverageShsOut": 30454545, "weightedAverageShsOutDil": 30454545, "link": null, "finalLink": null, "calculatedOtherExpenses": 100000, "calculatedOperatingExpenses": 24600000, "calculatedNetInterest": -4800000, "calculatedOtherIncome": 9600000, "calculatedIncomeNonControlling": 0, "calculatedEbitda": 13300000}, {"date": "1986-04-30", "symbol": "MTZ", "reportedCurrency": "USD", "cik": "0000015615", "fillingDate": "1986-04-30", "acceptedDate": "1986-04-30 00:00:00", "calendarYear": "1986", "period": "FY", "revenue": 186700000, "costOfRevenue": 157300000, "grossProfit": 29400000, "grossProfitRatio": 0.15747188, "researchAndDevelopmentExpenses": 0, "generalAndAdministrativeExpenses": 0, "sellingAndMarketingExpenses": 0, "sellingGeneralAndAdministrativeExpenses": 24500000, "otherExpenses": 8600000, "operatingExpenses": 33100000, "costAndExpenses": 190400000, "interestIncome": 0, "interestExpense": -2500000, "depreciationAndAmortization": 8600000, "ebitda": 500000, "ebitdaratio": 0.0026780932, "operatingIncome": -8100000, "operatingIncomeRatio": -0.0433851098, "totalOtherIncomeExpensesNet": 4400000, "incomeBeforeTax": -4200000, "incomeBeforeTaxRatio": -0.0224959829, "incomeTaxExpense": -300000, "netIncome": -5300000, "netIncomeRatio": -0.0283877879, "eps": -0.25, "epsdiluted": -0.25, "weightedAverageShsOut": 21200000, "weightedAverageShsOutDil": 21200000, "link": null, "finalLink": null, "calculatedOtherExpenses": 13000000, "calculatedOperatingExpenses": 37500000, "calculatedNetInterest": 2500000, "calculatedOtherIncome": 1400000, "calculatedIncomeNonControlling": 1400000, "calculatedEbitda": 500000}]}