{"originalCurrency": "USD", "convertedCurrency": "USD", "report": [{"date": "2023-08-31", "symbol": "MU", "reportedCurrency": "USD", "cik": "0000723125", "fillingDate": "2023-10-06", "acceptedDate": "2023-10-06 16:01:37", "calendarYear": "2023", "period": "FY", "revenue": 15540000000, "costOfRevenue": 16956000000, "grossProfit": -1416000000, "grossProfitRatio": -0.0911196911, "researchAndDevelopmentExpenses": 3114000000, "generalAndAdministrativeExpenses": 0, "sellingAndMarketingExpenses": 0, "sellingGeneralAndAdministrativeExpenses": 920000000, "otherExpenses": 7000000, "operatingExpenses": 4158000000, "costAndExpenses": 21114000000, "interestIncome": 468000000, "interestExpense": 388000000, "depreciationAndAmortization": 7756000000, "ebitda": 2657000000, "ebitdaratio": 0.170978121, "operatingIncome": -5745000000, "operatingIncomeRatio": -0.3696911197, "totalOtherIncomeExpensesNet": -164000000, "incomeBeforeTax": -5658000000, "incomeBeforeTaxRatio": -0.3640926641, "incomeTaxExpense": 177000000, "netIncome": -5833000000, "netIncomeRatio": -0.3753539254, "eps": -5.34, "epsdiluted": -5.34, "weightedAverageShsOut": 1093000000, "weightedAverageShsOutDil": 1093000000, "link": "https://www.sec.gov/Archives/edgar/data/723125/000072312523000054/0000723125-23-000054-index.htm", "finalLink": "https://www.sec.gov/Archives/edgar/data/723125/000072312523000054/mu-20230831.htm", "calculatedOtherExpenses": 295000000, "calculatedOperatingExpenses": 4329000000, "calculatedNetInterest": 80000000, "calculatedOtherIncome": 7000000, "calculatedIncomeNonControlling": -2000000, "calculatedEbitda": 2011000000}, {"date": "2022-09-01", "symbol": "MU", "reportedCurrency": "USD", "cik": "0000723125", "fillingDate": "2022-10-07", "acceptedDate": "2022-10-07 14:57:09", "calendarYear": "2022", "period": "FY", "revenue": 30758000000, "costOfRevenue": 16860000000, "grossProfit": 13898000000, "grossProfitRatio": 0.4518499252, "researchAndDevelopmentExpenses": 3116000000, "generalAndAdministrativeExpenses": 0, "sellingAndMarketingExpenses": 0, "sellingGeneralAndAdministrativeExpenses": 1066000000, "otherExpenses": -34000000, "operatingExpenses": 4148000000, "costAndExpenses": 21008000000, "interestIncome": 96000000, "interestExpense": 189000000, "depreciationAndAmortization": 7222000000, "ebitda": 16924000000, "ebitdaratio": 0.5502308343, "operatingIncome": 9702000000, "operatingIncomeRatio": 0.315430132, "totalOtherIncomeExpensesNet": -131000000, "incomeBeforeTax": 9571000000, "incomeBeforeTaxRatio": 0.3111710774, "incomeTaxExpense": 888000000, "netIncome": 8687000000, "netIncomeRatio": 0.2824305872, "eps": 7.81, "epsdiluted": 7.74, "weightedAverageShsOut": 1112000000, "weightedAverageShsOutDil": 1122000000, "link": "https://www.sec.gov/Archives/edgar/data/723125/000072312522000048/0000723125-22-000048-index.htm", "finalLink": "https://www.sec.gov/Archives/edgar/data/723125/000072312522000048/mu-20220901.htm", "calculatedOtherExpenses": 14000000, "calculatedOperatingExpenses": 4196000000, "calculatedNetInterest": -93000000, "calculatedOtherIncome": -38000000, "calculatedIncomeNonControlling": -4000000, "calculatedEbitda": 16924000000}, {"date": "2021-09-02", "symbol": "MU", "reportedCurrency": "USD", "cik": "0000723125", "fillingDate": "2021-10-08", "acceptedDate": "2021-10-08 13:23:24", "calendarYear": "2021", "period": "FY", "revenue": 27705000000, "costOfRevenue": 17282000000, "grossProfit": 10423000000, "grossProfitRatio": 0.3762136798, "researchAndDevelopmentExpenses": 2663000000, "generalAndAdministrativeExpenses": 0, "sellingAndMarketingExpenses": 0, "sellingGeneralAndAdministrativeExpenses": 894000000, "otherExpenses": 95000000, "operatingExpenses": 3652000000, "costAndExpenses": 20934000000, "interestIncome": 37000000, "interestExpense": 183000000, "depreciationAndAmortization": 6820000000, "ebitda": 13103000000, "ebitdaratio": 0.4729471215, "operatingIncome": 6283000000, "operatingIncomeRatio": 0.2267821693, "totalOtherIncomeExpensesNet": -65000000, "incomeBeforeTax": 6218000000, "incomeBeforeTaxRatio": 0.2244360224, "incomeTaxExpense": 394000000, "netIncome": 5861000000, "netIncomeRatio": 0.2115502617, "eps": 5.23, "epsdiluted": 5.14, "weightedAverageShsOut": 1120000000, "weightedAverageShsOutDil": 1141000000, "link": "https://www.sec.gov/Archives/edgar/data/723125/000072312521000065/0000723125-21-000065-index.htm", "finalLink": "https://www.sec.gov/Archives/edgar/data/723125/000072312521000065/mu-20210902.htm", "calculatedOtherExpenses": 583000000, "calculatedOperatingExpenses": 4140000000, "calculatedNetInterest": -146000000, "calculatedOtherIncome": 81000000, "calculatedIncomeNonControlling": -37000000, "calculatedEbitda": 13103000000}, {"date": "2020-09-03", "symbol": "MU", "reportedCurrency": "USD", "cik": "0000723125", "fillingDate": "2020-10-19", "acceptedDate": "2020-10-19 14:36:42", "calendarYear": "2020", "period": "FY", "revenue": 21435000000, "costOfRevenue": 14883000000, "grossProfit": 6552000000, "grossProfitRatio": 0.3056682995, "researchAndDevelopmentExpenses": 2600000000, "generalAndAdministrativeExpenses": 0, "sellingAndMarketingExpenses": 0, "sellingGeneralAndAdministrativeExpenses": 881000000, "otherExpenses": 68000000, "operatingExpenses": 3549000000, "costAndExpenses": 18432000000, "interestIncome": 114000000, "interestExpense": 194000000, "depreciationAndAmortization": 5824000000, "ebitda": 8827000000, "ebitdaratio": 0.4118031257, "operatingIncome": 3003000000, "operatingIncomeRatio": 0.1400979706, "totalOtherIncomeExpensesNet": -20000000, "incomeBeforeTax": 2983000000, "incomeBeforeTaxRatio": 0.1391649172, "incomeTaxExpense": 280000000, "netIncome": 2687000000, "netIncomeRatio": 0.1253557266, "eps": 2.42, "epsdiluted": 2.37, "weightedAverageShsOut": 1110000000, "weightedAverageShsOutDil": 1131000000, "link": "https://www.sec.gov/Archives/edgar/data/723125/000072312520000082/0000723125-20-000082-index.htm", "finalLink": "https://www.sec.gov/Archives/edgar/data/723125/000072312520000082/mu-20200903.htm", "calculatedOtherExpenses": 68000000, "calculatedOperatingExpenses": 3549000000, "calculatedNetInterest": -80000000, "calculatedOtherIncome": 60000000, "calculatedIncomeNonControlling": 16000000, "calculatedEbitda": 8827000000}, {"date": "2019-08-29", "symbol": "MU", "reportedCurrency": "USD", "cik": "0000723125", "fillingDate": "2019-10-17", "acceptedDate": "2019-10-17 14:44:04", "calendarYear": "2019", "period": "FY", "revenue": 23406000000, "costOfRevenue": 12704000000, "grossProfit": 10702000000, "grossProfitRatio": 0.4572331881, "researchAndDevelopmentExpenses": 2441000000, "generalAndAdministrativeExpenses": 0, "sellingAndMarketingExpenses": 0, "sellingGeneralAndAdministrativeExpenses": 836000000, "otherExpenses": 49000000, "operatingExpenses": 3326000000, "costAndExpenses": 16030000000, "interestIncome": 205000000, "interestExpense": 128000000, "depreciationAndAmortization": 5473000000, "ebitda": 12849000000, "ebitdaratio": 0.5489618047, "operatingIncome": 7376000000, "operatingIncomeRatio": 0.3151328719, "totalOtherIncomeExpensesNet": -328000000, "incomeBeforeTax": 7048000000, "incomeBeforeTaxRatio": 0.3011193711, "incomeTaxExpense": 693000000, "netIncome": 6313000000, "netIncomeRatio": 0.2697171665, "eps": 5.67, "epsdiluted": 5.51, "weightedAverageShsOut": 1114000000, "weightedAverageShsOutDil": 1143000000, "link": "https://www.sec.gov/Archives/edgar/data/723125/000072312519000094/0000723125-19-000094-index.htm", "finalLink": "https://www.sec.gov/Archives/edgar/data/723125/000072312519000094/a2019q4.htm", "calculatedOtherExpenses": 49000000, "calculatedOperatingExpenses": 3326000000, "calculatedNetInterest": 77000000, "calculatedOtherIncome": -405000000, "calculatedIncomeNonControlling": 42000000, "calculatedEbitda": 12849000000}, {"date": "2018-08-30", "symbol": "MU", "reportedCurrency": "USD", "cik": "0000723125", "fillingDate": "2018-10-15", "acceptedDate": "2018-10-15 14:40:51", "calendarYear": "2018", "period": "FY", "revenue": 30391000000, "costOfRevenue": 12500000000, "grossProfit": 17891000000, "grossProfitRatio": 0.5886940213, "researchAndDevelopmentExpenses": 2141000000, "generalAndAdministrativeExpenses": 0, "sellingAndMarketingExpenses": 0, "sellingGeneralAndAdministrativeExpenses": 813000000, "otherExpenses": -465000000, "operatingExpenses": 2897000000, "costAndExpenses": 15397000000, "interestIncome": 120000000, "interestExpense": 342000000, "depreciationAndAmortization": 4860000000, "ebitda": 19854000000, "ebitdaratio": 0.6532855122, "operatingIncome": 14994000000, "operatingIncomeRatio": 0.4933697476, "totalOtherIncomeExpensesNet": -465000000, "incomeBeforeTax": 14307000000, "incomeBeforeTaxRatio": 0.470764371, "incomeTaxExpense": 168000000, "netIncome": 14135000000, "netIncomeRatio": 0.4651048008, "eps": 11.51, "epsdiluted": 11.5, "weightedAverageShsOut": 1228062554, "weightedAverageShsOutDil": 1229000000, "link": "https://www.sec.gov/Archives/edgar/data/723125/000072312518000092/0000723125-18-000092-index.htm", "finalLink": "https://www.sec.gov/Archives/edgar/data/723125/000072312518000092/a2018q4.htm", "calculatedOtherExpenses": -57000000, "calculatedOperatingExpenses": 2897000000, "calculatedNetInterest": -222000000, "calculatedOtherIncome": -465000000, "calculatedIncomeNonControlling": 4000000, "calculatedEbitda": 19854000000}, {"date": "2017-08-31", "symbol": "MU", "reportedCurrency": "USD", "cik": "0000723125", "fillingDate": "2017-10-26", "acceptedDate": "2017-10-26 12:51:41", "calendarYear": "2017", "period": "FY", "revenue": 20322000000, "costOfRevenue": 11886000000, "grossProfit": 8436000000, "grossProfitRatio": 0.4151166224, "researchAndDevelopmentExpenses": 1824000000, "generalAndAdministrativeExpenses": 0, "sellingAndMarketingExpenses": 0, "sellingGeneralAndAdministrativeExpenses": 743000000, "otherExpenses": -9000000, "operatingExpenses": 2550000000, "costAndExpenses": 14436000000, "interestIncome": 41000000, "interestExpense": 601000000, "depreciationAndAmortization": 3986000000, "ebitda": 9993000000, "ebitdaratio": 0.4917330971, "operatingIncome": 5868000000, "operatingIncomeRatio": 0.2887511072, "totalOtherIncomeExpensesNet": -130000000, "incomeBeforeTax": 5196000000, "incomeBeforeTaxRatio": 0.2556834957, "incomeTaxExpense": 114000000, "netIncome": 5089000000, "netIncomeRatio": 0.2504182659, "eps": 4.67, "epsdiluted": 4.41, "weightedAverageShsOut": 1089000000, "weightedAverageShsOutDil": 1154000000, "link": "https://www.sec.gov/Archives/edgar/data/723125/000072312517000131/0000723125-17-000131-index.htm", "finalLink": "https://www.sec.gov/Archives/edgar/data/723125/000072312517000131/a2017q4.htm", "calculatedOtherExpenses": 1000000, "calculatedOperatingExpenses": 2568000000, "calculatedNetInterest": -560000000, "calculatedOtherIncome": -112000000, "calculatedIncomeNonControlling": -7000000, "calculatedEbitda": 9854000000}, {"date": "2016-09-01", "symbol": "MU", "reportedCurrency": "USD", "cik": "0000723125", "fillingDate": "2016-10-28", "acceptedDate": "2016-10-28 13:49:01", "calendarYear": "2016", "period": "FY", "revenue": 12399000000, "costOfRevenue": 9894000000, "grossProfit": 2505000000, "grossProfitRatio": 0.202032422, "researchAndDevelopmentExpenses": 1617000000, "generalAndAdministrativeExpenses": 0, "sellingAndMarketingExpenses": 0, "sellingGeneralAndAdministrativeExpenses": 659000000, "otherExpenses": -26000000, "operatingExpenses": 2270000000, "costAndExpenses": 12164000000, "interestIncome": 42000000, "interestExpense": 437000000, "depreciationAndAmortization": 3106000000, "ebitda": 3436000000, "ebitdaratio": 0.2771191225, "operatingIncome": 168000000, "operatingIncomeRatio": 0.0135494798, "totalOtherIncomeExpensesNet": -121000000, "incomeBeforeTax": -281000000, "incomeBeforeTaxRatio": -0.022663118, "incomeTaxExpense": 19000000, "netIncome": -276000000, "netIncomeRatio": -0.0222598597, "eps": -0.27, "epsdiluted": -0.27, "weightedAverageShsOut": 1022222222, "weightedAverageShsOutDil": 1036000000, "link": "https://www.sec.gov/Archives/edgar/data/723125/000072312516000269/0000723125-16-000269-index.htm", "finalLink": "https://www.sec.gov/Archives/edgar/data/723125/000072312516000269/a2016q4.htm", "calculatedOtherExpenses": 61000000, "calculatedOperatingExpenses": 2337000000, "calculatedNetInterest": -395000000, "calculatedOtherIncome": -54000000, "calculatedIncomeNonControlling": -24000000, "calculatedEbitda": 3274000000}, {"date": "2015-09-03", "symbol": "MU", "reportedCurrency": "USD", "cik": "0000723125", "fillingDate": "2015-10-27", "acceptedDate": "2015-10-27 15:37:39", "calendarYear": "2015", "period": "FY", "revenue": 16192000000, "costOfRevenue": 10977000000, "grossProfit": 5215000000, "grossProfitRatio": 0.3220726285, "researchAndDevelopmentExpenses": 1540000000, "generalAndAdministrativeExpenses": 0, "sellingAndMarketingExpenses": 0, "sellingGeneralAndAdministrativeExpenses": 719000000, "otherExpenses": 22000000, "operatingExpenses": 2217000000, "costAndExpenses": 13194000000, "interestIncome": 35000000, "interestExpense": 371000000, "depreciationAndAmortization": 2805000000, "ebitda": 5878000000, "ebitdaratio": 0.3630187747, "operatingIncome": 2998000000, "operatingIncomeRatio": 0.1851531621, "totalOtherIncomeExpensesNet": -53000000, "incomeBeforeTax": 2609000000, "incomeBeforeTaxRatio": 0.1611289526, "incomeTaxExpense": 157000000, "netIncome": 2899000000, "netIncomeRatio": 0.1790390316, "eps": 2.71, "epsdiluted": 2.47, "weightedAverageShsOut": 1070000000, "weightedAverageShsOutDil": 1170000000, "link": "https://www.sec.gov/Archives/edgar/data/723125/000072312515000112/0000723125-15-000112-index.htm", "finalLink": "https://www.sec.gov/Archives/edgar/data/723125/000072312515000112/a2015q4.htm", "calculatedOtherExpenses": -42000000, "calculatedOperatingExpenses": 2217000000, "calculatedNetInterest": -336000000, "calculatedOtherIncome": -53000000, "calculatedIncomeNonControlling": -447000000, "calculatedEbitda": 5803000000}, {"date": "2014-08-28", "symbol": "MU", "reportedCurrency": "USD", "cik": "0000723125", "fillingDate": "2014-10-27", "acceptedDate": "2014-10-27 16:21:54", "calendarYear": "2014", "period": "FY", "revenue": 16358000000, "costOfRevenue": 10921000000, "grossProfit": 5437000000, "grossProfitRatio": 0.332375596, "researchAndDevelopmentExpenses": 1371000000, "generalAndAdministrativeExpenses": 0, "sellingAndMarketingExpenses": 0, "sellingGeneralAndAdministrativeExpenses": 707000000, "otherExpenses": 101000000, "operatingExpenses": 2310000000, "costAndExpenses": 13231000000, "interestIncome": 23000000, "interestExpense": 352000000, "depreciationAndAmortization": 2270000000, "ebitda": 5563000000, "ebitdaratio": 0.3400782492, "operatingIncome": 3087000000, "operatingIncomeRatio": 0.1887150018, "totalOtherIncomeExpensesNet": -65000000, "incomeBeforeTax": 2733000000, "incomeBeforeTaxRatio": 0.1670742145, "incomeTaxExpense": 128000000, "netIncome": 3045000000, "netIncomeRatio": 0.1861474508, "eps": 2.87, "epsdiluted": 2.54, "weightedAverageShsOut": 1060000000, "weightedAverageShsOutDil": 1198000000, "link": "https://www.sec.gov/Archives/edgar/data/723125/000072312514000195/0000723125-14-000195-index.htm", "finalLink": "https://www.sec.gov/Archives/edgar/data/723125/000072312514000195/a2014q4.htm", "calculatedOtherExpenses": 272000000, "calculatedOperatingExpenses": 2350000000, "calculatedNetInterest": -329000000, "calculatedOtherIncome": -25000000, "calculatedIncomeNonControlling": -440000000, "calculatedEbitda": 5357000000}, {"date": "2013-08-29", "symbol": "MU", "reportedCurrency": "USD", "cik": "0000723125", "fillingDate": "2013-10-28", "acceptedDate": "2013-10-28 16:39:35", "calendarYear": "2013", "period": "FY", "revenue": 9073000000, "costOfRevenue": 7226000000, "grossProfit": 1847000000, "grossProfitRatio": 0.2035710349, "researchAndDevelopmentExpenses": 931000000, "generalAndAdministrativeExpenses": 0, "sellingAndMarketingExpenses": 0, "sellingGeneralAndAdministrativeExpenses": 562000000, "otherExpenses": 47000000, "operatingExpenses": 1488000000, "costAndExpenses": 8714000000, "interestIncome": 14000000, "interestExpense": 231000000, "depreciationAndAmortization": 1804000000, "ebitda": 2224000000, "ebitdaratio": 0.2451228921, "operatingIncome": 236000000, "operatingIncomeRatio": 0.0260112421, "totalOtherIncomeExpensesNet": 1143000000, "incomeBeforeTax": 1285000000, "incomeBeforeTaxRatio": 0.1416290091, "incomeTaxExpense": 8000000, "netIncome": 1190000000, "netIncomeRatio": 0.131158382, "eps": 1.16, "epsdiluted": 1.13, "weightedAverageShsOut": 1021700000, "weightedAverageShsOutDil": 1056300000, "link": "https://www.sec.gov/Archives/edgar/data/723125/000072312513000228/0000723125-13-000228-index.htm", "finalLink": "https://www.sec.gov/Archives/edgar/data/723125/000072312513000228/a2013q4.htm", "calculatedOtherExpenses": 118000000, "calculatedOperatingExpenses": 1611000000, "calculatedNetInterest": -217000000, "calculatedOtherIncome": 1266000000, "calculatedIncomeNonControlling": 87000000, "calculatedEbitda": 2040000000}, {"date": "2012-08-30", "symbol": "MU", "reportedCurrency": "USD", "cik": "0000723125", "fillingDate": "2012-10-29", "acceptedDate": "2012-10-29 16:49:33", "calendarYear": "2012", "period": "FY", "revenue": 8234000000, "costOfRevenue": 7266000000, "grossProfit": 968000000, "grossProfitRatio": 0.1175613311, "researchAndDevelopmentExpenses": 918000000, "generalAndAdministrativeExpenses": 0, "sellingAndMarketingExpenses": 0, "sellingGeneralAndAdministrativeExpenses": 620000000, "otherExpenses": 0, "operatingExpenses": 1586000000, "costAndExpenses": 8852000000, "interestIncome": 8000000, "interestExpense": 171000000, "depreciationAndAmortization": 2141000000, "ebitda": -618000000, "ebitdaratio": -0.0750546514, "operatingIncome": -618000000, "operatingIncomeRatio": -0.0750546514, "totalOtherIncomeExpensesNet": 35000000, "incomeBeforeTax": -754000000, "incomeBeforeTaxRatio": -0.0915715327, "incomeTaxExpense": -17000000, "netIncome": -1032000000, "netIncomeRatio": -0.1253339811, "eps": -1.04, "epsdiluted": -1.04, "weightedAverageShsOut": 991200000, "weightedAverageShsOutDil": 991200000, "link": "https://www.sec.gov/Archives/edgar/data/723125/000072312512000156/0000723125-12-000156-index.htm", "finalLink": "https://www.sec.gov/Archives/edgar/data/723125/000072312512000156/a2012q4.htm", "calculatedOtherExpenses": 48000000, "calculatedOperatingExpenses": 1586000000, "calculatedNetInterest": -163000000, "calculatedOtherIncome": 27000000, "calculatedIncomeNonControlling": 295000000, "calculatedEbitda": 1523000000}, {"date": "2011-09-01", "symbol": "MU", "reportedCurrency": "USD", "cik": "0000723125", "fillingDate": "2011-10-25", "acceptedDate": "2011-10-25 15:34:34", "calendarYear": "2011", "period": "FY", "revenue": 8788000000, "costOfRevenue": 7030000000, "grossProfit": 1758000000, "grossProfitRatio": 0.2000455166, "researchAndDevelopmentExpenses": 791000000, "generalAndAdministrativeExpenses": 0, "sellingAndMarketingExpenses": 0, "sellingGeneralAndAdministrativeExpenses": 592000000, "otherExpenses": 0, "operatingExpenses": 1003000000, "costAndExpenses": 8033000000, "interestIncome": 23000000, "interestExpense": 124000000, "depreciationAndAmortization": 2105000000, "ebitda": 858000000, "ebitdaratio": 0.0976331361, "operatingIncome": 755000000, "operatingIncomeRatio": 0.0859126081, "totalOtherIncomeExpensesNet": -103000000, "incomeBeforeTax": 551000000, "incomeBeforeTaxRatio": 0.0626991352, "incomeTaxExpense": 203000000, "netIncome": 167000000, "netIncomeRatio": 0.0190031862, "eps": 0.17, "epsdiluted": 0.17, "weightedAverageShsOut": 988000000, "weightedAverageShsOutDil": 1007500000, "link": "https://www.sec.gov/Archives/edgar/data/723125/000072312511000189/0000723125-11-000189-index.htm", "finalLink": "https://www.sec.gov/Archives/edgar/data/723125/000072312511000189/mu-912011x10k.htm", "calculatedOtherExpenses": -380000000, "calculatedOperatingExpenses": 1003000000, "calculatedNetInterest": -101000000, "calculatedOtherIncome": -103000000, "calculatedIncomeNonControlling": 181000000, "calculatedEbitda": 2860000000}, {"date": "2010-09-02", "symbol": "MU", "reportedCurrency": "USD", "cik": "0000723125", "fillingDate": "2010-10-26", "acceptedDate": "2010-10-26 13:57:47", "calendarYear": "2010", "period": "FY", "revenue": 8482000000, "costOfRevenue": 5768000000, "grossProfit": 2714000000, "grossProfitRatio": 0.3199717048, "researchAndDevelopmentExpenses": 624000000, "generalAndAdministrativeExpenses": 0, "sellingAndMarketingExpenses": 0, "sellingGeneralAndAdministrativeExpenses": 528000000, "otherExpenses": -17000000, "operatingExpenses": 1135000000, "costAndExpenses": 6903000000, "interestIncome": 18000000, "interestExpense": 178000000, "depreciationAndAmortization": 2005000000, "ebitda": 3602000000, "ebitdaratio": 0.4246639943, "operatingIncome": 1589000000, "operatingIncomeRatio": 0.187337892, "totalOtherIncomeExpensesNet": 501000000, "incomeBeforeTax": 1920000000, "incomeBeforeTaxRatio": 0.2263617071, "incomeTaxExpense": -19000000, "netIncome": 1850000000, "netIncomeRatio": 0.2181089366, "eps": 2.09, "epsdiluted": 1.85, "weightedAverageShsOut": 887500000, "weightedAverageShsOutDil": 1050700000, "link": "https://www.sec.gov/Archives/edgar/data/723125/000072312510000174/0000723125-10-000174-index.htm", "finalLink": "https://www.sec.gov/Archives/edgar/data/723125/000072312510000174/q4fy2010.htm", "calculatedOtherExpenses": -27000000, "calculatedOperatingExpenses": 1125000000, "calculatedNetInterest": -160000000, "calculatedOtherIncome": 491000000, "calculatedIncomeNonControlling": 89000000, "calculatedEbitda": 3594000000}, {"date": "2009-09-03", "symbol": "MU", "reportedCurrency": "USD", "cik": "0000723125", "fillingDate": "2009-10-28", "acceptedDate": "2009-10-28 13:00:39", "calendarYear": "2009", "period": "FY", "revenue": 4803000000, "costOfRevenue": 5243000000, "grossProfit": -440000000, "grossProfitRatio": -0.0916094108, "researchAndDevelopmentExpenses": 647000000, "generalAndAdministrativeExpenses": 0, "sellingAndMarketingExpenses": 0, "sellingGeneralAndAdministrativeExpenses": 354000000, "otherExpenses": 107000000, "operatingExpenses": 1108000000, "costAndExpenses": 6351000000, "interestIncome": 22000000, "interestExpense": 182000000, "depreciationAndAmortization": 2186000000, "ebitda": 660000000, "ebitdaratio": 0.1374141162, "operatingIncome": -1676000000, "operatingIncomeRatio": -0.3489485738, "totalOtherIncomeExpensesNet": -144000000, "incomeBeforeTax": -1852000000, "incomeBeforeTaxRatio": -0.3855923381, "incomeTaxExpense": 1000000, "netIncome": -1882000000, "netIncomeRatio": -0.3918384343, "eps": -2.35, "epsdiluted": -2.35, "weightedAverageShsOut": 800700000, "weightedAverageShsOutDil": 800700000, "link": "https://www.sec.gov/Archives/edgar/data/723125/000072312509000128/0000723125-09-000128-index.htm", "finalLink": "https://www.sec.gov/Archives/edgar/data/723125/000072312509000128/fy200910-k.htm", "calculatedOtherExpenses": 235000000, "calculatedOperatingExpenses": 1236000000, "calculatedNetInterest": -160000000, "calculatedOtherIncome": -16000000, "calculatedIncomeNonControlling": 29000000, "calculatedEbitda": 510000000}, {"date": "2008-10-08", "symbol": "MU", "reportedCurrency": "USD", "cik": "0000723125", "fillingDate": "2008-10-27", "acceptedDate": "2008-10-27 16:38:04", "calendarYear": "2008", "period": "FY", "revenue": 5841000000, "costOfRevenue": 5896000000, "grossProfit": -55000000, "grossProfitRatio": -0.0094161959, "researchAndDevelopmentExpenses": 680000000, "generalAndAdministrativeExpenses": 0, "sellingAndMarketingExpenses": 0, "sellingGeneralAndAdministrativeExpenses": 455000000, "otherExpenses": 372000000, "operatingExpenses": 1507000000, "costAndExpenses": 7403000000, "interestIncome": 0, "interestExpense": 0, "depreciationAndAmortization": 2060000000, "ebitda": 916000000, "ebitdaratio": 0.1568224619, "operatingIncome": -1595000000, "operatingIncomeRatio": -0.2730696798, "totalOtherIncomeExpensesNet": -418000000, "incomeBeforeTax": -1611000000, "incomeBeforeTaxRatio": -0.2758089368, "incomeTaxExpense": 18000000, "netIncome": -1619000000, "netIncomeRatio": -0.2771785653, "eps": -2.1, "epsdiluted": -2.1, "weightedAverageShsOut": 772500000, "weightedAverageShsOutDil": 772500000, "link": "https://www.sec.gov/Archives/edgar/data/723125/000072312508000111/0000723125-08-000111-index.htm", "finalLink": "https://www.sec.gov/Archives/edgar/data/723125/000072312508000111/fy08-10k.htm", "calculatedOtherExpenses": 405000000, "calculatedOperatingExpenses": 1540000000, "calculatedNetInterest": 0, "calculatedOtherIncome": -16000000, "calculatedIncomeNonControlling": -10000000, "calculatedEbitda": 465000000}, {"date": "2007-10-12", "symbol": "MU", "reportedCurrency": "USD", "cik": "0000723125", "fillingDate": "2007-10-26", "acceptedDate": "2007-10-26 16:27:57", "calendarYear": "2007", "period": "FY", "revenue": 5688000000, "costOfRevenue": 4610000000, "grossProfit": 1078000000, "grossProfitRatio": 0.1895218003, "researchAndDevelopmentExpenses": 805000000, "generalAndAdministrativeExpenses": 0, "sellingAndMarketingExpenses": 0, "sellingGeneralAndAdministrativeExpenses": 610000000, "otherExpenses": -76000000, "operatingExpenses": 1339000000, "costAndExpenses": 5949000000, "interestIncome": 0, "interestExpense": 0, "depreciationAndAmortization": 1718000000, "ebitda": 1391000000, "ebitdaratio": 0.2445499297, "operatingIncome": -280000000, "operatingIncomeRatio": -0.0492264416, "totalOtherIncomeExpensesNet": 66000000, "incomeBeforeTax": -168000000, "incomeBeforeTaxRatio": -0.029535865, "incomeTaxExpense": 30000000, "netIncome": -320000000, "netIncomeRatio": -0.0562587904, "eps": -0.42, "epsdiluted": -0.42, "weightedAverageShsOut": 769100000, "weightedAverageShsOutDil": 769100000, "link": "https://www.sec.gov/Archives/edgar/data/723125/000072312507000108/0000723125-07-000108-index.htm", "finalLink": "https://www.sec.gov/Archives/edgar/data/723125/000072312507000108/mti10k-fy2007.htm", "calculatedOtherExpenses": -57000000, "calculatedOperatingExpenses": 1358000000, "calculatedNetInterest": 0, "calculatedOtherIncome": 112000000, "calculatedIncomeNonControlling": 122000000, "calculatedEbitda": 1438000000}, {"date": "2006-08-31", "symbol": "MU", "reportedCurrency": "USD", "cik": "0000723125", "fillingDate": "2006-11-08", "acceptedDate": "2006-11-07 19:56:42", "calendarYear": "2006", "period": "FY", "revenue": 5272000000, "costOfRevenue": 4072000000, "grossProfit": 1200000000, "grossProfitRatio": 0.2276176024, "researchAndDevelopmentExpenses": 656000000, "generalAndAdministrativeExpenses": 0, "sellingAndMarketingExpenses": 0, "sellingGeneralAndAdministrativeExpenses": 460000000, "otherExpenses": -265000000, "operatingExpenses": 851000000, "costAndExpenses": 4923000000, "interestIncome": 0, "interestExpense": 0, "depreciationAndAmortization": 1281000000, "ebitda": 1357000000, "ebitdaratio": 0.2573975721, "operatingIncome": 350000000, "operatingIncomeRatio": 0.0663884674, "totalOtherIncomeExpensesNet": 273000000, "incomeBeforeTax": 433000000, "incomeBeforeTaxRatio": 0.0821320182, "incomeTaxExpense": 18000000, "netIncome": 408000000, "netIncomeRatio": 0.0773899848, "eps": 0.59, "epsdiluted": 0.57, "weightedAverageShsOut": 691700000, "weightedAverageShsOutDil": 725100000, "link": "https://www.sec.gov/Archives/edgar/data/723125/000110465906072331/0001104659-06-072331-index.htm", "finalLink": "https://www.sec.gov/Archives/edgar/data/723125/000110465906072331/a06-20825_210k.htm", "calculatedOtherExpenses": -266000000, "calculatedOperatingExpenses": 850000000, "calculatedNetInterest": 0, "calculatedOtherIncome": 83000000, "calculatedIncomeNonControlling": 7000000, "calculatedEbitda": 1631000000}, {"date": "2005-09-01", "symbol": "MU", "reportedCurrency": "USD", "cik": "0000723125", "fillingDate": "2005-11-04", "acceptedDate": "2005-11-04 16:21:55", "calendarYear": "2005", "period": "FY", "revenue": 4880200000, "costOfRevenue": 3734400000, "grossProfit": 1145800000, "grossProfitRatio": 0.2347854596, "researchAndDevelopmentExpenses": 603700000, "generalAndAdministrativeExpenses": 0, "sellingAndMarketingExpenses": 0, "sellingGeneralAndAdministrativeExpenses": 326000000, "otherExpenses": 0, "operatingExpenses": 929700000, "costAndExpenses": 4664100000, "interestIncome": 0, "interestExpense": 0, "depreciationAndAmortization": 1264500000, "ebitda": 1482700000, "ebitdaratio": 0.3038195156, "operatingIncome": 217500000, "operatingIncomeRatio": 0.0445678456, "totalOtherIncomeExpensesNet": -2100000, "incomeBeforeTax": 198600000, "incomeBeforeTaxRatio": 0.0406950535, "incomeTaxExpense": 10600000, "netIncome": 188000000, "netIncomeRatio": 0.0385230114, "eps": 0.31, "epsdiluted": 0.29, "weightedAverageShsOut": 647100000, "weightedAverageShsOutDil": 648275862, "link": "https://www.sec.gov/Archives/edgar/data/723125/000110465905052716/0001104659-05-052716-index.htm", "finalLink": "https://www.sec.gov/Archives/edgar/data/723125/000110465905052716/a05-19263_110k.htm", "calculatedOtherExpenses": -1400000, "calculatedOperatingExpenses": 928300000, "calculatedNetInterest": 0, "calculatedOtherIncome": -18900000, "calculatedIncomeNonControlling": 0, "calculatedEbitda": 1482000000}, {"date": "2004-09-02", "symbol": "MU", "reportedCurrency": "USD", "cik": "0000723125", "fillingDate": "2004-10-15", "acceptedDate": "2004-10-15 15:19:05", "calendarYear": "2004", "period": "FY", "revenue": 4404200000, "costOfRevenue": 3089500000, "grossProfit": 1314700000, "grossProfitRatio": 0.2985105127, "researchAndDevelopmentExpenses": 754900000, "generalAndAdministrativeExpenses": 0, "sellingAndMarketingExpenses": 0, "sellingGeneralAndAdministrativeExpenses": 332600000, "otherExpenses": 0, "operatingExpenses": 1087500000, "costAndExpenses": 4177000000, "interestIncome": 0, "interestExpense": 0, "depreciationAndAmortization": 1217500000, "ebitda": 1419100000, "ebitdaratio": 0.3222151583, "operatingIncome": 249700000, "operatingIncomeRatio": 0.0566958812, "totalOtherIncomeExpensesNet": 25600000, "incomeBeforeTax": 232000000, "incomeBeforeTaxRatio": 0.0526769901, "incomeTaxExpense": 74800000, "netIncome": 157200000, "netIncomeRatio": 0.0356932019, "eps": 0.26, "epsdiluted": 0.24, "weightedAverageShsOut": 640300000, "weightedAverageShsOutDil": 654166667, "link": "https://www.sec.gov/Archives/edgar/data/723125/000110465904030617/0001104659-04-030617-index.htm", "finalLink": "https://www.sec.gov/Archives/edgar/data/723125/000110465904030617/a04-11602_110k.htm", "calculatedOtherExpenses": -22500000, "calculatedOperatingExpenses": 1065000000, "calculatedNetInterest": 0, "calculatedOtherIncome": -17700000, "calculatedIncomeNonControlling": 0, "calculatedEbitda": 1467200000}, {"date": "2003-08-28", "symbol": "MU", "reportedCurrency": "USD", "cik": "0000723125", "fillingDate": "2003-10-15", "acceptedDate": "2003-10-15 17:05:43", "calendarYear": "2003", "period": "FY", "revenue": 3091300000, "costOfRevenue": 3112000000, "grossProfit": -20700000, "grossProfitRatio": -0.0066962119, "researchAndDevelopmentExpenses": 656400000, "generalAndAdministrativeExpenses": 0, "sellingAndMarketingExpenses": 0, "sellingGeneralAndAdministrativeExpenses": 400200000, "otherExpenses": 0, "operatingExpenses": 1056600000, "costAndExpenses": 4168600000, "interestIncome": 18100000, "interestExpense": -36500000, "depreciationAndAmortization": 1209900000, "ebitda": 237100000, "ebitdaratio": 0.0766991233, "operatingIncome": -1186500000, "operatingIncomeRatio": -0.3838191052, "totalOtherIncomeExpensesNet": -104500000, "incomeBeforeTax": -1200200000, "incomeBeforeTaxRatio": -0.3882508977, "incomeTaxExpense": 73000000, "netIncome": -1273200000, "netIncomeRatio": -0.4118655582, "eps": -2.1, "epsdiluted": -2.1, "weightedAverageShsOut": 607500000, "weightedAverageShsOutDil": 607500000, "link": "https://www.sec.gov/Archives/edgar/data/723125/000104746903033422/0001047469-03-033422-index.htm", "finalLink": "https://www.sec.gov/Archives/edgar/data/723125/000104746903033422/a2120427z10-k.htm", "calculatedOtherExpenses": 109200000, "calculatedOperatingExpenses": 1165800000, "calculatedNetInterest": 54600000, "calculatedOtherIncome": -68300000, "calculatedIncomeNonControlling": 0, "calculatedEbitda": 23400000}, {"date": "2002-08-29", "symbol": "MU", "reportedCurrency": "USD", "cik": "0000723125", "fillingDate": "2002-10-15", "acceptedDate": "2002-10-15 16:18:29", "calendarYear": "2002", "period": "FY", "revenue": 2589000000, "costOfRevenue": 2699600000, "grossProfit": -110600000, "grossProfitRatio": -0.0427191966, "researchAndDevelopmentExpenses": 561300000, "generalAndAdministrativeExpenses": 0, "sellingAndMarketingExpenses": 0, "sellingGeneralAndAdministrativeExpenses": 332300000, "otherExpenses": 21100000, "operatingExpenses": 914700000, "costAndExpenses": 3614300000, "interestIncome": 51600000, "interestExpense": -17100000, "depreciationAndAmortization": 1177400000, "ebitda": 180900000, "ebitdaratio": 0.0698725377, "operatingIncome": -1025300000, "operatingIncomeRatio": -0.39602163, "totalOtherIncomeExpensesNet": -28800000, "incomeBeforeTax": -998500000, "incomeBeforeTaxRatio": -0.3856701429, "incomeTaxExpense": -91500000, "netIncome": -907000000, "netIncomeRatio": -0.3503283121, "eps": -1.51, "epsdiluted": -1.51, "weightedAverageShsOut": 601500000, "weightedAverageShsOutDil": 601500000, "link": "https://www.sec.gov/Archives/edgar/data/723125/000091205702038669/0000912057-02-038669-index.htm", "finalLink": "https://www.sec.gov/Archives/edgar/data/723125/000091205702038669/a2091284z10-k.htm", "calculatedOtherExpenses": 21100000, "calculatedOperatingExpenses": 914700000, "calculatedNetInterest": 68700000, "calculatedOtherIncome": -41900000, "calculatedIncomeNonControlling": 0, "calculatedEbitda": 152100000}, {"date": "2001-08-30", "symbol": "MU", "reportedCurrency": "USD", "cik": "0000723125", "fillingDate": "2001-10-15", "acceptedDate": "2001-10-15 00:00:00", "calendarYear": "2001", "period": "FY", "revenue": 3935900000, "costOfRevenue": 3898800000, "grossProfit": 37100000, "grossProfitRatio": 0.0094260525, "researchAndDevelopmentExpenses": 489500000, "generalAndAdministrativeExpenses": 0, "sellingAndMarketingExpenses": 0, "sellingGeneralAndAdministrativeExpenses": 524100000, "otherExpenses": 73600000, "operatingExpenses": 1087200000, "costAndExpenses": 4986000000, "interestIncome": 0, "interestExpense": 0, "depreciationAndAmortization": 1114400000, "ebitda": 166400000, "ebitdaratio": 0.0422774969, "operatingIncome": -976500000, "operatingIncomeRatio": -0.2481008156, "totalOtherIncomeExpensesNet": -102100000, "incomeBeforeTax": -959500000, "incomeBeforeTaxRatio": -0.2437816001, "incomeTaxExpense": -446000000, "netIncome": -625000000, "netIncomeRatio": -0.1587946848, "eps": -1.06, "epsdiluted": -1.06, "weightedAverageShsOut": 592400000, "weightedAverageShsOutDil": 592400000, "link": "https://www.sec.gov/Archives/edgar/data/723125/000091205701535432/0000912057-01-535432-index.htm", "finalLink": "https://www.sec.gov/Archives/edgar/data/723125/000091205701535432/a2060999z10-k.htm", "calculatedOtherExpenses": 0, "calculatedOperatingExpenses": 1013600000, "calculatedNetInterest": 0, "calculatedOtherIncome": 17000000, "calculatedIncomeNonControlling": 111500000, "calculatedEbitda": 137900000}, {"date": "2000-08-31", "symbol": "MU", "reportedCurrency": "USD", "cik": "0000723125", "fillingDate": "2000-10-18", "acceptedDate": "2000-10-18 00:00:00", "calendarYear": "2000", "period": "FY", "revenue": 7336300000, "costOfRevenue": 3949000000, "grossProfit": 3387300000, "grossProfitRatio": 0.4617177596, "researchAndDevelopmentExpenses": 427500000, "generalAndAdministrativeExpenses": 0, "sellingAndMarketingExpenses": 0, "sellingGeneralAndAdministrativeExpenses": 666500000, "otherExpenses": 0, "operatingExpenses": 1094000000, "costAndExpenses": 5043000000, "interestIncome": 0, "interestExpense": 0, "depreciationAndAmortization": 994300000, "ebitda": 3272400000, "ebitdaratio": 0.4460559137, "operatingIncome": 2293300000, "operatingIncomeRatio": 0.3125962679, "totalOtherIncomeExpensesNet": 15200000, "incomeBeforeTax": 2317000000, "incomeBeforeTaxRatio": 0.3158267792, "incomeTaxExpense": 796700000, "netIncome": 1504200000, "netIncomeRatio": 0.2050352357, "eps": 2.73, "epsdiluted": 2.56, "weightedAverageShsOut": 550900000, "weightedAverageShsOutDil": 605400000, "link": "https://www.sec.gov/Archives/edgar/data/723125/000091205700045119/0000912057-00-045119-index.htm", "finalLink": "https://www.sec.gov/Archives/edgar/data/723125/000091205700045119/a2027772z10-k.txt", "calculatedOtherExpenses": 0, "calculatedOperatingExpenses": 1094000000, "calculatedNetInterest": 0, "calculatedOtherIncome": 23700000, "calculatedIncomeNonControlling": 16100000, "calculatedEbitda": 3287600000}, {"date": "1999-09-02", "symbol": "MU", "reportedCurrency": "USD", "cik": "0000723125", "fillingDate": "1999-11-09", "acceptedDate": "1999-11-09 00:00:00", "calendarYear": "1999", "period": "FY", "revenue": 3764000000, "costOfRevenue": 3002900000, "grossProfit": 761100000, "grossProfitRatio": 0.202205101, "researchAndDevelopmentExpenses": 322100000, "generalAndAdministrativeExpenses": 0, "sellingAndMarketingExpenses": 0, "sellingGeneralAndAdministrativeExpenses": 486000000, "otherExpenses": 0, "operatingExpenses": 808100000, "costAndExpenses": 3811000000, "interestIncome": 0, "interestExpense": 0, "depreciationAndAmortization": 843300000, "ebitda": 794300000, "ebitdaratio": 0.2110255048, "operatingIncome": -47000000, "operatingIncomeRatio": -0.0124867163, "totalOtherIncomeExpensesNet": 2000000, "incomeBeforeTax": -91500000, "incomeBeforeTaxRatio": -0.0243092455, "incomeTaxExpense": -36000000, "netIncome": -68900000, "netIncomeRatio": -0.0183049947, "eps": -0.13, "epsdiluted": -0.13, "weightedAverageShsOut": 521500000, "weightedAverageShsOutDil": 521500000, "link": "https://www.sec.gov/Archives/edgar/data/723125/000101287099004047/0001012870-99-004047-index.html", "finalLink": "https://www.sec.gov/Archives/edgar/data/723125/000101287099004047/", "calculatedOtherExpenses": 0, "calculatedOperatingExpenses": 808100000, "calculatedNetInterest": 0, "calculatedOtherIncome": -44500000, "calculatedIncomeNonControlling": 13400000, "calculatedEbitda": 796300000}, {"date": "1998-09-03", "symbol": "MU", "reportedCurrency": "USD", "cik": "0000723125", "fillingDate": "1998-11-02", "acceptedDate": "1998-11-02 00:00:00", "calendarYear": "1998", "period": "FY", "revenue": 3011900000, "costOfRevenue": 2765800000, "grossProfit": 246100000, "grossProfitRatio": 0.0817092201, "researchAndDevelopmentExpenses": 271800000, "generalAndAdministrativeExpenses": 0, "sellingAndMarketingExpenses": 0, "sellingGeneralAndAdministrativeExpenses": 467900000, "otherExpenses": 0, "operatingExpenses": 739700000, "costAndExpenses": 3505500000, "interestIncome": 0, "interestExpense": 0, "depreciationAndAmortization": 606600000, "ebitda": -45300000, "ebitdaratio": -0.01504034, "operatingIncome": -493600000, "operatingIncomeRatio": -0.1638832631, "totalOtherIncomeExpensesNet": 158300000, "incomeBeforeTax": -335200000, "incomeBeforeTaxRatio": -0.1112918756, "incomeTaxExpense": -118800000, "netIncome": -233700000, "netIncomeRatio": -0.0775922175, "eps": -0.55, "epsdiluted": -0.55, "weightedAverageShsOut": 426034483, "weightedAverageShsOutDil": 426034483, "link": "https://www.sec.gov/Archives/edgar/data/723125/000101287098002758/0001012870-98-002758-index.html", "finalLink": "https://www.sec.gov/Archives/edgar/data/723125/", "calculatedOtherExpenses": 0, "calculatedOperatingExpenses": 739700000, "calculatedNetInterest": 0, "calculatedOtherIncome": 158400000, "calculatedIncomeNonControlling": 17300000, "calculatedEbitda": 113000000}, {"date": "1997-08-28", "symbol": "MU", "reportedCurrency": "USD", "cik": "0000723125", "fillingDate": "1997-10-08", "acceptedDate": "1997-10-08 00:00:00", "calendarYear": "1997", "period": "FY", "revenue": 3515500000, "costOfRevenue": 2539200000, "grossProfit": 976300000, "grossProfitRatio": 0.2777129854, "researchAndDevelopmentExpenses": 208900000, "generalAndAdministrativeExpenses": 0, "sellingAndMarketingExpenses": 0, "sellingGeneralAndAdministrativeExpenses": 365000000, "otherExpenses": 0, "operatingExpenses": 573900000, "costAndExpenses": 3113100000, "interestIncome": 0, "interestExpense": 0, "depreciationAndAmortization": 461700000, "ebitda": 648300000, "ebitdaratio": 0.1844118902, "operatingIncome": 402400000, "operatingIncomeRatio": 0.1144645143, "totalOtherIncomeExpensesNet": 215800000, "incomeBeforeTax": 619100000, "incomeBeforeTaxRatio": 0.1761058171, "incomeTaxExpense": 267300000, "netIncome": 332200000, "netIncomeRatio": 0.0944958043, "eps": 0.75, "epsdiluted": 0.72, "weightedAverageShsOut": 420000000, "weightedAverageShsOutDil": 437500000, "link": "https://www.sec.gov/Archives/edgar/data/723125/000101287097001926/0001012870-97-001926-index.html", "finalLink": "https://www.sec.gov/Archives/edgar/data/723125/", "calculatedOtherExpenses": 0, "calculatedOperatingExpenses": 573900000, "calculatedNetInterest": 0, "calculatedOtherIncome": 216700000, "calculatedIncomeNonControlling": 19600000, "calculatedEbitda": 864100000}, {"date": "1996-08-29", "symbol": "MU", "reportedCurrency": "USD", "cik": "0000723125", "fillingDate": "1996-10-04", "acceptedDate": "1996-10-04 00:00:00", "calendarYear": "1996", "period": "FY", "revenue": 3653800000, "costOfRevenue": 2198400000, "grossProfit": 1455400000, "grossProfitRatio": 0.3983250315, "researchAndDevelopmentExpenses": 191900000, "generalAndAdministrativeExpenses": 0, "sellingAndMarketingExpenses": 0, "sellingGeneralAndAdministrativeExpenses": 289400000, "otherExpenses": 0, "operatingExpenses": 481300000, "costAndExpenses": 2679700000, "interestIncome": 0, "interestExpense": 0, "depreciationAndAmortization": 363700000, "ebitda": 1367400000, "ebitdaratio": 0.3742405167, "operatingIncome": 944500000, "operatingIncomeRatio": 0.2584980021, "totalOtherIncomeExpensesNet": -29600000, "incomeBeforeTax": 950500000, "incomeBeforeTaxRatio": 0.2601401281, "incomeTaxExpense": 357000000, "netIncome": 593500000, "netIncomeRatio": 0.1624336307, "eps": 1.38, "epsdiluted": 1.38, "weightedAverageShsOut": 430000000, "weightedAverageShsOutDil": 430000000, "link": "https://www.sec.gov/Archives/edgar/data/723125/000095010996006513/0000950109-96-006513-index.html", "finalLink": "https://www.sec.gov/Archives/edgar/data/723125/", "calculatedOtherExpenses": 29600000, "calculatedOperatingExpenses": 510900000, "calculatedNetInterest": 0, "calculatedOtherIncome": 6000000, "calculatedIncomeNonControlling": 0, "calculatedEbitda": 1308200000}, {"date": "1995-08-31", "symbol": "MU", "reportedCurrency": "USD", "cik": "0000723125", "fillingDate": "1995-10-10", "acceptedDate": "1995-10-10 00:00:00", "calendarYear": "1995", "period": "FY", "revenue": 2952700000, "costOfRevenue": 1328700000, "grossProfit": 1624000000, "grossProfitRatio": 0.5500050801, "researchAndDevelopmentExpenses": 128800000, "generalAndAdministrativeExpenses": 0, "sellingAndMarketingExpenses": 0, "sellingGeneralAndAdministrativeExpenses": 198700000, "otherExpenses": 29000000, "operatingExpenses": 356500000, "costAndExpenses": 1685200000, "interestIncome": 0, "interestExpense": 0, "depreciationAndAmortization": 199000000, "ebitda": 1437500000, "ebitdaratio": 0.4868425509, "operatingIncome": 1296500000, "operatingIncomeRatio": 0.4390896468, "totalOtherIncomeExpensesNet": 29000000, "incomeBeforeTax": 1350500000, "incomeBeforeTaxRatio": 0.457377993, "incomeTaxExpense": 506400000, "netIncome": 844100000, "netIncomeRatio": 0.2858739459, "eps": 1.98, "epsdiluted": 1.95, "weightedAverageShsOut": 427800000, "weightedAverageShsOutDil": 432400000, "link": "https://www.sec.gov/Archives/edgar/data/723125/000072312595000016/0000723125-95-000016-index.html", "finalLink": "https://www.sec.gov/Archives/edgar/data/723125/", "calculatedOtherExpenses": 0, "calculatedOperatingExpenses": 327500000, "calculatedNetInterest": 0, "calculatedOtherIncome": 54000000, "calculatedIncomeNonControlling": 0, "calculatedEbitda": 1495500000}, {"date": "1994-09-01", "symbol": "MU", "reportedCurrency": "USD", "cik": "0000723125", "fillingDate": "1994-09-23", "acceptedDate": "1994-09-23 00:00:00", "calendarYear": "1994", "period": "FY", "revenue": 1628600000, "costOfRevenue": 789400000, "grossProfit": 839200000, "grossProfitRatio": 0.5152892055, "researchAndDevelopmentExpenses": 83400000, "generalAndAdministrativeExpenses": 0, "sellingAndMarketingExpenses": 0, "sellingGeneralAndAdministrativeExpenses": 135700000, "otherExpenses": 0, "operatingExpenses": 219100000, "costAndExpenses": 1008500000, "interestIncome": 0, "interestExpense": 0, "depreciationAndAmortization": 181200000, "ebitda": 801300000, "ebitdaratio": 0.4920176839, "operatingIncome": 620100000, "operatingIncomeRatio": 0.380756478, "totalOtherIncomeExpensesNet": 5700000, "incomeBeforeTax": 625800000, "incomeBeforeTaxRatio": 0.3842564166, "incomeTaxExpense": 225300000, "netIncome": 400500000, "netIncomeRatio": 0.2459167383, "eps": 0.96, "epsdiluted": 0.95, "weightedAverageShsOut": 418000000, "weightedAverageShsOutDil": 420800000, "link": "https://www.sec.gov/Archives/edgar/data/723125/000072312594000020/0000723125-94-000020-index.html", "finalLink": "https://www.sec.gov/Archives/edgar/data/723125/", "calculatedOtherExpenses": 0, "calculatedOperatingExpenses": 219100000, "calculatedNetInterest": 0, "calculatedOtherIncome": 5700000, "calculatedIncomeNonControlling": 0, "calculatedEbitda": 801300000}, {"date": "1993-08-31", "symbol": "MU", "reportedCurrency": "USD", "cik": "0000723125", "fillingDate": "1993-08-31", "acceptedDate": "1993-08-30 20:00:00", "calendarYear": "1993", "period": "FY", "revenue": 828300000, "costOfRevenue": 378400000, "grossProfit": 449900000, "grossProfitRatio": 0.5431606906, "researchAndDevelopmentExpenses": 0, "generalAndAdministrativeExpenses": 0, "sellingAndMarketingExpenses": 0, "sellingGeneralAndAdministrativeExpenses": 145200000, "otherExpenses": 138700000, "operatingExpenses": 283900000, "costAndExpenses": 662300000, "interestIncome": 0, "interestExpense": 0, "depreciationAndAmortization": 138700000, "ebitda": 304700000, "ebitdaratio": 0.3678618858, "operatingIncome": 166000000, "operatingIncomeRatio": 0.2004104793, "totalOtherIncomeExpensesNet": -3400000, "incomeBeforeTax": 162600000, "incomeBeforeTaxRatio": 0.1963056863, "incomeTaxExpense": 58500000, "netIncome": 104100000, "netIncomeRatio": 0.1256791018, "eps": 0.26, "epsdiluted": 0.26, "weightedAverageShsOut": 400384615, "weightedAverageShsOutDil": 400384615, "link": "", "finalLink": "", "calculatedOtherExpenses": 138700000, "calculatedOperatingExpenses": 283900000, "calculatedNetInterest": 0, "calculatedOtherIncome": -3400000, "calculatedIncomeNonControlling": 0, "calculatedEbitda": 304700000}, {"date": "1992-08-31", "symbol": "MU", "reportedCurrency": "USD", "cik": "0000723125", "fillingDate": "1992-08-31", "acceptedDate": "1992-08-30 20:00:00", "calendarYear": "1992", "period": "FY", "revenue": 506300000, "costOfRevenue": 285200000, "grossProfit": 221100000, "grossProfitRatio": 0.4366976101, "researchAndDevelopmentExpenses": 0, "generalAndAdministrativeExpenses": 0, "sellingAndMarketingExpenses": 0, "sellingGeneralAndAdministrativeExpenses": 102300000, "otherExpenses": 105100000, "operatingExpenses": 207400000, "costAndExpenses": 492600000, "interestIncome": 0, "interestExpense": 0, "depreciationAndAmortization": 105100000, "ebitda": 118800000, "ebitdaratio": 0.234643492, "operatingIncome": 13700000, "operatingIncomeRatio": 0.0270590559, "totalOtherIncomeExpensesNet": -4100000, "incomeBeforeTax": 9600000, "incomeBeforeTaxRatio": 0.0189610903, "incomeTaxExpense": 3000000, "netIncome": 6600000, "netIncomeRatio": 0.0130357496, "eps": 0.02, "epsdiluted": 0.02, "weightedAverageShsOut": 330000000, "weightedAverageShsOutDil": 330000000, "link": "", "finalLink": "", "calculatedOtherExpenses": 105100000, "calculatedOperatingExpenses": 207400000, "calculatedNetInterest": 0, "calculatedOtherIncome": -4100000, "calculatedIncomeNonControlling": 0, "calculatedEbitda": 118800000}, {"date": "1991-08-31", "symbol": "MU", "reportedCurrency": "USD", "cik": "0000723125", "fillingDate": "1991-08-31", "acceptedDate": "1991-08-30 20:00:00", "calendarYear": "1991", "period": "FY", "revenue": 425400000, "costOfRevenue": 242300000, "grossProfit": 183100000, "grossProfitRatio": 0.4304184297, "researchAndDevelopmentExpenses": 0, "generalAndAdministrativeExpenses": 0, "sellingAndMarketingExpenses": 0, "sellingGeneralAndAdministrativeExpenses": 80900000, "otherExpenses": 90400000, "operatingExpenses": 171300000, "costAndExpenses": 413600000, "interestIncome": 0, "interestExpense": 0, "depreciationAndAmortization": 90400000, "ebitda": 102200000, "ebitdaratio": 0.2402444758, "operatingIncome": 11800000, "operatingIncomeRatio": 0.027738599, "totalOtherIncomeExpensesNet": -5900000, "incomeBeforeTax": 5900000, "incomeBeforeTaxRatio": 0.0138692995, "incomeTaxExpense": 800000, "netIncome": 5100000, "netIncomeRatio": 0.0119887165, "eps": 0.02, "epsdiluted": 0.02, "weightedAverageShsOut": 450000000, "weightedAverageShsOutDil": 450000000, "link": "", "finalLink": "", "calculatedOtherExpenses": 90400000, "calculatedOperatingExpenses": 171300000, "calculatedNetInterest": 0, "calculatedOtherIncome": -5900000, "calculatedIncomeNonControlling": 0, "calculatedEbitda": 102200000}, {"date": "1990-08-31", "symbol": "MU", "reportedCurrency": "USD", "cik": "0000723125", "fillingDate": "1990-08-31", "acceptedDate": "1990-08-30 20:00:00", "calendarYear": "1990", "period": "FY", "revenue": 333300000, "costOfRevenue": 177700000, "grossProfit": 155600000, "grossProfitRatio": 0.4668466847, "researchAndDevelopmentExpenses": 0, "generalAndAdministrativeExpenses": 0, "sellingAndMarketingExpenses": 0, "sellingGeneralAndAdministrativeExpenses": 73500000, "otherExpenses": 78300000, "operatingExpenses": 151800000, "costAndExpenses": 329500000, "interestIncome": 0, "interestExpense": 0, "depreciationAndAmortization": 78300000, "ebitda": 82100000, "ebitdaratio": 0.2463246325, "operatingIncome": 3800000, "operatingIncomeRatio": 0.0114011401, "totalOtherIncomeExpensesNet": -700000, "incomeBeforeTax": 3100000, "incomeBeforeTaxRatio": 0.0093009301, "incomeTaxExpense": -1800000, "netIncome": 4900000, "netIncomeRatio": 0.0147014701, "eps": 0.02, "epsdiluted": 0.02, "weightedAverageShsOut": 368972000, "weightedAverageShsOutDil": 368972000, "link": "", "finalLink": "", "calculatedOtherExpenses": 78300000, "calculatedOperatingExpenses": 151800000, "calculatedNetInterest": 0, "calculatedOtherIncome": -700000, "calculatedIncomeNonControlling": 0, "calculatedEbitda": 82100000}, {"date": "1989-08-31", "symbol": "MU", "reportedCurrency": "USD", "cik": "0000723125", "fillingDate": "1989-08-31", "acceptedDate": "1989-08-30 20:00:00", "calendarYear": "1989", "period": "FY", "revenue": 446400000, "costOfRevenue": 191800000, "grossProfit": 254600000, "grossProfitRatio": 0.5703405018, "researchAndDevelopmentExpenses": 0, "generalAndAdministrativeExpenses": 0, "sellingAndMarketingExpenses": 0, "sellingGeneralAndAdministrativeExpenses": 65800000, "otherExpenses": 38400000, "operatingExpenses": 104200000, "costAndExpenses": 296000000, "interestIncome": 0, "interestExpense": 0, "depreciationAndAmortization": 38400000, "ebitda": 173400000, "ebitdaratio": 0.3884408602, "operatingIncome": 150400000, "operatingIncomeRatio": 0.3369175627, "totalOtherIncomeExpensesNet": 15400000, "incomeBeforeTax": 165800000, "incomeBeforeTaxRatio": 0.3714157706, "incomeTaxExpense": 59700000, "netIncome": 106100000, "netIncomeRatio": 0.2376792115, "eps": 0.29, "epsdiluted": 0.29, "weightedAverageShsOut": 365862069, "weightedAverageShsOutDil": 365862069, "link": "", "finalLink": "", "calculatedOtherExpenses": 38400000, "calculatedOperatingExpenses": 104200000, "calculatedNetInterest": 0, "calculatedOtherIncome": 15400000, "calculatedIncomeNonControlling": 0, "calculatedEbitda": 188800000}, {"date": "1988-08-31", "symbol": "MU", "reportedCurrency": "USD", "cik": "0000723125", "fillingDate": "1988-08-31", "acceptedDate": "1988-08-30 20:00:00", "calendarYear": "1988", "period": "FY", "revenue": 300500000, "costOfRevenue": 100200000, "grossProfit": 200300000, "grossProfitRatio": 0.6665557404, "researchAndDevelopmentExpenses": 0, "generalAndAdministrativeExpenses": 0, "sellingAndMarketingExpenses": 0, "sellingGeneralAndAdministrativeExpenses": 56000000, "otherExpenses": 25400000, "operatingExpenses": 81400000, "costAndExpenses": 181600000, "interestIncome": 0, "interestExpense": 0, "depreciationAndAmortization": 25400000, "ebitda": 144300000, "ebitdaratio": 0.4801996672, "operatingIncome": 118900000, "operatingIncomeRatio": 0.3956738769, "totalOtherIncomeExpensesNet": -700000, "incomeBeforeTax": 118200000, "incomeBeforeTaxRatio": 0.393344426, "incomeTaxExpense": 20200000, "netIncome": 98000000, "netIncomeRatio": 0.3261231281, "eps": 0.34, "epsdiluted": 0.33, "weightedAverageShsOut": 288235294, "weightedAverageShsOutDil": 296969697, "link": "", "finalLink": "", "calculatedOtherExpenses": 25400000, "calculatedOperatingExpenses": 81400000, "calculatedNetInterest": 0, "calculatedOtherIncome": -700000, "calculatedIncomeNonControlling": 0, "calculatedEbitda": 144300000}, {"date": "1987-08-31", "symbol": "MU", "reportedCurrency": "USD", "cik": "0000723125", "fillingDate": "1987-08-31", "acceptedDate": "1987-08-30 20:00:00", "calendarYear": "1987", "period": "FY", "revenue": 91200000, "costOfRevenue": 69100000, "grossProfit": 22100000, "grossProfitRatio": 0.2423245614, "researchAndDevelopmentExpenses": 0, "generalAndAdministrativeExpenses": 0, "sellingAndMarketingExpenses": 0, "sellingGeneralAndAdministrativeExpenses": 18000000, "otherExpenses": 22300000, "operatingExpenses": 40300000, "costAndExpenses": 109400000, "interestIncome": 0, "interestExpense": 0, "depreciationAndAmortization": 22300000, "ebitda": 4100000, "ebitdaratio": 0.0449561404, "operatingIncome": -18200000, "operatingIncomeRatio": -0.1995614035, "totalOtherIncomeExpensesNet": 0, "incomeBeforeTax": 0, "incomeBeforeTaxRatio": 0, "incomeTaxExpense": 4700000, "netIncome": -22900000, "netIncomeRatio": -0.2510964912, "eps": -0.1, "epsdiluted": -0.1, "weightedAverageShsOut": 229000000, "weightedAverageShsOutDil": 229000000, "link": "", "finalLink": "", "calculatedOtherExpenses": 22300000, "calculatedOperatingExpenses": 40300000, "calculatedNetInterest": 0, "calculatedOtherIncome": 18200000, "calculatedIncomeNonControlling": 18200000, "calculatedEbitda": 4100000}, {"date": "1986-08-31", "symbol": "MU", "reportedCurrency": "USD", "cik": "0000723125", "fillingDate": "1986-08-31", "acceptedDate": "1986-08-30 20:00:00", "calendarYear": "1986", "period": "FY", "revenue": 48900000, "costOfRevenue": 43400000, "grossProfit": 5500000, "grossProfitRatio": 0.1124744376, "researchAndDevelopmentExpenses": 0, "generalAndAdministrativeExpenses": 0, "sellingAndMarketingExpenses": 0, "sellingGeneralAndAdministrativeExpenses": 12700000, "otherExpenses": 21400000, "operatingExpenses": 34100000, "costAndExpenses": 77500000, "interestIncome": 0, "interestExpense": 0, "depreciationAndAmortization": 21400000, "ebitda": -7200000, "ebitdaratio": -0.1472392638, "operatingIncome": -28600000, "operatingIncomeRatio": -0.5848670757, "totalOtherIncomeExpensesNet": 0, "incomeBeforeTax": 0, "incomeBeforeTaxRatio": 0, "incomeTaxExpense": 5300000, "netIncome": -33900000, "netIncomeRatio": -0.6932515337, "eps": -0.18, "epsdiluted": -0.18, "weightedAverageShsOut": 188333333, "weightedAverageShsOutDil": 188333333, "link": "", "finalLink": "", "calculatedOtherExpenses": 21400000, "calculatedOperatingExpenses": 34100000, "calculatedNetInterest": 0, "calculatedOtherIncome": 28600000, "calculatedIncomeNonControlling": 28600000, "calculatedEbitda": -7200000}, {"date": "1985-08-31", "symbol": "MU", "reportedCurrency": "USD", "cik": "0000723125", "fillingDate": "1985-08-31", "acceptedDate": "1985-08-30 20:00:00", "calendarYear": "1985", "period": "FY", "revenue": 75900000, "costOfRevenue": 45800000, "grossProfit": 30100000, "grossProfitRatio": 0.3965744401, "researchAndDevelopmentExpenses": 0, "generalAndAdministrativeExpenses": 0, "sellingAndMarketingExpenses": 0, "sellingGeneralAndAdministrativeExpenses": 16900000, "otherExpenses": 18000000, "operatingExpenses": 34900000, "costAndExpenses": 80700000, "interestIncome": 0, "interestExpense": 0, "depreciationAndAmortization": 18000000, "ebitda": 13200000, "ebitdaratio": 0.1739130435, "operatingIncome": -4800000, "operatingIncomeRatio": -0.0632411067, "totalOtherIncomeExpensesNet": -1700000, "incomeBeforeTax": -6500000, "incomeBeforeTaxRatio": -0.0856389987, "incomeTaxExpense": -6700000, "netIncome": 200000, "netIncomeRatio": 0.0026350461, "eps": 0.001, "epsdiluted": 0.001, "weightedAverageShsOut": 191600000, "weightedAverageShsOutDil": 191600000, "link": "", "finalLink": "", "calculatedOtherExpenses": 18000000, "calculatedOperatingExpenses": 34900000, "calculatedNetInterest": 0, "calculatedOtherIncome": -1700000, "calculatedIncomeNonControlling": 0, "calculatedEbitda": 13200000}]}