{"originalCurrency": "USD", "convertedCurrency": "USD", "report": [{"date": "2023-12-31", "symbol": "MUR", "reportedCurrency": "USD", "cik": "0000717423", "fillingDate": "2024-02-23", "acceptedDate": "2024-02-23 06:14:17", "calendarYear": "2023", "period": "FY", "revenue": 3460147000, "costOfRevenue": 46530000, "grossProfit": 3413617000, "grossProfitRatio": 0.9865525944, "researchAndDevelopmentExpenses": 0, "generalAndAdministrativeExpenses": 0, "sellingAndMarketingExpenses": 0, "sellingGeneralAndAdministrativeExpenses": 117306000, "otherExpenses": 784391000, "operatingExpenses": 784391000, "costAndExpenses": 2418118000, "interestIncome": 0, "interestExpense": 112373000, "depreciationAndAmortization": 861602000, "ebitda": 1606709000, "ebitdaratio": 0.464347035, "operatingIncome": 1042029000, "operatingIncomeRatio": 0.3011516563, "totalOtherIncomeExpensesNet": -120960000, "incomeBeforeTax": 921069000, "incomeBeforeTaxRatio": 0.2661936039, "incomeTaxExpense": 195921000, "netIncome": 661559000, "netIncomeRatio": 0.1911939001, "eps": 4.26, "epsdiluted": 4.22, "weightedAverageShsOut": 155233560, "weightedAverageShsOutDil": 156646429, "link": "https://www.sec.gov/Archives/edgar/data/717423/000071742324000008/0000717423-24-000008-index.htm", "finalLink": "https://www.sec.gov/Archives/edgar/data/717423/000071742324000008/mur-20231231.htm", "calculatedOtherExpenses": 2254282000, "calculatedOperatingExpenses": 2371588000, "calculatedNetInterest": -112373000, "calculatedOtherIncome": -8587000, "calculatedIncomeNonControlling": 63589000, "calculatedEbitda": 1903631000}, {"date": "2022-12-31", "symbol": "MUR", "reportedCurrency": "USD", "cik": "0000717423", "fillingDate": "2023-02-27", "acceptedDate": "2023-02-27 06:56:38", "calendarYear": "2022", "period": "FY", "revenue": 4220140000, "costOfRevenue": 1840861000, "grossProfit": 2379279000, "grossProfitRatio": 0.5637914856, "researchAndDevelopmentExpenses": 0, "generalAndAdministrativeExpenses": 0, "sellingAndMarketingExpenses": 0, "sellingGeneralAndAdministrativeExpenses": 131121000, "otherExpenses": 316958000, "operatingExpenses": 448079000, "costAndExpenses": 2288940000, "interestIncome": 142459000, "interestExpense": 150759000, "depreciationAndAmortization": 1135617000, "ebitda": 2722327000, "ebitdaratio": 0.6450797841, "operatingIncome": 1586710000, "operatingIncomeRatio": 0.3759851569, "totalOtherIncomeExpensesNet": -136449000, "incomeBeforeTax": 1450261000, "incomeBeforeTaxRatio": 0.3436523433, "incomeTaxExpense": 309464000, "netIncome": 965047000, "netIncomeRatio": 0.2286765368, "eps": 6.22, "epsdiluted": 6.13, "weightedAverageShsOut": 155276533, "weightedAverageShsOutDil": 157474838, "link": "https://www.sec.gov/Archives/edgar/data/717423/000071742323000015/0000717423-23-000015-index.htm", "finalLink": "https://www.sec.gov/Archives/edgar/data/717423/000071742323000015/mur-20221231.htm", "calculatedOtherExpenses": 661448000, "calculatedOperatingExpenses": 792569000, "calculatedNetInterest": -8300000, "calculatedOtherIncome": -128149000, "calculatedIncomeNonControlling": 175750000, "calculatedEbitda": 2722327000}, {"date": "2021-12-31", "symbol": "MUR", "reportedCurrency": "USD", "cik": "0000717423", "fillingDate": "2022-02-25", "acceptedDate": "2022-02-25 06:45:20", "calendarYear": "2021", "period": "FY", "revenue": 2801215000, "costOfRevenue": 1521679000, "grossProfit": 1279536000, "grossProfitRatio": 0.4567789334, "researchAndDevelopmentExpenses": 0, "generalAndAdministrativeExpenses": 0, "sellingAndMarketingExpenses": 0, "sellingGeneralAndAdministrativeExpenses": 121950000, "otherExpenses": 115657000, "operatingExpenses": 237607000, "costAndExpenses": 1759286000, "interestIncome": 177973000, "interestExpense": 238544000, "depreciationAndAmortization": 795105000, "ebitda": 1815982000, "ebitdaratio": 0.6482836912, "operatingIncome": 1020877000, "operatingIncomeRatio": 0.3644407873, "totalOtherIncomeExpensesNet": -977986000, "incomeBeforeTax": 42891000, "incomeBeforeTaxRatio": 0.0153115702, "incomeTaxExpense": -5862000, "netIncome": 48753000, "netIncomeRatio": 0.0174042335, "eps": 0.32, "epsdiluted": 0.32, "weightedAverageShsOut": 154290741, "weightedAverageShsOutDil": 154290741, "link": "https://www.sec.gov/Archives/edgar/data/717423/000071742322000019/0000717423-22-000019-index.htm", "finalLink": "https://www.sec.gov/Archives/edgar/data/717423/000071742322000019/mur-20211231.htm", "calculatedOtherExpenses": 136709000, "calculatedOperatingExpenses": 258659000, "calculatedNetInterest": -60571000, "calculatedOtherIncome": -917415000, "calculatedIncomeNonControlling": 0, "calculatedEbitda": 1815982000}, {"date": "2020-12-31", "symbol": "MUR", "reportedCurrency": "USD", "cik": "0000717423", "fillingDate": "2021-02-26", "acceptedDate": "2021-02-26 16:24:24", "calendarYear": "2020", "period": "FY", "revenue": 1751709000, "costOfRevenue": 1759714000, "grossProfit": -8005000, "grossProfitRatio": -0.004569823, "researchAndDevelopmentExpenses": 0, "generalAndAdministrativeExpenses": 0, "sellingAndMarketingExpenses": 0, "sellingGeneralAndAdministrativeExpenses": 140243000, "otherExpenses": 128615000, "operatingExpenses": 268858000, "costAndExpenses": 2028572000, "interestIncome": 169423000, "interestExpense": 186726000, "depreciationAndAmortization": 987239000, "ebitda": 694102000, "ebitdaratio": 0.3962427549, "operatingIncome": -293137000, "operatingIncomeRatio": -0.1673434343, "totalOtherIncomeExpensesNet": -1255898000, "incomeBeforeTax": -1549035000, "incomeBeforeTaxRatio": -0.8842992757, "incomeTaxExpense": -293741000, "netIncome": -1255294000, "netIncomeRatio": -0.7166110353, "eps": -8.18, "epsdiluted": -8.18, "weightedAverageShsOut": 153507109, "weightedAverageShsOutDil": 153507109, "link": "https://www.sec.gov/Archives/edgar/data/717423/000071742321000014/0000717423-21-000014-index.htm", "finalLink": "https://www.sec.gov/Archives/edgar/data/717423/000071742321000014/mur-20201231.htm", "calculatedOtherExpenses": 144889000, "calculatedOperatingExpenses": 285132000, "calculatedNetInterest": -17303000, "calculatedOtherIncome": -1238595000, "calculatedIncomeNonControlling": 0, "calculatedEbitda": 694102000}, {"date": "2019-12-31", "symbol": "MUR", "reportedCurrency": "USD", "cik": "0000717423", "fillingDate": "2020-02-27", "acceptedDate": "2020-02-26 17:51:28", "calendarYear": "2019", "period": "FY", "revenue": 2817111000, "costOfRevenue": 1929337000, "grossProfit": 887774000, "grossProfitRatio": 0.3151363223, "researchAndDevelopmentExpenses": 0, "generalAndAdministrativeExpenses": 0, "sellingAndMarketingExpenses": 0, "sellingGeneralAndAdministrativeExpenses": 232736000, "otherExpenses": 135611000, "operatingExpenses": 368347000, "costAndExpenses": 2297684000, "interestIncome": -22520000, "interestExpense": 241795000, "depreciationAndAmortization": 1183859000, "ebitda": 1629152000, "ebitdaratio": 0.5783059311, "operatingIncome": 445293000, "operatingIncomeRatio": 0.158067254, "totalOtherIncomeExpensesNet": -241795000, "incomeBeforeTax": 203498000, "incomeBeforeTaxRatio": 0.0722364152, "incomeTaxExpense": 14683000, "netIncome": 188815000, "netIncomeRatio": 0.0670243381, "eps": 1.15, "epsdiluted": 1.15, "weightedAverageShsOut": 163992427, "weightedAverageShsOutDil": 164812428, "link": "https://www.sec.gov/Archives/edgar/data/717423/000071742320000008/0000717423-20-000008-index.htm", "finalLink": "https://www.sec.gov/Archives/edgar/data/717423/000071742320000008/mur-20191231x10k.htm", "calculatedOtherExpenses": 209745000, "calculatedOperatingExpenses": 442481000, "calculatedNetInterest": -264315000, "calculatedOtherIncome": 22520000, "calculatedIncomeNonControlling": 0, "calculatedEbitda": 1629152000}, {"date": "2018-12-31", "symbol": "MUR", "reportedCurrency": "USD", "cik": "0000717423", "fillingDate": "2019-02-27", "acceptedDate": "2019-02-27 08:16:34", "calendarYear": "2018", "period": "FY", "revenue": 2586627000, "costOfRevenue": 1527795000, "grossProfit": 1058832000, "grossProfitRatio": 0.4093485454, "researchAndDevelopmentExpenses": 0, "generalAndAdministrativeExpenses": 0, "sellingAndMarketingExpenses": 0, "sellingGeneralAndAdministrativeExpenses": 216024000, "otherExpenses": 34873000, "operatingExpenses": 364560000, "costAndExpenses": 1892355000, "interestIncome": -15775000, "interestExpense": 197379000, "depreciationAndAmortization": 971901000, "ebitda": 1701046000, "ebitdaratio": 0.6576309611, "operatingIncome": 629717000, "operatingIncomeRatio": 0.2434510271, "totalOtherIncomeExpensesNet": -64555000, "incomeBeforeTax": 432338000, "incomeBeforeTaxRatio": 0.1671435425, "incomeTaxExpense": 9330000, "netIncome": 411094000, "netIncomeRatio": 0.15893053, "eps": 2.38, "epsdiluted": 2.36, "weightedAverageShsOut": 172974000, "weightedAverageShsOutDil": 174209000, "link": "https://www.sec.gov/Archives/edgar/data/717423/000071742319000016/0000717423-19-000016-index.htm", "finalLink": "https://www.sec.gov/Archives/edgar/data/717423/000071742319000016/mur-20181231x10k.htm", "calculatedOtherExpenses": 213091000, "calculatedOperatingExpenses": 429115000, "calculatedNetInterest": -213154000, "calculatedOtherIncome": 15775000, "calculatedIncomeNonControlling": 11914000, "calculatedEbitda": 1601618000}, {"date": "2017-12-31", "symbol": "MUR", "reportedCurrency": "USD", "cik": "0000717423", "fillingDate": "2018-02-26", "acceptedDate": "2018-02-23 19:38:48", "calendarYear": "2017", "period": "FY", "revenue": 2097695000, "costOfRevenue": 1426042000, "grossProfit": 671653000, "grossProfitRatio": 0.3201862044, "researchAndDevelopmentExpenses": 0, "generalAndAdministrativeExpenses": 0, "sellingAndMarketingExpenses": 0, "sellingGeneralAndAdministrativeExpenses": 222766000, "otherExpenses": -30706000, "operatingExpenses": 388190000, "costAndExpenses": 1814232000, "interestIncome": -67988000, "interestExpense": 249771000, "depreciationAndAmortization": 957719000, "ebitda": 1210476000, "ebitdaratio": 0.5770505245, "operatingIncome": 321573000, "operatingIncomeRatio": 0.1532982631, "totalOtherIncomeExpensesNet": 38110000, "incomeBeforeTax": 71802000, "incomeBeforeTaxRatio": 0.034228999, "incomeTaxExpense": 382738000, "netIncome": -311789000, "netIncomeRatio": -0.148634096, "eps": -1.81, "epsdiluted": -1.81, "weightedAverageShsOut": 172278816, "weightedAverageShsOutDil": 172524000, "link": "https://www.sec.gov/Archives/edgar/data/717423/000071742318000011/0000717423-18-000011-index.htm", "finalLink": "https://www.sec.gov/Archives/edgar/data/717423/000071742318000011/mur-20171231x10k.htm", "calculatedOtherExpenses": 127314000, "calculatedOperatingExpenses": 350080000, "calculatedNetInterest": -317759000, "calculatedOtherIncome": 67988000, "calculatedIncomeNonControlling": 853000, "calculatedEbitda": 1279292000}, {"date": "2016-12-31", "symbol": "MUR", "reportedCurrency": "USD", "cik": "0000717423", "fillingDate": "2017-02-24", "acceptedDate": "2017-02-24 16:13:41", "calendarYear": "2016", "period": "FY", "revenue": 1809575000, "costOfRevenue": 1613441000, "grossProfit": 196134000, "grossProfitRatio": 0.1083867759, "researchAndDevelopmentExpenses": 0, "generalAndAdministrativeExpenses": 0, "sellingAndMarketingExpenses": 0, "sellingGeneralAndAdministrativeExpenses": 265210000, "otherExpenses": -18150000, "operatingExpenses": 413813000, "costAndExpenses": 2027254000, "interestIncome": 62891000, "interestExpense": 148170000, "depreciationAndAmortization": 1054081000, "ebitda": 881143000, "ebitdaratio": 0.4869336723, "operatingIncome": -217679000, "operatingIncomeRatio": -0.1202928865, "totalOtherIncomeExpensesNet": -190157000, "incomeBeforeTax": -493115000, "incomeBeforeTaxRatio": -0.2725032121, "incomeTaxExpense": -219172000, "netIncome": -275970000, "netIncomeRatio": -0.1525054225, "eps": -1.6, "epsdiluted": -1.6, "weightedAverageShsOut": 172173000, "weightedAverageShsOutDil": 172173000, "link": "https://www.sec.gov/Archives/edgar/data/717423/000071742317000005/0000717423-17-000005-index.htm", "finalLink": "https://www.sec.gov/Archives/edgar/data/717423/000071742317000005/mur-20161231x10k.htm", "calculatedOtherExpenses": 148603000, "calculatedOperatingExpenses": 413813000, "calculatedNetInterest": -85279000, "calculatedOtherIncome": -190157000, "calculatedIncomeNonControlling": 2027000, "calculatedEbitda": 836402000}, {"date": "2015-12-31", "symbol": "MUR", "reportedCurrency": "USD", "cik": "0000717423", "fillingDate": "2016-02-26", "acceptedDate": "2016-02-26 09:33:21", "calendarYear": "2015", "period": "FY", "revenue": 3033080000, "costOfRevenue": 2452130000, "grossProfit": 580950000, "grossProfitRatio": 0.1915379746, "researchAndDevelopmentExpenses": 0, "generalAndAdministrativeExpenses": 0, "sellingAndMarketingExpenses": 0, "sellingGeneralAndAdministrativeExpenses": 306663000, "otherExpenses": -78634000, "operatingExpenses": 826252000, "costAndExpenses": 3278382000, "interestIncome": 91809000, "interestExpense": 117375000, "depreciationAndAmortization": 1619824000, "ebitda": 1295888000, "ebitdaratio": 0.4272515067, "operatingIncome": -491266000, "operatingIncomeRatio": -0.1619693513, "totalOtherIncomeExpensesNet": -2919585000, "incomeBeforeTax": -3282262000, "incomeBeforeTaxRatio": -1.0821547734, "incomeTaxExpense": -1026490000, "netIncome": -2270833000, "netIncomeRatio": -0.7486887916, "eps": -13.03, "epsdiluted": -13.02, "weightedAverageShsOut": 174325515, "weightedAverageShsOutDil": 174351000, "link": "https://www.sec.gov/Archives/edgar/data/717423/000071742316000064/0000717423-16-000064-index.htm", "finalLink": "https://www.sec.gov/Archives/edgar/data/717423/000071742316000064/mur-20151231x10k.htm", "calculatedOtherExpenses": 765553000, "calculatedOperatingExpenses": 1072216000, "calculatedNetInterest": -25566000, "calculatedOtherIncome": -2765430000, "calculatedIncomeNonControlling": 15061000, "calculatedEbitda": 1128558000}, {"date": "2014-12-31", "symbol": "MUR", "reportedCurrency": "USD", "cik": "0000717423", "fillingDate": "2015-02-27", "acceptedDate": "2015-02-27 12:01:18", "calendarYear": "2014", "period": "FY", "revenue": 5476084000, "costOfRevenue": 2996135000, "grossProfit": 2479949000, "grossProfitRatio": 0.4528690575, "researchAndDevelopmentExpenses": 0, "generalAndAdministrativeExpenses": 0, "sellingAndMarketingExpenses": 0, "sellingGeneralAndAdministrativeExpenses": 364004000, "otherExpenses": -24949000, "operatingExpenses": 928382000, "costAndExpenses": 3924517000, "interestIncome": 48248000, "interestExpense": 115819000, "depreciationAndAmortization": 1906247000, "ebitda": 3432865000, "ebitdaratio": 0.6268831888, "operatingIncome": 1364416000, "operatingIncomeRatio": 0.2491590706, "totalOtherIncomeExpensesNet": -183478000, "incomeBeforeTax": 1252270000, "incomeBeforeTaxRatio": 0.2286798376, "incomeTaxExpense": 227297000, "netIncome": 905611000, "netIncomeRatio": 0.165375659, "eps": 5.06, "epsdiluted": 5.03, "weightedAverageShsOut": 178853000, "weightedAverageShsOutDil": 180071000, "link": "https://www.sec.gov/Archives/edgar/data/717423/000071742315000016/0000717423-15-000016-index.htm", "finalLink": "https://www.sec.gov/Archives/edgar/data/717423/000071742315000016/mur-20141231x10k.htm", "calculatedOtherExpenses": 751529000, "calculatedOperatingExpenses": 1115533000, "calculatedNetInterest": -67571000, "calculatedOtherIncome": -44575000, "calculatedIncomeNonControlling": 119362000, "calculatedEbitda": 3270663000}, {"date": "2013-12-31", "symbol": "MUR", "reportedCurrency": "USD", "cik": "0000717423", "fillingDate": "2014-02-28", "acceptedDate": "2014-02-28 16:40:37", "calendarYear": "2013", "period": "FY", "revenue": 5390089000, "costOfRevenue": 1553394000, "grossProfit": 3836695000, "grossProfitRatio": 0.7118055008, "researchAndDevelopmentExpenses": 0, "generalAndAdministrativeExpenses": 0, "sellingAndMarketingExpenses": 0, "sellingGeneralAndAdministrativeExpenses": 379167000, "otherExpenses": 1891354000, "operatingExpenses": 2270521000, "costAndExpenses": 3823915000, "interestIncome": 77490000, "interestExpense": 71900000, "depreciationAndAmortization": 1553394000, "ebitda": 3119568000, "ebitdaratio": 0.5787600168, "operatingIncome": 1488771000, "operatingIncomeRatio": 0.2762052723, "totalOtherIncomeExpensesNet": -21587000, "incomeBeforeTax": 1472687000, "incomeBeforeTaxRatio": 0.2732212771, "incomeTaxExpense": 584550000, "netIncome": 1123473000, "netIncomeRatio": 0.2084331075, "eps": 5.98, "epsdiluted": 5.94, "weightedAverageShsOut": 187921000, "weightedAverageShsOutDil": 189271000, "link": "https://www.sec.gov/Archives/edgar/data/717423/000119312514077534/0001193125-14-077534-index.htm", "finalLink": "https://www.sec.gov/Archives/edgar/data/717423/000119312514077534/d642704d10k.htm", "calculatedOtherExpenses": 1968757000, "calculatedOperatingExpenses": 2347924000, "calculatedNetInterest": 5590000, "calculatedOtherIncome": -21674000, "calculatedIncomeNonControlling": -235336000, "calculatedEbitda": 3042165000}, {"date": "2012-12-31", "symbol": "MUR", "reportedCurrency": "USD", "cik": "0000717423", "fillingDate": "2013-02-28", "acceptedDate": "2013-02-28 12:04:37", "calendarYear": "2012", "period": "FY", "revenue": 28626046000, "costOfRevenue": 23824883000, "grossProfit": 4801163000, "grossProfitRatio": 0.1677200896, "researchAndDevelopmentExpenses": 0, "generalAndAdministrativeExpenses": 0, "sellingAndMarketingExpenses": 0, "sellingGeneralAndAdministrativeExpenses": 354493000, "otherExpenses": 2547768000, "operatingExpenses": 2902261000, "costAndExpenses": 26727144000, "interestIncome": 10973000, "interestExpense": 14932000, "depreciationAndAmortization": 1375577000, "ebitda": 3274479000, "ebitdaratio": 0.1143880996, "operatingIncome": 1889187000, "operatingIncomeRatio": 0.0659953876, "totalOtherIncomeExpensesNet": -260988000, "incomeBeforeTax": 1622982000, "incomeBeforeTaxRatio": 0.0566959894, "incomeTaxExpense": 658936000, "netIncome": 970876000, "netIncomeRatio": 0.0339158262, "eps": 5.01, "epsdiluted": 4.99, "weightedAverageShsOut": 193902000, "weightedAverageShsOutDil": 194669000, "link": "https://www.sec.gov/Archives/edgar/data/717423/000119312513082919/0001193125-13-082919-index.htm", "finalLink": "https://www.sec.gov/Archives/edgar/data/717423/000119312513082919/d446290d10k.htm", "calculatedOtherExpenses": 2557483000, "calculatedOperatingExpenses": 2911976000, "calculatedNetInterest": -3959000, "calculatedOtherIncome": -262246000, "calculatedIncomeNonControlling": -6830000, "calculatedEbitda": 3264764000}, {"date": "2011-12-31", "symbol": "MUR", "reportedCurrency": "USD", "cik": "0000717423", "fillingDate": "2012-02-28", "acceptedDate": "2012-02-28 15:36:11", "calendarYear": "2011", "period": "FY", "revenue": 27745549000, "costOfRevenue": 24358505000, "grossProfit": 3387044000, "grossProfitRatio": 0.1220752201, "researchAndDevelopmentExpenses": 0, "generalAndAdministrativeExpenses": 0, "sellingAndMarketingExpenses": 0, "sellingGeneralAndAdministrativeExpenses": 301005000, "otherExpenses": 1620969000, "operatingExpenses": 1389060000, "costAndExpenses": 25747565000, "interestIncome": 33538000, "interestExpense": 40700000, "depreciationAndAmortization": 1093406000, "ebitda": 3091390000, "ebitdaratio": 0.1114193127, "operatingIncome": 1591683000, "operatingIncomeRatio": 0.0573671474, "totalOtherIncomeExpensesNet": -406301000, "incomeBeforeTax": 1550983000, "incomeBeforeTaxRatio": 0.0559002455, "incomeTaxExpense": 810051000, "netIncome": 872702000, "netIncomeRatio": 0.0314537658, "eps": 4.51, "epsdiluted": 4.49, "weightedAverageShsOut": 193410000, "weightedAverageShsOutDil": 194512000, "link": "https://www.sec.gov/Archives/edgar/data/717423/000119312512084989/0001193125-12-084989-index.htm", "finalLink": "https://www.sec.gov/Archives/edgar/data/717423/000119312512084989/d264832d10k.htm", "calculatedOtherExpenses": 1494356000, "calculatedOperatingExpenses": 1795361000, "calculatedNetInterest": -7162000, "calculatedOtherIncome": -33538000, "calculatedIncomeNonControlling": -131770000, "calculatedEbitda": 2685089000}, {"date": "2010-12-31", "symbol": "MUR", "reportedCurrency": "USD", "cik": "0000717423", "fillingDate": "2011-02-28", "acceptedDate": "2011-02-28 13:17:45", "calendarYear": "2010", "period": "FY", "revenue": 23345071000, "costOfRevenue": 20401726000, "grossProfit": 2943345000, "grossProfitRatio": 0.1260799335, "researchAndDevelopmentExpenses": 0, "generalAndAdministrativeExpenses": 0, "sellingAndMarketingExpenses": 0, "sellingGeneralAndAdministrativeExpenses": 329604000, "otherExpenses": -31858000, "operatingExpenses": 1494386000, "costAndExpenses": 21896112000, "interestIncome": 18444000, "interestExpense": 53172000, "depreciationAndAmortization": 1164782000, "ebitda": 2632185000, "ebitdaratio": 0.1127512099, "operatingIncome": 1499399000, "operatingIncomeRatio": 0.0642276479, "totalOtherIncomeExpensesNet": -50440000, "incomeBeforeTax": 1414231000, "incomeBeforeTaxRatio": 0.060579426, "incomeTaxExpense": 616150000, "netIncome": 798081000, "netIncomeRatio": 0.0341862743, "eps": 4.16, "epsdiluted": 4.13, "weightedAverageShsOut": 191830000, "weightedAverageShsOutDil": 193158000, "link": "https://www.sec.gov/Archives/edgar/data/717423/000119312511049276/0001193125-11-049276-index.htm", "finalLink": "https://www.sec.gov/Archives/edgar/data/717423/000119312511049276/d10k.htm", "calculatedOtherExpenses": 1114342000, "calculatedOperatingExpenses": 1443946000, "calculatedNetInterest": -34728000, "calculatedOtherIncome": -50440000, "calculatedIncomeNonControlling": 0, "calculatedEbitda": 2664181000}, {"date": "2009-12-31", "symbol": "MUR", "reportedCurrency": "USD", "cik": "0000717423", "fillingDate": "2010-02-26", "acceptedDate": "2010-02-26 15:43:04", "calendarYear": "2009", "period": "FY", "revenue": 19059092000, "costOfRevenue": 14859461000, "grossProfit": 4199631000, "grossProfitRatio": 0.2203479053, "researchAndDevelopmentExpenses": 0, "generalAndAdministrativeExpenses": 0, "sellingAndMarketingExpenses": 0, "sellingGeneralAndAdministrativeExpenses": 325764000, "otherExpenses": 1454959000, "operatingExpenses": 2866673000, "costAndExpenses": 17726134000, "interestIncome": 0, "interestExpense": 24391000, "depreciationAndAmortization": 1028371000, "ebitda": 2361329000, "ebitdaratio": 0.1238951467, "operatingIncome": 1327398000, "operatingIncomeRatio": 0.0696464449, "totalOtherIncomeExpensesNet": -31394000, "incomeBeforeTax": 1277173000, "incomeBeforeTaxRatio": 0.0670112196, "incomeTaxExpense": 536656000, "netIncome": 837621000, "netIncomeRatio": 0.0439486309, "eps": 4.39, "epsdiluted": 4.35, "weightedAverageShsOut": 190767000, "weightedAverageShsOutDil": 192468000, "link": "https://www.sec.gov/Archives/edgar/data/717423/000119312510042802/0001193125-10-042802-index.htm", "finalLink": "https://www.sec.gov/Archives/edgar/data/717423/000119312510042802/d10k.htm", "calculatedOtherExpenses": 2546469000, "calculatedOperatingExpenses": 2872233000, "calculatedNetInterest": -24391000, "calculatedOtherIncome": -25834000, "calculatedIncomeNonControlling": -97104000, "calculatedEbitda": 2355769000}, {"date": "2008-12-31", "symbol": "MUR", "reportedCurrency": "USD", "cik": "0000717423", "fillingDate": "2009-02-27", "acceptedDate": "2009-02-27 13:24:07", "calendarYear": "2008", "period": "FY", "revenue": 27512540000, "costOfRevenue": 23682724000, "grossProfit": 3829816000, "grossProfitRatio": 0.13920256, "researchAndDevelopmentExpenses": 0, "generalAndAdministrativeExpenses": 0, "sellingAndMarketingExpenses": 0, "sellingGeneralAndAdministrativeExpenses": 229802000, "otherExpenses": 713002000, "operatingExpenses": 942804000, "costAndExpenses": 24625528000, "interestIncome": 0, "interestExpense": 0, "depreciationAndAmortization": 852348000, "ebitda": 3654611000, "ebitdaratio": 0.132834373, "operatingIncome": 2862528000, "operatingIncomeRatio": 0.104044483, "totalOtherIncomeExpensesNet": 84749000, "incomeBeforeTax": 2818551000, "incomeBeforeTaxRatio": 0.1024460482, "incomeTaxExpense": 1078565000, "netIncome": 1739986000, "netIncomeRatio": 0.0632433792, "eps": 9.18, "epsdiluted": 9.06, "weightedAverageShsOut": 189608846, "weightedAverageShsOutDil": 192133672, "link": "https://www.sec.gov/Archives/edgar/data/717423/000119312509040617/0001193125-09-040617-index.htm", "finalLink": "https://www.sec.gov/Archives/edgar/data/717423/000119312509040617/d10k.htm", "calculatedOtherExpenses": 737486000, "calculatedOperatingExpenses": 967288000, "calculatedNetInterest": 0, "calculatedOtherIncome": -43977000, "calculatedIncomeNonControlling": 0, "calculatedEbitda": 3714876000}, {"date": "2007-12-31", "symbol": "MUR", "reportedCurrency": "USD", "cik": "0000717423", "fillingDate": "2008-02-29", "acceptedDate": "2008-02-29 16:36:09", "calendarYear": "2007", "period": "FY", "revenue": 18439098000, "costOfRevenue": 16397713000, "grossProfit": 2041385000, "grossProfitRatio": 0.1107095911, "researchAndDevelopmentExpenses": 0, "generalAndAdministrativeExpenses": 0, "sellingAndMarketingExpenses": 0, "sellingGeneralAndAdministrativeExpenses": 229300000, "otherExpenses": 489837000, "operatingExpenses": 719137000, "costAndExpenses": 17116850000, "interestIncome": 0, "interestExpense": 0, "depreciationAndAmortization": 545159000, "ebitda": 1987676000, "ebitdaratio": 0.1077968131, "operatingIncome": 1262296000, "operatingIncomeRatio": 0.0684575786, "totalOtherIncomeExpensesNet": -120269000, "incomeBeforeTax": 1237232000, "incomeBeforeTaxRatio": 0.067098293, "incomeTaxExpense": 470703000, "netIncome": 766529000, "netIncomeRatio": 0.0415708512, "eps": 4.08, "epsdiluted": 4.01, "weightedAverageShsOut": 188027557, "weightedAverageShsOutDil": 191140737, "link": "https://www.sec.gov/Archives/edgar/data/717423/000119312508043756/0001193125-08-043756-index.htm", "finalLink": "https://www.sec.gov/Archives/edgar/data/717423/000119312508043756/d10k.htm", "calculatedOtherExpenses": 549789000, "calculatedOperatingExpenses": 779089000, "calculatedNetInterest": 0, "calculatedOtherIncome": -25064000, "calculatedIncomeNonControlling": 0, "calculatedEbitda": 1807455000}, {"date": "2006-12-31", "symbol": "MUR", "reportedCurrency": "USD", "cik": "0000717423", "fillingDate": "2007-03-01", "acceptedDate": "2007-03-01 16:06:17", "calendarYear": "2006", "period": "FY", "revenue": 14307387000, "costOfRevenue": 12536690000, "grossProfit": 1770697000, "grossProfitRatio": 0.1237610334, "researchAndDevelopmentExpenses": 0, "generalAndAdministrativeExpenses": 0, "sellingAndMarketingExpenses": 0, "sellingGeneralAndAdministrativeExpenses": 228512000, "otherExpenses": 384063000, "operatingExpenses": 612575000, "costAndExpenses": 13149265000, "interestIncome": 0, "interestExpense": 0, "depreciationAndAmortization": 406529000, "ebitda": 1795593000, "ebitdaratio": 0.1255011135, "operatingIncome": 1037957000, "operatingIncomeRatio": 0.0725469298, "totalOtherIncomeExpensesNet": -230942000, "incomeBeforeTax": 1028425000, "incomeBeforeTaxRatio": 0.0718807005, "incomeTaxExpense": 390146000, "netIncome": 638279000, "netIncomeRatio": 0.0446118498, "eps": 3.46, "epsdiluted": 3.41, "weightedAverageShsOut": 186105086, "weightedAverageShsOutDil": 189158411, "link": "https://www.sec.gov/Archives/edgar/data/717423/000119312507044355/0001193125-07-044355-index.htm", "finalLink": "https://www.sec.gov/Archives/edgar/data/717423/000119312507044355/d10k.htm", "calculatedOtherExpenses": 504228000, "calculatedOperatingExpenses": 732740000, "calculatedNetInterest": 0, "calculatedOtherIncome": -9532000, "calculatedIncomeNonControlling": 0, "calculatedEbitda": 1444486000}, {"date": "2005-12-31", "symbol": "MUR", "reportedCurrency": "USD", "cik": "0000717423", "fillingDate": "2006-03-15", "acceptedDate": "2006-03-15 15:46:23", "calendarYear": "2005", "period": "FY", "revenue": 11877151000, "costOfRevenue": 9930859000, "grossProfit": 1946292000, "grossProfitRatio": 0.163868591, "researchAndDevelopmentExpenses": 0, "generalAndAdministrativeExpenses": 0, "sellingAndMarketingExpenses": 0, "sellingGeneralAndAdministrativeExpenses": 158889000, "otherExpenses": 396875000, "operatingExpenses": 555764000, "costAndExpenses": 10486623000, "interestIncome": 0, "interestExpense": 0, "depreciationAndAmortization": 419694000, "ebitda": 1654490000, "ebitdaratio": 0.1393002413, "operatingIncome": 1380824000, "operatingIncomeRatio": 0.116258857, "totalOtherIncomeExpensesNet": 155732000, "incomeBeforeTax": 1372059000, "incomeBeforeTaxRatio": 0.1155208854, "incomeTaxExpense": 534156000, "netIncome": 846452000, "netIncomeRatio": 0.0712672593, "eps": 4.64, "epsdiluted": 4.55, "weightedAverageShsOut": 184354552, "weightedAverageShsOutDil": 187889378, "link": "https://www.sec.gov/Archives/edgar/data/717423/000119312506054960/0001193125-06-054960-index.htm", "finalLink": "https://www.sec.gov/Archives/edgar/data/717423/000119312506054960/d10k.htm", "calculatedOtherExpenses": 406579000, "calculatedOperatingExpenses": 565468000, "calculatedNetInterest": 0, "calculatedOtherIncome": -8765000, "calculatedIncomeNonControlling": -8549000, "calculatedEbitda": 1800518000}, {"date": "2004-12-31", "symbol": "MUR", "reportedCurrency": "USD", "cik": "0000717423", "fillingDate": "2005-03-16", "acceptedDate": "2005-03-16 16:01:10", "calendarYear": "2004", "period": "FY", "revenue": 8359839000, "costOfRevenue": 7057047000, "grossProfit": 1302792000, "grossProfitRatio": 0.1558393648, "researchAndDevelopmentExpenses": 0, "generalAndAdministrativeExpenses": 0, "sellingAndMarketingExpenses": 0, "sellingGeneralAndAdministrativeExpenses": 132329000, "otherExpenses": 321446000, "operatingExpenses": 453775000, "costAndExpenses": 7510822000, "interestIncome": 0, "interestExpense": 0, "depreciationAndAmortization": 337861000, "ebitda": 1137318000, "ebitdaratio": 0.136045443, "operatingIncome": 839000000, "operatingIncomeRatio": 0.1003607845, "totalOtherIncomeExpensesNet": 49560000, "incomeBeforeTax": 804936000, "incomeBeforeTaxRatio": 0.0962860648, "incomeTaxExpense": 308541000, "netIncome": 701315000, "netIncomeRatio": 0.0838909697, "eps": 3.81, "epsdiluted": 3.77, "weightedAverageShsOut": 183944854, "weightedAverageShsOutDil": 186025199, "link": "https://www.sec.gov/Archives/edgar/data/717423/000119312505052706/0001193125-05-052706-index.htm", "finalLink": "https://www.sec.gov/Archives/edgar/data/717423/000119312505052706/d10k.htm", "calculatedOtherExpenses": 331463000, "calculatedOperatingExpenses": 463792000, "calculatedNetInterest": 0, "calculatedOtherIncome": -34064000, "calculatedIncomeNonControlling": -204920000, "calculatedEbitda": 1176861000}, {"date": "2003-12-31", "symbol": "MUR", "reportedCurrency": "USD", "cik": "0000717423", "fillingDate": "2004-03-12", "acceptedDate": "2004-03-12 11:06:40", "calendarYear": "2003", "period": "FY", "revenue": 5345238000, "costOfRevenue": 4429795000, "grossProfit": 915443000, "grossProfitRatio": 0.1712632814, "researchAndDevelopmentExpenses": 0, "generalAndAdministrativeExpenses": 0, "sellingAndMarketingExpenses": 0, "sellingGeneralAndAdministrativeExpenses": 126589000, "otherExpenses": 328496000, "operatingExpenses": 455085000, "costAndExpenses": 4884880000, "interestIncome": 0, "interestExpense": 0, "depreciationAndAmortization": 355685000, "ebitda": 775199000, "ebitdaratio": 0.1450260961, "operatingIncome": 460358000, "operatingIncomeRatio": 0.0861248835, "totalOtherIncomeExpensesNet": 40844000, "incomeBeforeTax": 419167000, "incomeBeforeTaxRatio": 0.078418772, "incomeTaxExpense": 117977000, "netIncome": 294197000, "netIncomeRatio": 0.0550390834, "eps": 1.6, "epsdiluted": 1.59, "weightedAverageShsOut": 183599102, "weightedAverageShsOutDil": 185029560, "link": "https://www.sec.gov/Archives/edgar/data/717423/000119312504039974/0001193125-04-039974-index.htm", "finalLink": "https://www.sec.gov/Archives/edgar/data/717423/000119312504039974/d10k.htm", "calculatedOtherExpenses": 328496000, "calculatedOperatingExpenses": 455085000, "calculatedNetInterest": 0, "calculatedOtherIncome": -41191000, "calculatedIncomeNonControlling": 6993000, "calculatedEbitda": 816043000}, {"date": "2002-12-31", "symbol": "MUR", "reportedCurrency": "USD", "cik": "0000717423", "fillingDate": "2003-03-26", "acceptedDate": "2003-03-26 14:55:40", "calendarYear": "2002", "period": "FY", "revenue": 3984327000, "costOfRevenue": 3375460000, "grossProfit": 608867000, "grossProfitRatio": 0.1528155194, "researchAndDevelopmentExpenses": 0, "generalAndAdministrativeExpenses": 0, "sellingAndMarketingExpenses": 0, "sellingGeneralAndAdministrativeExpenses": 98562000, "otherExpenses": 300022000, "operatingExpenses": 398584000, "costAndExpenses": 3774044000, "interestIncome": 0, "interestExpense": 0, "depreciationAndAmortization": 324656000, "ebitda": 589071000, "ebitdaratio": 0.1478470517, "operatingIncome": 178643000, "operatingIncomeRatio": 0.0448364303, "totalOtherIncomeExpensesNet": -54132000, "incomeBeforeTax": 151675000, "incomeBeforeTaxRatio": 0.0380679096, "incomeTaxExpense": 54165000, "netIncome": 111508000, "netIncomeRatio": 0.0279866587, "eps": 0.61, "epsdiluted": 0.61, "weightedAverageShsOut": 182901672, "weightedAverageShsOutDil": 184269934, "link": "https://www.sec.gov/Archives/edgar/data/717423/000093066103001213/0000930661-03-001213-index.htm", "finalLink": "https://www.sec.gov/Archives/edgar/data/717423/000093066103001213/d10k.htm", "calculatedOtherExpenses": 331662000, "calculatedOperatingExpenses": 430224000, "calculatedNetInterest": 0, "calculatedOtherIncome": -26968000, "calculatedIncomeNonControlling": -13998000, "calculatedEbitda": 503299000}, {"date": "2001-12-31", "symbol": "MUR", "reportedCurrency": "USD", "cik": "0000717423", "fillingDate": "2002-03-22", "acceptedDate": "2002-03-22 00:00:00", "calendarYear": "2001", "period": "FY", "revenue": 4478509000, "costOfRevenue": 3612940000, "grossProfit": 865569000, "grossProfitRatio": 0.1932716893, "researchAndDevelopmentExpenses": 0, "generalAndAdministrativeExpenses": 97835000, "sellingAndMarketingExpenses": 0, "sellingGeneralAndAdministrativeExpenses": 97835000, "otherExpenses": 232342000, "operatingExpenses": 330177000, "costAndExpenses": 3943117000, "interestIncome": 0, "interestExpense": 0, "depreciationAndAmortization": 255496000, "ebitda": 811844000, "ebitdaratio": 0.1812755093, "operatingIncome": 524914000, "operatingIncomeRatio": 0.1172073116, "totalOtherIncomeExpensesNet": -20956000, "incomeBeforeTax": 505908000, "incomeBeforeTaxRatio": 0.1129634885, "incomeTaxExpense": 175005000, "netIncome": 330903000, "netIncomeRatio": 0.0738868673, "eps": 1.82, "epsdiluted": 1.81, "weightedAverageShsOut": 180760896, "weightedAverageShsOutDil": 182819337, "link": "https://www.sec.gov/Archives/edgar/data/717423/000093066102000830/0000930661-02-000830-index.htm", "finalLink": "https://www.sec.gov/Archives/edgar/data/717423/000093066102000830/d10k.txt", "calculatedOtherExpenses": 242820000, "calculatedOperatingExpenses": 340655000, "calculatedNetInterest": 0, "calculatedOtherIncome": -19006000, "calculatedIncomeNonControlling": 0, "calculatedEbitda": 780410000}, {"date": "2000-12-31", "symbol": "MUR", "reportedCurrency": "USD", "cik": "0000717423", "fillingDate": "2001-03-22", "acceptedDate": "2001-03-22 00:00:00", "calendarYear": "2000", "period": "FY", "revenue": 4614341000, "costOfRevenue": 3816489000, "grossProfit": 797852000, "grossProfitRatio": 0.1729070305, "researchAndDevelopmentExpenses": 0, "generalAndAdministrativeExpenses": 85474000, "sellingAndMarketingExpenses": 0, "sellingGeneralAndAdministrativeExpenses": 85474000, "otherExpenses": 227615000, "operatingExpenses": 313089000, "costAndExpenses": 4129578000, "interestIncome": 0, "interestExpense": 0, "depreciationAndAmortization": 227615000, "ebitda": 768210000, "ebitdaratio": 0.1664831446, "operatingIncome": 456847000, "operatingIncomeRatio": 0.0990059036, "totalOtherIncomeExpensesNet": -55832000, "incomeBeforeTax": 465334000, "incomeBeforeTaxRatio": 0.1008451694, "incomeTaxExpense": 159773000, "netIncome": 296828000, "netIncomeRatio": 0.0643272788, "eps": 1.65, "epsdiluted": 1.64, "weightedAverageShsOut": 180243983, "weightedAverageShsOutDil": 180992683, "link": "https://www.sec.gov/Archives/edgar/data/717423/000093066101000634/0000930661-01-000634-index.htm", "finalLink": "https://www.sec.gov/Archives/edgar/data/717423/000093066101000634/0000930661-01-000634-0001.txt", "calculatedOtherExpenses": 255531000, "calculatedOperatingExpenses": 341005000, "calculatedNetInterest": 0, "calculatedOtherIncome": 8487000, "calculatedIncomeNonControlling": 8733000, "calculatedEbitda": 684462000}, {"date": "1999-12-31", "symbol": "MUR", "reportedCurrency": "USD", "cik": "0000717423", "fillingDate": "2000-03-23", "acceptedDate": "2000-03-23 00:00:00", "calendarYear": "1999", "period": "FY", "revenue": 2036800000, "costOfRevenue": 1543700000, "grossProfit": 493100000, "grossProfitRatio": 0.2420954438, "researchAndDevelopmentExpenses": 0, "generalAndAdministrativeExpenses": 81800000, "sellingAndMarketingExpenses": 0, "sellingGeneralAndAdministrativeExpenses": 81800000, "otherExpenses": 215400000, "operatingExpenses": 297200000, "costAndExpenses": 1840900000, "interestIncome": 0, "interestExpense": 0, "depreciationAndAmortization": 215400000, "ebitda": 409900000, "ebitdaratio": 0.2012470542, "operatingIncome": 194400000, "operatingIncomeRatio": 0.0954438335, "totalOtherIncomeExpensesNet": 1400000, "incomeBeforeTax": 178500000, "incomeBeforeTaxRatio": 0.0876374705, "incomeTaxExpense": 58800000, "netIncome": 119700000, "netIncomeRatio": 0.0587686567, "eps": 0.67, "epsdiluted": 0.67, "weightedAverageShsOut": 179881828, "weightedAverageShsOutDil": 180120900, "link": "https://www.sec.gov/Archives/edgar/data/717423/000093066100000647/0000930661-00-000647-index.html", "finalLink": "https://www.sec.gov/Archives/edgar/data/717423/000093066100000647/", "calculatedOtherExpenses": 216900000, "calculatedOperatingExpenses": 298700000, "calculatedNetInterest": 0, "calculatedOtherIncome": -15900000, "calculatedIncomeNonControlling": 0, "calculatedEbitda": 409800000}, {"date": "1998-12-31", "symbol": "MUR", "reportedCurrency": "USD", "cik": "0000717423", "fillingDate": "1999-03-24", "acceptedDate": "1999-03-24 00:00:00", "calendarYear": "1998", "period": "FY", "revenue": 1694500000, "costOfRevenue": 1334700000, "grossProfit": 359800000, "grossProfitRatio": 0.2123340218, "researchAndDevelopmentExpenses": 0, "generalAndAdministrativeExpenses": 61400000, "sellingAndMarketingExpenses": 0, "sellingGeneralAndAdministrativeExpenses": 61400000, "otherExpenses": 213200000, "operatingExpenses": 274600000, "costAndExpenses": 1609300000, "interestIncome": 0, "interestExpense": 0, "depreciationAndAmortization": 213200000, "ebitda": 468800000, "ebitdaratio": 0.2766597816, "operatingIncome": -2200000, "operatingIncomeRatio": -0.0012983181, "totalOtherIncomeExpensesNet": -170400000, "incomeBeforeTax": -8300000, "incomeBeforeTaxRatio": -0.0048982001, "incomeTaxExpense": 6100000, "netIncome": -14400000, "netIncomeRatio": -0.008498082, "eps": -0.08, "epsdiluted": -0.08, "weightedAverageShsOut": 180000000, "weightedAverageShsOutDil": 180000000, "link": "https://www.sec.gov/Archives/edgar/data/717423/000093066199000531/0000930661-99-000531-index.html", "finalLink": "https://www.sec.gov/Archives/edgar/data/717423/", "calculatedOtherExpenses": 300600000, "calculatedOperatingExpenses": 362000000, "calculatedNetInterest": 0, "calculatedOtherIncome": -6100000, "calculatedIncomeNonControlling": 0, "calculatedEbitda": 211000000}, {"date": "1997-12-31", "symbol": "MUR", "reportedCurrency": "USD", "cik": "0000717423", "fillingDate": "1998-03-27", "acceptedDate": "1998-03-27 00:00:00", "calendarYear": "1997", "period": "FY", "revenue": 2132300000, "costOfRevenue": 1611700000, "grossProfit": 520600000, "grossProfitRatio": 0.2441495099, "researchAndDevelopmentExpenses": 0, "generalAndAdministrativeExpenses": 65900000, "sellingAndMarketingExpenses": 0, "sellingGeneralAndAdministrativeExpenses": 65900000, "otherExpenses": 219900000, "operatingExpenses": 285800000, "costAndExpenses": 1897500000, "interestIncome": 0, "interestExpense": 0, "depreciationAndAmortization": 219900000, "ebitda": 505400000, "ebitdaratio": 0.2370210571, "operatingIncome": 206700000, "operatingIncomeRatio": 0.0969375791, "totalOtherIncomeExpensesNet": -50700000, "incomeBeforeTax": 211700000, "incomeBeforeTaxRatio": 0.0992824649, "incomeTaxExpense": 79300000, "netIncome": 132400000, "netIncomeRatio": 0.0620925761, "eps": 0.74, "epsdiluted": 0.74, "weightedAverageShsOut": 179525424, "weightedAverageShsOutDil": 180136054, "link": "https://www.sec.gov/Archives/edgar/data/717423/000093066198000614/0000930661-98-000614-index.html", "finalLink": "https://www.sec.gov/Archives/edgar/data/717423/", "calculatedOtherExpenses": 248000000, "calculatedOperatingExpenses": 313900000, "calculatedNetInterest": 0, "calculatedOtherIncome": 5000000, "calculatedIncomeNonControlling": 0, "calculatedEbitda": 426600000}, {"date": "1996-12-31", "symbol": "MUR", "reportedCurrency": "USD", "cik": "0000717423", "fillingDate": "1997-03-27", "acceptedDate": "1997-03-27 00:00:00", "calendarYear": "1996", "period": "FY", "revenue": 2008500000, "costOfRevenue": 1483900000, "grossProfit": 524600000, "grossProfitRatio": 0.2611899427, "researchAndDevelopmentExpenses": 0, "generalAndAdministrativeExpenses": 136600000, "sellingAndMarketingExpenses": 0, "sellingGeneralAndAdministrativeExpenses": 136600000, "otherExpenses": 182400000, "operatingExpenses": 319000000, "costAndExpenses": 1802900000, "interestIncome": 0, "interestExpense": 0, "depreciationAndAmortization": 182400000, "ebitda": 374300000, "ebitdaratio": 0.1863579786, "operatingIncome": 205600000, "operatingIncomeRatio": 0.102364949, "totalOtherIncomeExpensesNet": 13700000, "incomeBeforeTax": 216400000, "incomeBeforeTaxRatio": 0.1077420961, "incomeTaxExpense": 90400000, "netIncome": 137900000, "netIncomeRatio": 0.0686582026, "eps": 0.77, "epsdiluted": 0.77, "weightedAverageShsOut": 179674267, "weightedAverageShsOutDil": 179674267, "link": "https://www.sec.gov/Archives/edgar/data/717423/000093066197000702/0000930661-97-000702-index.html", "finalLink": "https://www.sec.gov/Archives/edgar/data/717423/", "calculatedOtherExpenses": 182400000, "calculatedOperatingExpenses": 319000000, "calculatedNetInterest": 0, "calculatedOtherIncome": 10800000, "calculatedIncomeNonControlling": -11900000, "calculatedEbitda": 388000000}, {"date": "1995-12-31", "symbol": "MUR", "reportedCurrency": "USD", "cik": "0000717423", "fillingDate": "1996-03-27", "acceptedDate": "1996-03-27 00:00:00", "calendarYear": "1995", "period": "FY", "revenue": 1711200000, "costOfRevenue": 1329900000, "grossProfit": 381300000, "grossProfitRatio": 0.222826087, "researchAndDevelopmentExpenses": 0, "generalAndAdministrativeExpenses": 67500000, "sellingAndMarketingExpenses": 0, "sellingGeneralAndAdministrativeExpenses": 67500000, "otherExpenses": 236600000, "operatingExpenses": 304100000, "costAndExpenses": 1634000000, "interestIncome": 0, "interestExpense": 0, "depreciationAndAmortization": 236600000, "ebitda": 519400000, "ebitdaratio": 0.3035296868, "operatingIncome": 77200000, "operatingIncomeRatio": 0.0451145395, "totalOtherIncomeExpensesNet": -205600000, "incomeBeforeTax": -134000000, "incomeBeforeTaxRatio": -0.0783076204, "incomeTaxExpense": -15400000, "netIncome": -118600000, "netIncomeRatio": -0.0693080879, "eps": -0.66, "epsdiluted": -0.66, "weightedAverageShsOut": 179018868, "weightedAverageShsOutDil": 179018868, "link": "https://www.sec.gov/Archives/edgar/data/717423/000093066196000195/0000930661-96-000195-index.html", "finalLink": "https://www.sec.gov/Archives/edgar/data/717423/", "calculatedOtherExpenses": 236600000, "calculatedOperatingExpenses": 304100000, "calculatedNetInterest": 0, "calculatedOtherIncome": -211200000, "calculatedIncomeNonControlling": 0, "calculatedEbitda": 313800000}, {"date": "1994-12-31", "symbol": "MUR", "reportedCurrency": "USD", "cik": "0000717423", "fillingDate": "1995-03-29", "acceptedDate": "1995-03-29 00:00:00", "calendarYear": "1994", "period": "FY", "revenue": 1738200000, "costOfRevenue": 1324300000, "grossProfit": 413900000, "grossProfitRatio": 0.2381198941, "researchAndDevelopmentExpenses": 0, "generalAndAdministrativeExpenses": 66600000, "sellingAndMarketingExpenses": 0, "sellingGeneralAndAdministrativeExpenses": 66600000, "otherExpenses": 218200000, "operatingExpenses": 284800000, "costAndExpenses": 1609100000, "interestIncome": 0, "interestExpense": 0, "depreciationAndAmortization": 218200000, "ebitda": 317000000, "ebitdaratio": 0.1823725693, "operatingIncome": 129100000, "operatingIncomeRatio": 0.0742722356, "totalOtherIncomeExpensesNet": 30300000, "incomeBeforeTax": 156900000, "incomeBeforeTaxRatio": 0.0902657922, "incomeTaxExpense": 50300000, "netIncome": 106600000, "netIncomeRatio": 0.0613278104, "eps": 0.59, "epsdiluted": 0.59, "weightedAverageShsOut": 179915612, "weightedAverageShsOutDil": 179915612, "link": "https://www.sec.gov/Archives/edgar/data/717423/000095010995000957/0000950109-95-000957-index.html", "finalLink": "https://www.sec.gov/Archives/edgar/data/717423/", "calculatedOtherExpenses": 218200000, "calculatedOperatingExpenses": 284800000, "calculatedNetInterest": 0, "calculatedOtherIncome": 27800000, "calculatedIncomeNonControlling": 0, "calculatedEbitda": 347300000}, {"date": "1993-12-31", "symbol": "MUR", "reportedCurrency": "USD", "cik": "0000717423", "fillingDate": "1994-03-29", "acceptedDate": "1994-03-29 00:00:00", "calendarYear": "1993", "period": "FY", "revenue": 1636700000, "costOfRevenue": 1281800000, "grossProfit": 354900000, "grossProfitRatio": 0.2168387609, "researchAndDevelopmentExpenses": 0, "generalAndAdministrativeExpenses": 0, "sellingAndMarketingExpenses": 0, "sellingGeneralAndAdministrativeExpenses": 65200000, "otherExpenses": 188300000, "operatingExpenses": 253500000, "costAndExpenses": 1535300000, "interestIncome": 0, "interestExpense": 0, "depreciationAndAmortization": 188300000, "ebitda": 255200000, "ebitdaratio": 0.1559235046, "operatingIncome": 101400000, "operatingIncomeRatio": 0.0619539317, "totalOtherIncomeExpensesNet": 34500000, "incomeBeforeTax": 133600000, "incomeBeforeTaxRatio": 0.0816276654, "incomeTaxExpense": 46800000, "netIncome": 102100000, "netIncomeRatio": 0.0623816216, "eps": 0.57, "epsdiluted": 0.57, "weightedAverageShsOut": 179122807, "weightedAverageShsOutDil": 179122807, "link": "https://www.sec.gov/Archives/edgar/data/717423/000095013194000420/0000950131-94-000420-index.html", "finalLink": "https://www.sec.gov/Archives/edgar/data/717423/", "calculatedOtherExpenses": 188300000, "calculatedOperatingExpenses": 253500000, "calculatedNetInterest": 0, "calculatedOtherIncome": 32200000, "calculatedIncomeNonControlling": -15300000, "calculatedEbitda": 289700000}, {"date": "1992-12-31", "symbol": "MUR", "reportedCurrency": "USD", "cik": "0000717423", "fillingDate": "1992-12-31", "acceptedDate": "1992-12-30 19:00:00", "calendarYear": "1992", "period": "FY", "revenue": 1631400000, "costOfRevenue": 1346200000, "grossProfit": 285200000, "grossProfitRatio": 0.1748191737, "researchAndDevelopmentExpenses": 0, "generalAndAdministrativeExpenses": 0, "sellingAndMarketingExpenses": 0, "sellingGeneralAndAdministrativeExpenses": 72900000, "otherExpenses": 182200000, "operatingExpenses": 255100000, "costAndExpenses": 1601300000, "interestIncome": 0, "interestExpense": 0, "depreciationAndAmortization": 182200000, "ebitda": 158300000, "ebitdaratio": 0.097033223, "operatingIncome": 30100000, "operatingIncomeRatio": 0.0184504107, "totalOtherIncomeExpensesNet": 54000000, "incomeBeforeTax": 69400000, "incomeBeforeTaxRatio": 0.0425401496, "incomeTaxExpense": 6600000, "netIncome": 105600000, "netIncomeRatio": 0.06472968, "eps": 0.59, "epsdiluted": 0.59, "weightedAverageShsOut": 179744681, "weightedAverageShsOutDil": 179744681, "link": "", "finalLink": "", "calculatedOtherExpenses": 182200000, "calculatedOperatingExpenses": 255100000, "calculatedNetInterest": 0, "calculatedOtherIncome": 39300000, "calculatedIncomeNonControlling": -42800000, "calculatedEbitda": 212300000}, {"date": "1991-12-31", "symbol": "MUR", "reportedCurrency": "USD", "cik": "0000717423", "fillingDate": "1991-12-31", "acceptedDate": "1991-12-30 19:00:00", "calendarYear": "1991", "period": "FY", "revenue": 1600900000, "costOfRevenue": 1281500000, "grossProfit": 319400000, "grossProfitRatio": 0.1995127741, "researchAndDevelopmentExpenses": 0, "generalAndAdministrativeExpenses": 0, "sellingAndMarketingExpenses": 0, "sellingGeneralAndAdministrativeExpenses": 201000000, "otherExpenses": 149600000, "operatingExpenses": 350600000, "costAndExpenses": 1632100000, "interestIncome": 0, "interestExpense": 0, "depreciationAndAmortization": 149600000, "ebitda": 29200000, "ebitdaratio": 0.0182397401, "operatingIncome": -31200000, "operatingIncomeRatio": -0.0194890374, "totalOtherIncomeExpensesNet": 89200000, "incomeBeforeTax": 27600000, "incomeBeforeTaxRatio": 0.0172403023, "incomeTaxExpense": 37200000, "netIncome": -11200000, "netIncomeRatio": -0.0069960647, "eps": -0.07, "epsdiluted": -0.07, "weightedAverageShsOut": 160000000, "weightedAverageShsOutDil": 160000000, "link": "", "finalLink": "", "calculatedOtherExpenses": 149600000, "calculatedOperatingExpenses": 350600000, "calculatedNetInterest": 0, "calculatedOtherIncome": 58800000, "calculatedIncomeNonControlling": 1600000, "calculatedEbitda": 118400000}, {"date": "1990-12-31", "symbol": "MUR", "reportedCurrency": "USD", "cik": "0000717423", "fillingDate": "1990-12-31", "acceptedDate": "1990-12-30 19:00:00", "calendarYear": "1990", "period": "FY", "revenue": 2012700000, "costOfRevenue": 1509000000, "grossProfit": 503700000, "grossProfitRatio": 0.2502608436, "researchAndDevelopmentExpenses": 0, "generalAndAdministrativeExpenses": 0, "sellingAndMarketingExpenses": 0, "sellingGeneralAndAdministrativeExpenses": 154000000, "otherExpenses": 213500000, "operatingExpenses": 367500000, "costAndExpenses": 1876500000, "interestIncome": 0, "interestExpense": 0, "depreciationAndAmortization": 213500000, "ebitda": 223400000, "ebitdaratio": 0.1109951806, "operatingIncome": 136200000, "operatingIncomeRatio": 0.0676702936, "totalOtherIncomeExpensesNet": 126300000, "incomeBeforeTax": 213900000, "incomeBeforeTaxRatio": 0.1062751528, "incomeTaxExpense": 112000000, "netIncome": 101900000, "netIncomeRatio": 0.050628509, "eps": 0.75, "epsdiluted": 0.75, "weightedAverageShsOut": 135866667, "weightedAverageShsOutDil": 135866667, "link": "", "finalLink": "", "calculatedOtherExpenses": 213500000, "calculatedOperatingExpenses": 367500000, "calculatedNetInterest": 0, "calculatedOtherIncome": 77700000, "calculatedIncomeNonControlling": 0, "calculatedEbitda": 349700000}, {"date": "1989-12-31", "symbol": "MUR", "reportedCurrency": "USD", "cik": "0000717423", "fillingDate": "1989-12-31", "acceptedDate": "1989-12-30 19:00:00", "calendarYear": "1989", "period": "FY", "revenue": 1652600000, "costOfRevenue": 1164000000, "grossProfit": 488600000, "grossProfitRatio": 0.295655331, "researchAndDevelopmentExpenses": 0, "generalAndAdministrativeExpenses": 0, "sellingAndMarketingExpenses": 0, "sellingGeneralAndAdministrativeExpenses": 133800000, "otherExpenses": 219300000, "operatingExpenses": 353100000, "costAndExpenses": 1517100000, "interestIncome": 0, "interestExpense": 0, "depreciationAndAmortization": 219300000, "ebitda": 323700000, "ebitdaratio": 0.1958731696, "operatingIncome": 135500000, "operatingIncomeRatio": 0.0819920126, "totalOtherIncomeExpensesNet": 31100000, "incomeBeforeTax": 127600000, "incomeBeforeTaxRatio": 0.0772116665, "incomeTaxExpense": 81000000, "netIncome": 46600000, "netIncomeRatio": 0.028197991, "eps": 0.34, "epsdiluted": 0.34, "weightedAverageShsOut": 136058394, "weightedAverageShsOutDil": 136058394, "link": "", "finalLink": "", "calculatedOtherExpenses": 219300000, "calculatedOperatingExpenses": 353100000, "calculatedNetInterest": 0, "calculatedOtherIncome": -7900000, "calculatedIncomeNonControlling": 0, "calculatedEbitda": 354800000}, {"date": "1988-12-31", "symbol": "MUR", "reportedCurrency": "USD", "cik": "0000717423", "fillingDate": "1988-12-31", "acceptedDate": "1988-12-30 19:00:00", "calendarYear": "1988", "period": "FY", "revenue": 1473600000, "costOfRevenue": 1042200000, "grossProfit": 431400000, "grossProfitRatio": 0.292752443, "researchAndDevelopmentExpenses": 0, "generalAndAdministrativeExpenses": 0, "sellingAndMarketingExpenses": 0, "sellingGeneralAndAdministrativeExpenses": 138600000, "otherExpenses": 260100000, "operatingExpenses": 398700000, "costAndExpenses": 1440900000, "interestIncome": 0, "interestExpense": 0, "depreciationAndAmortization": 212800000, "ebitda": 194300000, "ebitdaratio": 0.1318539631, "operatingIncome": 32700000, "operatingIncomeRatio": 0.0221905537, "totalOtherIncomeExpensesNet": 51200000, "incomeBeforeTax": 61000000, "incomeBeforeTaxRatio": 0.0413952226, "incomeTaxExpense": 22200000, "netIncome": 38800000, "netIncomeRatio": 0.026330076, "eps": 0.28, "epsdiluted": 0.28, "weightedAverageShsOut": 136140351, "weightedAverageShsOutDil": 136140351, "link": "", "finalLink": "", "calculatedOtherExpenses": 260100000, "calculatedOperatingExpenses": 398700000, "calculatedNetInterest": 0, "calculatedOtherIncome": 28300000, "calculatedIncomeNonControlling": 0, "calculatedEbitda": 245500000}, {"date": "1987-12-31", "symbol": "MUR", "reportedCurrency": "USD", "cik": "0000717423", "fillingDate": "1987-12-31", "acceptedDate": "1987-12-30 19:00:00", "calendarYear": "1987", "period": "FY", "revenue": 1474000000, "costOfRevenue": 1129700000, "grossProfit": 344300000, "grossProfitRatio": 0.2335820896, "researchAndDevelopmentExpenses": 0, "generalAndAdministrativeExpenses": 0, "sellingAndMarketingExpenses": 0, "sellingGeneralAndAdministrativeExpenses": 74800000, "otherExpenses": 267900000, "operatingExpenses": 342700000, "costAndExpenses": 1472400000, "interestIncome": 0, "interestExpense": 0, "depreciationAndAmortization": 205800000, "ebitda": 264000000, "ebitdaratio": 0.1791044776, "operatingIncome": 1600000, "operatingIncomeRatio": 0.0010854817, "totalOtherIncomeExpensesNet": -56600000, "incomeBeforeTax": -32700000, "incomeBeforeTaxRatio": -0.0221845319, "incomeTaxExpense": 10900000, "netIncome": -43600000, "netIncomeRatio": -0.0295793758, "eps": -0.32, "epsdiluted": -0.32, "weightedAverageShsOut": 135193798, "weightedAverageShsOutDil": 135193798, "link": "", "finalLink": "", "calculatedOtherExpenses": 267900000, "calculatedOperatingExpenses": 342700000, "calculatedNetInterest": 0, "calculatedOtherIncome": -34300000, "calculatedIncomeNonControlling": 0, "calculatedEbitda": 207400000}, {"date": "1986-12-31", "symbol": "MUR", "reportedCurrency": "USD", "cik": "0000717423", "fillingDate": "1986-12-31", "acceptedDate": "1986-12-30 19:00:00", "calendarYear": "1986", "period": "FY", "revenue": 1310500000, "costOfRevenue": 934200000, "grossProfit": 376300000, "grossProfitRatio": 0.2871423121, "researchAndDevelopmentExpenses": 0, "generalAndAdministrativeExpenses": 0, "sellingAndMarketingExpenses": 0, "sellingGeneralAndAdministrativeExpenses": 84000000, "otherExpenses": 298100000, "operatingExpenses": 382100000, "costAndExpenses": 1316300000, "interestIncome": 0, "interestExpense": 0, "depreciationAndAmortization": 284600000, "ebitda": 609400000, "ebitdaratio": 0.4650133537, "operatingIncome": -5800000, "operatingIncomeRatio": -0.0044257917, "totalOtherIncomeExpensesNet": -330600000, "incomeBeforeTax": -259400000, "incomeBeforeTaxRatio": -0.1979397177, "incomeTaxExpense": -64600000, "netIncome": -194800000, "netIncomeRatio": -0.1486455551, "eps": -1.44, "epsdiluted": -1.44, "weightedAverageShsOut": 135277778, "weightedAverageShsOutDil": 135277778, "link": "", "finalLink": "", "calculatedOtherExpenses": 298100000, "calculatedOperatingExpenses": 382100000, "calculatedNetInterest": 0, "calculatedOtherIncome": -253600000, "calculatedIncomeNonControlling": 0, "calculatedEbitda": 278800000}, {"date": "1985-12-31", "symbol": "MUR", "reportedCurrency": "USD", "cik": "0000717423", "fillingDate": "1985-12-31", "acceptedDate": "1985-12-30 19:00:00", "calendarYear": "1985", "period": "FY", "revenue": 2168600000, "costOfRevenue": 1501000000, "grossProfit": 667600000, "grossProfitRatio": 0.3078483814, "researchAndDevelopmentExpenses": 0, "generalAndAdministrativeExpenses": 0, "sellingAndMarketingExpenses": 0, "sellingGeneralAndAdministrativeExpenses": 87000000, "otherExpenses": 264900000, "operatingExpenses": 351900000, "costAndExpenses": 1852900000, "interestIncome": 0, "interestExpense": 0, "depreciationAndAmortization": 264900000, "ebitda": 555900000, "ebitdaratio": 0.2563404962, "operatingIncome": 315700000, "operatingIncomeRatio": 0.1455777921, "totalOtherIncomeExpensesNet": 24700000, "incomeBeforeTax": 296600000, "incomeBeforeTaxRatio": 0.1367702665, "incomeTaxExpense": 216900000, "netIncome": 79700000, "netIncomeRatio": 0.0367518215, "eps": 0.56, "epsdiluted": 0.56, "weightedAverageShsOut": 141688889, "weightedAverageShsOutDil": 141688889, "link": "", "finalLink": "", "calculatedOtherExpenses": 264900000, "calculatedOperatingExpenses": 351900000, "calculatedNetInterest": 0, "calculatedOtherIncome": -19100000, "calculatedIncomeNonControlling": 0, "calculatedEbitda": 580600000}]}