{"originalCurrency": "USD", "convertedCurrency": "USD", "report": [{"date": "2023-12-31", "symbol": "MUSA", "reportedCurrency": "USD", "cik": "0001573516", "fillingDate": "2024-02-16", "acceptedDate": "2024-02-15 20:12:15", "calendarYear": "2023", "period": "FY", "revenue": 21529400000, "costOfRevenue": 1014800000, "grossProfit": 20514600000, "grossProfitRatio": 0.9528644551, "researchAndDevelopmentExpenses": 0, "generalAndAdministrativeExpenses": 0, "sellingAndMarketingExpenses": 0, "sellingGeneralAndAdministrativeExpenses": 240500000, "otherExpenses": 19447300000, "operatingExpenses": 19687800000, "costAndExpenses": 20702600000, "interestIncome": 6900000, "interestExpense": -98500000, "depreciationAndAmortization": 228700000, "ebitda": 864600000, "ebitdaratio": 0.0401590383, "operatingIncome": 826000000, "operatingIncomeRatio": 0.0383661412, "totalOtherIncomeExpensesNet": -91600000, "incomeBeforeTax": 734400000, "incomeBeforeTaxRatio": 0.034111494, "incomeTaxExpense": 177600000, "netIncome": 556800000, "netIncomeRatio": 0.0258623092, "eps": 25.91, "epsdiluted": 25.49, "weightedAverageShsOut": 21493000, "weightedAverageShsOutDil": 21843000, "link": "https://www.sec.gov/Archives/edgar/data/1573516/000157351624000007/0001573516-24-000007-index.htm", "finalLink": "https://www.sec.gov/Archives/edgar/data/1573516/000157351624000007/musa-20231231.htm", "calculatedOtherExpenses": 19448100000, "calculatedOperatingExpenses": 19688600000, "calculatedNetInterest": 105400000, "calculatedOtherIncome": -197000000, "calculatedIncomeNonControlling": 0, "calculatedEbitda": 1054700000}, {"date": "2022-12-31", "symbol": "MUSA", "reportedCurrency": "USD", "cik": "0001573516", "fillingDate": "2023-02-15", "acceptedDate": "2023-02-15 17:06:13", "calendarYear": "2022", "period": "FY", "revenue": 23446100000, "costOfRevenue": 21046200000, "grossProfit": 2399900000, "grossProfitRatio": 0.1023581747, "researchAndDevelopmentExpenses": 0, "generalAndAdministrativeExpenses": 0, "sellingAndMarketingExpenses": 0, "sellingGeneralAndAdministrativeExpenses": 232500000, "otherExpenses": 1199600000, "operatingExpenses": 1432100000, "costAndExpenses": 22478300000, "interestIncome": 3000000, "interestExpense": 85300000, "depreciationAndAmortization": 217500000, "ebitda": 1185900000, "ebitdaratio": 0.0505798406, "operatingIncome": 968400000, "operatingIncomeRatio": 0.0413032445, "totalOtherIncomeExpensesNet": -84600000, "incomeBeforeTax": 883800000, "incomeBeforeTaxRatio": 0.0376949685, "incomeTaxExpense": 210900000, "netIncome": 672900000, "netIncomeRatio": 0.0286998691, "eps": 28.63, "epsdiluted": 28.1, "weightedAverageShsOut": 23506000, "weightedAverageShsOutDil": 23950000, "link": "https://www.sec.gov/Archives/edgar/data/1573516/000157351623000011/0001573516-23-000011-index.htm", "finalLink": "https://www.sec.gov/Archives/edgar/data/1573516/000157351623000011/musa-20221231.htm", "calculatedOtherExpenses": 1199000000, "calculatedOperatingExpenses": 1431500000, "calculatedNetInterest": -82300000, "calculatedOtherIncome": -2300000, "calculatedIncomeNonControlling": 0, "calculatedEbitda": 1185900000}, {"date": "2021-12-31", "symbol": "MUSA", "reportedCurrency": "USD", "cik": "0001573516", "fillingDate": "2022-02-17", "acceptedDate": "2022-02-17 16:31:09", "calendarYear": "2021", "period": "FY", "revenue": 17360500000, "costOfRevenue": 15511600000, "grossProfit": 1848900000, "grossProfitRatio": 0.1065003888, "researchAndDevelopmentExpenses": 0, "generalAndAdministrativeExpenses": 0, "sellingAndMarketingExpenses": 0, "sellingGeneralAndAdministrativeExpenses": 193600000, "otherExpenses": 1042400000, "operatingExpenses": 1236000000, "costAndExpenses": 16747600000, "interestIncome": 100000, "interestExpense": 82400000, "depreciationAndAmortization": 221800000, "ebitda": 825800000, "ebitdaratio": 0.0475677544, "operatingIncome": 604000000, "operatingIncomeRatio": 0.0347916247, "totalOtherIncomeExpensesNet": -82100000, "incomeBeforeTax": 521900000, "incomeBeforeTaxRatio": 0.0300624982, "incomeTaxExpense": 125000000, "netIncome": 396900000, "netIncomeRatio": 0.0228622448, "eps": 15.14, "epsdiluted": 14.92, "weightedAverageShsOut": 26210000, "weightedAverageShsOutDil": 26604000, "link": "https://www.sec.gov/Archives/edgar/data/1573516/000157351622000006/0001573516-22-000006-index.htm", "finalLink": "https://www.sec.gov/Archives/edgar/data/1573516/000157351622000006/musa-20211231.htm", "calculatedOtherExpenses": 1051300000, "calculatedOperatingExpenses": 1244900000, "calculatedNetInterest": -82300000, "calculatedOtherIncome": 200000, "calculatedIncomeNonControlling": 0, "calculatedEbitda": 825800000}, {"date": "2020-12-31", "symbol": "MUSA", "reportedCurrency": "USD", "cik": "0001573516", "fillingDate": "2021-02-19", "acceptedDate": "2021-02-19 16:30:57", "calendarYear": "2020", "period": "FY", "revenue": 11264300000, "costOfRevenue": 9821400000, "grossProfit": 1442900000, "grossProfitRatio": 0.1280949549, "researchAndDevelopmentExpenses": 0, "generalAndAdministrativeExpenses": 0, "sellingAndMarketingExpenses": 0, "sellingGeneralAndAdministrativeExpenses": 171100000, "otherExpenses": 712400000, "operatingExpenses": 883500000, "costAndExpenses": 10704900000, "interestIncome": 1000000, "interestExpense": 51200000, "depreciationAndAmortization": 162700000, "ebitda": 721700000, "ebitdaratio": 0.0640696714, "operatingIncome": 559000000, "operatingIncomeRatio": 0.049625809, "totalOtherIncomeExpensesNet": -49900000, "incomeBeforeTax": 509100000, "incomeBeforeTaxRatio": 0.0451958843, "incomeTaxExpense": 123000000, "netIncome": 386100000, "netIncomeRatio": 0.0342764308, "eps": 13.25, "epsdiluted": 13.08, "weightedAverageShsOut": 29132000, "weightedAverageShsOutDil": 29526000, "link": "https://www.sec.gov/Archives/edgar/data/1573516/000157351621000017/0001573516-21-000017-index.htm", "finalLink": "https://www.sec.gov/Archives/edgar/data/1573516/000157351621000017/musa-20201231.htm", "calculatedOtherExpenses": 712800000, "calculatedOperatingExpenses": 883900000, "calculatedNetInterest": -50200000, "calculatedOtherIncome": 300000, "calculatedIncomeNonControlling": 0, "calculatedEbitda": 721700000}, {"date": "2019-12-31", "symbol": "MUSA", "reportedCurrency": "USD", "cik": "0001573516", "fillingDate": "2020-02-18", "acceptedDate": "2020-02-18 16:37:29", "calendarYear": "2019", "period": "FY", "revenue": 14034600000, "costOfRevenue": 12908100000, "grossProfit": 1126500000, "grossProfitRatio": 0.0802659142, "researchAndDevelopmentExpenses": 0, "generalAndAdministrativeExpenses": 0, "sellingAndMarketingExpenses": 0, "sellingGeneralAndAdministrativeExpenses": 144600000, "otherExpenses": 713600000, "operatingExpenses": 858200000, "costAndExpenses": 13766300000, "interestIncome": 3200000, "interestExpense": 54900000, "depreciationAndAmortization": 155700000, "ebitda": 424200000, "ebitdaratio": 0.0302253003, "operatingIncome": 268500000, "operatingIncomeRatio": 0.0191312898, "totalOtherIncomeExpensesNet": -66100000, "incomeBeforeTax": 202400000, "incomeBeforeTaxRatio": 0.0144215011, "incomeTaxExpense": 47600000, "netIncome": 154800000, "netIncomeRatio": 0.0110298833, "eps": 4.9, "epsdiluted": 4.86, "weightedAverageShsOut": 31594000, "weightedAverageShsOutDil": 31858000, "link": "https://www.sec.gov/Archives/edgar/data/1573516/000157351620000007/0001573516-20-000007-index.htm", "finalLink": "https://www.sec.gov/Archives/edgar/data/1573516/000157351620000007/musa1231201910-kdoc.htm", "calculatedOtherExpenses": 713400000, "calculatedOperatingExpenses": 858000000, "calculatedNetInterest": -51700000, "calculatedOtherIncome": -14400000, "calculatedIncomeNonControlling": 0, "calculatedEbitda": 424200000}, {"date": "2018-12-31", "symbol": "MUSA", "reportedCurrency": "USD", "cik": "0001573516", "fillingDate": "2019-02-19", "acceptedDate": "2019-02-19 16:40:06", "calendarYear": "2018", "period": "FY", "revenue": 14362900000, "costOfRevenue": 13273600000, "grossProfit": 1089300000, "grossProfitRatio": 0.0758412298, "researchAndDevelopmentExpenses": 0, "generalAndAdministrativeExpenses": 136200000, "sellingAndMarketingExpenses": 0, "sellingGeneralAndAdministrativeExpenses": 136200000, "otherExpenses": 50600000, "operatingExpenses": 813500000, "costAndExpenses": 14087100000, "interestIncome": 1500000, "interestExpense": 52900000, "depreciationAndAmortization": 134000000, "ebitda": 461900000, "ebitdaratio": 0.0321592436, "operatingIncome": 325100000, "operatingIncomeRatio": 0.0226347047, "totalOtherIncomeExpensesNet": 49500000, "incomeBeforeTax": 273900000, "incomeBeforeTaxRatio": 0.019069965, "incomeTaxExpense": 60300000, "netIncome": 213600000, "netIncomeRatio": 0.0148716485, "eps": 6.54, "epsdiluted": 6.48, "weightedAverageShsOut": 32674000, "weightedAverageShsOutDil": 32983000, "link": "https://www.sec.gov/Archives/edgar/data/1573516/000157351619000012/0001573516-19-000012-index.htm", "finalLink": "https://www.sec.gov/Archives/edgar/data/1573516/000157351619000012/musa_12312018x10-kxdoc.htm", "calculatedOtherExpenses": 628000000, "calculatedOperatingExpenses": 764200000, "calculatedNetInterest": -51400000, "calculatedOtherIncome": 200000, "calculatedIncomeNonControlling": 0, "calculatedEbitda": 459100000}, {"date": "2017-12-31", "symbol": "MUSA", "reportedCurrency": "USD", "cik": "0001573516", "fillingDate": "2018-02-20", "acceptedDate": "2018-02-20 16:47:09", "calendarYear": "2017", "period": "FY", "revenue": 12826553000, "costOfRevenue": 11764615000, "grossProfit": 1061938000, "grossProfitRatio": 0.0827921578, "researchAndDevelopmentExpenses": 0, "generalAndAdministrativeExpenses": 141171000, "sellingAndMarketingExpenses": 0, "sellingGeneralAndAdministrativeExpenses": 141171000, "otherExpenses": 2180000, "operatingExpenses": 774795000, "costAndExpenses": 12539410000, "interestIncome": 1309000, "interestExpense": 46660000, "depreciationAndAmortization": 116966000, "ebitda": 407598000, "ebitdaratio": 0.0317776725, "operatingIncome": 283193000, "operatingIncomeRatio": 0.022078652, "totalOtherIncomeExpensesNet": -1770000, "incomeBeforeTax": 240022000, "incomeBeforeTaxRatio": 0.0187128997, "incomeTaxExpense": -5242000, "netIncome": 245264000, "netIncomeRatio": 0.0191215832, "eps": 6.85, "epsdiluted": 6.78, "weightedAverageShsOut": 35816000, "weightedAverageShsOutDil": 36156000, "link": "https://www.sec.gov/Archives/edgar/data/1573516/000157351618000010/0001573516-18-000010-index.htm", "finalLink": "https://www.sec.gov/Archives/edgar/data/1573516/000157351618000010/musa_12312017x10-kxdoc.htm", "calculatedOtherExpenses": 637574000, "calculatedOperatingExpenses": 778745000, "calculatedNetInterest": -45351000, "calculatedOtherIncome": 2180000, "calculatedIncomeNonControlling": 0, "calculatedEbitda": 400159000}, {"date": "2016-12-31", "symbol": "MUSA", "reportedCurrency": "USD", "cik": "0001573516", "fillingDate": "2017-02-22", "acceptedDate": "2017-02-22 08:53:21", "calendarYear": "2016", "period": "FY", "revenue": 11594553000, "costOfRevenue": 10578439000, "grossProfit": 1016114000, "grossProfitRatio": 0.0876371862, "researchAndDevelopmentExpenses": 0, "generalAndAdministrativeExpenses": 122669000, "sellingAndMarketingExpenses": 0, "sellingGeneralAndAdministrativeExpenses": 122669000, "otherExpenses": 3080000, "operatingExpenses": 716249000, "costAndExpenses": 11294688000, "interestIncome": 578000, "interestExpense": 39704000, "depreciationAndAmortization": 98610000, "ebitda": 402133000, "ebitdaratio": 0.034682924, "operatingIncome": 299865000, "operatingIncomeRatio": 0.0258625753, "totalOtherIncomeExpensesNet": 91292000, "incomeBeforeTax": 352031000, "incomeBeforeTaxRatio": 0.0303617569, "incomeTaxExpense": 130539000, "netIncome": 221492000, "netIncomeRatio": 0.0191031082, "eps": 5.64, "epsdiluted": 5.59, "weightedAverageShsOut": 39269000, "weightedAverageShsOutDil": 39646000, "link": "https://www.sec.gov/Archives/edgar/data/1573516/000157351617000006/0001573516-17-000006-index.htm", "finalLink": "https://www.sec.gov/Archives/edgar/data/1573516/000157351617000006/musa_12312016x10-kxdoc.htm", "calculatedOtherExpenses": 593580000, "calculatedOperatingExpenses": 716249000, "calculatedNetInterest": -39126000, "calculatedOtherIncome": 91292000, "calculatedIncomeNonControlling": 0, "calculatedEbitda": 398475000}, {"date": "2015-12-31", "symbol": "MUSA", "reportedCurrency": "USD", "cik": "0001573516", "fillingDate": "2016-02-26", "acceptedDate": "2016-02-26 06:58:13", "calendarYear": "2015", "period": "FY", "revenue": 12699411000, "costOfRevenue": 11740898000, "grossProfit": 958513000, "grossProfitRatio": 0.075476965, "researchAndDevelopmentExpenses": 0, "generalAndAdministrativeExpenses": 129277000, "sellingAndMarketingExpenses": 0, "sellingGeneralAndAdministrativeExpenses": 129277000, "otherExpenses": -463000, "operatingExpenses": 703749000, "costAndExpenses": 12444647000, "interestIncome": 2177000, "interestExpense": 33531000, "depreciationAndAmortization": 86568000, "ebitda": 343046000, "ebitdaratio": 0.0270127489, "operatingIncome": 254764000, "operatingIncomeRatio": 0.0200610879, "totalOtherIncomeExpensesNet": -5121000, "incomeBeforeTax": 218289000, "incomeBeforeTaxRatio": 0.0171889074, "incomeTaxExpense": 80698000, "netIncome": 176340000, "netIncomeRatio": 0.0138856834, "eps": 4.06, "epsdiluted": 4.02, "weightedAverageShsOut": 43434000, "weightedAverageShsOutDil": 43794000, "link": "https://www.sec.gov/Archives/edgar/data/1573516/000157351616000051/0001573516-16-000051-index.htm", "finalLink": "https://www.sec.gov/Archives/edgar/data/1573516/000157351616000051/musa_12312015x10-kxdoc.htm", "calculatedOtherExpenses": 574472000, "calculatedOperatingExpenses": 703749000, "calculatedNetInterest": -31354000, "calculatedOtherIncome": -5121000, "calculatedIncomeNonControlling": -38749000, "calculatedEbitda": 341332000}, {"date": "2014-12-31", "symbol": "MUSA", "reportedCurrency": "USD", "cik": "0001573516", "fillingDate": "2015-02-27", "acceptedDate": "2015-02-27 09:49:34", "calendarYear": "2014", "period": "FY", "revenue": 16986014000, "costOfRevenue": 15934311000, "grossProfit": 1051703000, "grossProfitRatio": 0.0619158209, "researchAndDevelopmentExpenses": 0, "generalAndAdministrativeExpenses": 120901000, "sellingAndMarketingExpenses": -1635000, "sellingGeneralAndAdministrativeExpenses": 119266000, "otherExpenses": 10166000, "operatingExpenses": 686315000, "costAndExpenses": 16620626000, "interestIncome": 244000, "interestExpense": 36646000, "depreciationAndAmortization": 79087000, "ebitda": 454885000, "ebitdaratio": 0.0267799732, "operatingIncome": 365388000, "operatingIncomeRatio": 0.0215111091, "totalOtherIncomeExpensesNet": 10360000, "incomeBeforeTax": 339346000, "incomeBeforeTaxRatio": 0.0199779654, "incomeTaxExpense": 116386000, "netIncome": 243863000, "netIncomeRatio": 0.0143566937, "eps": 5.29, "epsdiluted": 5.26, "weightedAverageShsOut": 46104000, "weightedAverageShsOutDil": 46417000, "link": "https://www.sec.gov/Archives/edgar/data/1573516/000157351615000008/0001573516-15-000008-index.htm", "finalLink": "https://www.sec.gov/Archives/edgar/data/1573516/000157351615000008/musa-20141231x10k.htm", "calculatedOtherExpenses": 567049000, "calculatedOperatingExpenses": 686315000, "calculatedNetInterest": -36402000, "calculatedOtherIncome": 10360000, "calculatedIncomeNonControlling": -20903000, "calculatedEbitda": 444475000}, {"date": "2013-12-31", "symbol": "MUSA", "reportedCurrency": "USD", "cik": "0001573516", "fillingDate": "2014-02-28", "acceptedDate": "2014-02-28 12:15:47", "calendarYear": "2013", "period": "FY", "revenue": 18083335000, "costOfRevenue": 17116484000, "grossProfit": 966851000, "grossProfitRatio": 0.0534664098, "researchAndDevelopmentExpenses": 0, "generalAndAdministrativeExpenses": 132999000, "sellingAndMarketingExpenses": 0, "sellingGeneralAndAdministrativeExpenses": 132999000, "otherExpenses": 169000, "operatingExpenses": 701928000, "costAndExpenses": 17818412000, "interestIncome": 1099000, "interestExpense": 14509000, "depreciationAndAmortization": 74130000, "ebitda": 340321000, "ebitdaratio": 0.0188195927, "operatingIncome": 264923000, "operatingIncomeRatio": 0.0146501185, "totalOtherIncomeExpensesNet": 6164000, "incomeBeforeTax": 257677000, "incomeBeforeTaxRatio": 0.014249418, "incomeTaxExpense": 101351000, "netIncome": 235033000, "netIncomeRatio": 0.0129972154, "eps": 5.03, "epsdiluted": 5.02, "weightedAverageShsOut": 46743000, "weightedAverageShsOutDil": 46858000, "link": "https://www.sec.gov/Archives/edgar/data/1573516/000157351614000005/0001573516-14-000005-index.htm", "finalLink": "https://www.sec.gov/Archives/edgar/data/1573516/000157351614000005/musa-20131231x10k.htm", "calculatedOtherExpenses": 568929000, "calculatedOperatingExpenses": 701928000, "calculatedNetInterest": -13410000, "calculatedOtherIncome": 6164000, "calculatedIncomeNonControlling": -78707000, "calculatedEbitda": 339053000}, {"date": "2012-12-31", "symbol": "MUSA", "reportedCurrency": "USD", "cik": "0001573516", "fillingDate": "2012-12-31", "acceptedDate": "2012-12-30 19:00:00", "calendarYear": "2012", "period": "FY", "revenue": 19655436000, "costOfRevenue": 18726832000, "grossProfit": 928604000, "grossProfitRatio": 0.0472441313, "researchAndDevelopmentExpenses": 0, "generalAndAdministrativeExpenses": 0, "sellingAndMarketingExpenses": 0, "sellingGeneralAndAdministrativeExpenses": 116603000, "otherExpenses": 92000, "operatingExpenses": 720630000, "costAndExpenses": 19447462000, "interestIncome": 172000, "interestExpense": 505000, "depreciationAndAmortization": 76622000, "ebitda": 284860000, "ebitdaratio": 0.0144926828, "operatingIncome": 146986000, "operatingIncomeRatio": 0.0074781348, "totalOtherIncomeExpensesNet": -61901000, "incomeBeforeTax": 145740000, "incomeBeforeTaxRatio": 0.0074147427, "incomeTaxExpense": 62172000, "netIncome": 83568000, "netIncomeRatio": 0.0042516482, "eps": 1.79, "epsdiluted": 1.78, "weightedAverageShsOut": 46722000, "weightedAverageShsOutDil": 46959000, "link": "", "finalLink": "", "calculatedOtherExpenses": 665015000, "calculatedOperatingExpenses": 781618000, "calculatedNetInterest": -333000, "calculatedOtherIncome": -913000, "calculatedIncomeNonControlling": 0, "calculatedEbitda": 223608000}, {"date": "2011-12-31", "symbol": "MUSA", "reportedCurrency": "USD", "cik": "0001573516", "fillingDate": "2011-12-31", "acceptedDate": "2011-12-30 19:00:00", "calendarYear": "2011", "period": "FY", "revenue": 18919216000, "costOfRevenue": 17987670000, "grossProfit": 931546000, "grossProfitRatio": 0.0492380868, "researchAndDevelopmentExpenses": 0, "generalAndAdministrativeExpenses": 0, "sellingAndMarketingExpenses": 0, "sellingGeneralAndAdministrativeExpenses": 93133000, "otherExpenses": 311000, "operatingExpenses": 620305000, "costAndExpenses": 18607975000, "interestIncome": 32000, "interestExpense": 408000, "depreciationAndAmortization": 64879000, "ebitda": 376463000, "ebitdaratio": 0.0198984461, "operatingIncome": 311241000, "operatingIncomeRatio": 0.0164510517, "totalOtherIncomeExpensesNet": -52000, "incomeBeforeTax": 310813000, "incomeBeforeTaxRatio": 0.0164284292, "incomeTaxExpense": 122960000, "netIncome": 324020000, "netIncomeRatio": 0.0171265025, "eps": 6.93, "epsdiluted": 6.93, "weightedAverageShsOut": 46743000, "weightedAverageShsOutDil": 46743000, "link": "", "finalLink": "", "calculatedOtherExpenses": 527172000, "calculatedOperatingExpenses": 620305000, "calculatedNetInterest": -376000, "calculatedOtherIncome": -52000, "calculatedIncomeNonControlling": -136167000, "calculatedEbitda": 376120000}, {"date": "2010-12-31", "symbol": "MUSA", "reportedCurrency": "USD", "cik": "0001573516", "fillingDate": "2010-12-31", "acceptedDate": "2010-12-30 19:00:00", "calendarYear": "2010", "period": "FY", "revenue": 15592117000, "costOfRevenue": 14771158000, "grossProfit": 820959000, "grossProfitRatio": 0.0526521832, "researchAndDevelopmentExpenses": 0, "generalAndAdministrativeExpenses": 0, "sellingAndMarketingExpenses": 0, "sellingGeneralAndAdministrativeExpenses": 87927000, "otherExpenses": 207000, "operatingExpenses": 589728000, "costAndExpenses": 15360886000, "interestIncome": 110000, "interestExpense": 3835000, "depreciationAndAmortization": 60698000, "ebitda": 292246000, "ebitdaratio": 0.0187431893, "operatingIncome": 231231000, "operatingIncomeRatio": 0.0148299939, "totalOtherIncomeExpensesNet": 260000, "incomeBeforeTax": 227766000, "incomeBeforeTaxRatio": 0.0146077662, "incomeTaxExpense": 85029000, "netIncome": 157441000, "netIncomeRatio": 0.0100974743, "eps": 3.37, "epsdiluted": 3.35, "weightedAverageShsOut": 46722000, "weightedAverageShsOutDil": 46959000, "link": "", "finalLink": "", "calculatedOtherExpenses": 501801000, "calculatedOperatingExpenses": 589728000, "calculatedNetInterest": -3725000, "calculatedOtherIncome": 260000, "calculatedIncomeNonControlling": -14704000, "calculatedEbitda": 291929000}]}