{"originalCurrency": "USD", "convertedCurrency": "USD", "report": [{"date": "2023-09-30", "symbol": "MWA", "reportedCurrency": "USD", "cik": "0001350593", "fillingDate": "2023-12-14", "acceptedDate": "2023-12-14 14:39:26", "calendarYear": "2023", "period": "FY", "revenue": 1275700000, "costOfRevenue": 896200000, "grossProfit": 379500000, "grossProfitRatio": 0.2974837344, "researchAndDevelopmentExpenses": 25900000, "generalAndAdministrativeExpenses": 237200000, "sellingAndMarketingExpenses": 4700000, "sellingGeneralAndAdministrativeExpenses": 241900000, "otherExpenses": -3700000, "operatingExpenses": 241900000, "costAndExpenses": 1138100000, "interestIncome": 3700000, "interestExpense": 14700000, "depreciationAndAmortization": 62500000, "ebitda": 196400000, "ebitdaratio": 0.1539546915, "operatingIncome": 127400000, "operatingIncomeRatio": 0.0998667398, "totalOtherIncomeExpensesNet": -13900000, "incomeBeforeTax": 109000000, "incomeBeforeTaxRatio": 0.085443286, "incomeTaxExpense": 23500000, "netIncome": 85500000, "netIncomeRatio": 0.0670220271, "eps": 0.55, "epsdiluted": 0.55, "weightedAverageShsOut": 156300000, "weightedAverageShsOutDil": 156800000, "link": "https://www.sec.gov/Archives/edgar/data/1350593/000135059323000060/0001350593-23-000060-index.htm", "finalLink": "https://www.sec.gov/Archives/edgar/data/1350593/000135059323000060/mwa-20230930.htm", "calculatedOtherExpenses": -15700000, "calculatedOperatingExpenses": 252100000, "calculatedNetInterest": -11000000, "calculatedOtherIncome": -7400000, "calculatedIncomeNonControlling": 0, "calculatedEbitda": 189900000}, {"date": "2022-09-30", "symbol": "MWA", "reportedCurrency": "USD", "cik": "0001350593", "fillingDate": "2022-11-18", "acceptedDate": "2022-11-18 17:17:45", "calendarYear": "2022", "period": "FY", "revenue": 1247400000, "costOfRevenue": 883100000, "grossProfit": 364300000, "grossProfitRatio": 0.2920474587, "researchAndDevelopmentExpenses": 24500000, "generalAndAdministrativeExpenses": 233200000, "sellingAndMarketingExpenses": 5500000, "sellingGeneralAndAdministrativeExpenses": 238700000, "otherExpenses": 3900000, "operatingExpenses": 238700000, "costAndExpenses": 1121800000, "interestIncome": 700000, "interestExpense": 16900000, "depreciationAndAmortization": 78400000, "ebitda": 190000000, "ebitdaratio": 0.152316819, "operatingIncome": 111600000, "operatingIncomeRatio": 0.0894660895, "totalOtherIncomeExpensesNet": -13000000, "incomeBeforeTax": 98600000, "incomeBeforeTaxRatio": 0.0790444124, "incomeTaxExpense": 22000000, "netIncome": 76600000, "netIncomeRatio": 0.0614077281, "eps": 0.49, "epsdiluted": 0.48, "weightedAverageShsOut": 157400000, "weightedAverageShsOutDil": 158000000, "link": "https://www.sec.gov/Archives/edgar/data/1350593/000135059322000061/0001350593-22-000061-index.htm", "finalLink": "https://www.sec.gov/Archives/edgar/data/1350593/000135059322000061/mwa-20220930.htm", "calculatedOtherExpenses": -10500000, "calculatedOperatingExpenses": 252700000, "calculatedNetInterest": -16200000, "calculatedOtherIncome": 3200000, "calculatedIncomeNonControlling": 0, "calculatedEbitda": 190000000}, {"date": "2021-09-30", "symbol": "MWA", "reportedCurrency": "USD", "cik": "0001350593", "fillingDate": "2021-11-19", "acceptedDate": "2021-11-18 21:08:06", "calendarYear": "2021", "period": "FY", "revenue": 1111000000, "costOfRevenue": 752500000, "grossProfit": 358500000, "grossProfitRatio": 0.3226822682, "researchAndDevelopmentExpenses": 17100000, "generalAndAdministrativeExpenses": 215600000, "sellingAndMarketingExpenses": 3200000, "sellingGeneralAndAdministrativeExpenses": 218800000, "otherExpenses": 3300000, "operatingExpenses": 218800000, "costAndExpenses": 971300000, "interestIncome": 400000, "interestExpense": 23400000, "depreciationAndAmortization": 70900000, "ebitda": 202600000, "ebitdaratio": 0.1823582358, "operatingIncome": 131700000, "operatingIncomeRatio": 0.1185418542, "totalOtherIncomeExpensesNet": -36800000, "incomeBeforeTax": 94900000, "incomeBeforeTaxRatio": 0.0854185419, "incomeTaxExpense": 24500000, "netIncome": 70400000, "netIncomeRatio": 0.0633663366, "eps": 0.44, "epsdiluted": 0.44, "weightedAverageShsOut": 158400000, "weightedAverageShsOutDil": 159200000, "link": "https://www.sec.gov/Archives/edgar/data/1350593/000135059321000061/0001350593-21-000061-index.htm", "finalLink": "https://www.sec.gov/Archives/edgar/data/1350593/000135059321000061/mwa-20210930.htm", "calculatedOtherExpenses": -9100000, "calculatedOperatingExpenses": 226800000, "calculatedNetInterest": -23000000, "calculatedOtherIncome": -13800000, "calculatedIncomeNonControlling": 0, "calculatedEbitda": 202600000}, {"date": "2020-09-30", "symbol": "MWA", "reportedCurrency": "USD", "cik": "0001350593", "fillingDate": "2020-11-19", "acceptedDate": "2020-11-18 17:35:13", "calendarYear": "2020", "period": "FY", "revenue": 964100000, "costOfRevenue": 635900000, "grossProfit": 328200000, "grossProfitRatio": 0.3404211181, "researchAndDevelopmentExpenses": 15000000, "generalAndAdministrativeExpenses": 195100000, "sellingAndMarketingExpenses": 3300000, "sellingGeneralAndAdministrativeExpenses": 198400000, "otherExpenses": 2800000, "operatingExpenses": 198400000, "costAndExpenses": 834300000, "interestIncome": 1100000, "interestExpense": 25500000, "depreciationAndAmortization": 73600000, "ebitda": 190400000, "ebitdaratio": 0.1974898869, "operatingIncome": 116800000, "operatingIncomeRatio": 0.1211492584, "totalOtherIncomeExpensesNet": -22700000, "incomeBeforeTax": 94100000, "incomeBeforeTaxRatio": 0.097603983, "incomeTaxExpense": 22100000, "netIncome": 72000000, "netIncomeRatio": 0.0746810497, "eps": 0.46, "epsdiluted": 0.45, "weightedAverageShsOut": 157800000, "weightedAverageShsOutDil": 158600000, "link": "https://www.sec.gov/Archives/edgar/data/1350593/000135059320000066/0001350593-20-000066-index.htm", "finalLink": "https://www.sec.gov/Archives/edgar/data/1350593/000135059320000066/mwa-20200930.htm", "calculatedOtherExpenses": -2000000, "calculatedOperatingExpenses": 211400000, "calculatedNetInterest": -24400000, "calculatedOtherIncome": 1700000, "calculatedIncomeNonControlling": 0, "calculatedEbitda": 190400000}, {"date": "2019-09-30", "symbol": "MWA", "reportedCurrency": "USD", "cik": "0001350593", "fillingDate": "2019-11-20", "acceptedDate": "2019-11-19 18:07:09", "calendarYear": "2019", "period": "FY", "revenue": 968000000, "costOfRevenue": 647100000, "grossProfit": 320900000, "grossProfitRatio": 0.3315082645, "researchAndDevelopmentExpenses": 14300000, "generalAndAdministrativeExpenses": 182700000, "sellingAndMarketingExpenses": 7100000, "sellingGeneralAndAdministrativeExpenses": 182700000, "otherExpenses": -22400000, "operatingExpenses": 182700000, "costAndExpenses": 829800000, "interestIncome": 3500000, "interestExpense": 19800000, "depreciationAndAmortization": 44500000, "ebitda": 168800000, "ebitdaratio": 0.1743801653, "operatingIncome": 124300000, "operatingIncomeRatio": 0.1284090909, "totalOtherIncomeExpensesNet": -42200000, "incomeBeforeTax": 82100000, "incomeBeforeTaxRatio": 0.0848140496, "incomeTaxExpense": 18300000, "netIncome": 63800000, "netIncomeRatio": 0.0659090909, "eps": 0.4, "epsdiluted": 0.4, "weightedAverageShsOut": 157800000, "weightedAverageShsOutDil": 159000000, "link": "https://www.sec.gov/Archives/edgar/data/1350593/000135059319000064/0001350593-19-000064-index.htm", "finalLink": "https://www.sec.gov/Archives/edgar/data/1350593/000135059319000064/mwa9302019-10xk.htm", "calculatedOtherExpenses": -400000, "calculatedOperatingExpenses": 196600000, "calculatedNetInterest": -16300000, "calculatedOtherIncome": -25900000, "calculatedIncomeNonControlling": 0, "calculatedEbitda": 168800000}, {"date": "2018-09-30", "symbol": "MWA", "reportedCurrency": "USD", "cik": "0001350593", "fillingDate": "2018-11-21", "acceptedDate": "2018-11-20 21:43:30", "calendarYear": "2018", "period": "FY", "revenue": 916000000, "costOfRevenue": 626100000, "grossProfit": 289900000, "grossProfitRatio": 0.3164847162, "researchAndDevelopmentExpenses": 11600000, "generalAndAdministrativeExpenses": 166700000, "sellingAndMarketingExpenses": 7100000, "sellingGeneralAndAdministrativeExpenses": 166700000, "otherExpenses": -1000000, "operatingExpenses": 166700000, "costAndExpenses": 792800000, "interestIncome": 4400000, "interestExpense": 20900000, "depreciationAndAmortization": 43700000, "ebitda": 165900000, "ebitdaratio": 0.1811135371, "operatingIncome": 121700000, "operatingIncomeRatio": 0.132860262, "totalOtherIncomeExpensesNet": -6600000, "incomeBeforeTax": 95700000, "incomeBeforeTaxRatio": 0.1044759825, "incomeTaxExpense": -9900000, "netIncome": 105600000, "netIncomeRatio": 0.1152838428, "eps": 0.67, "epsdiluted": 0.66, "weightedAverageShsOut": 158200000, "weightedAverageShsOutDil": 159700000, "link": "https://www.sec.gov/Archives/edgar/data/1350593/000135059318000061/0001350593-18-000061-index.htm", "finalLink": "https://www.sec.gov/Archives/edgar/data/1350593/000135059318000061/mwa9302018-10xk.htm", "calculatedOtherExpenses": -10100000, "calculatedOperatingExpenses": 168200000, "calculatedNetInterest": -16500000, "calculatedOtherIncome": -9500000, "calculatedIncomeNonControlling": 0, "calculatedEbitda": 165400000}, {"date": "2017-09-30", "symbol": "MWA", "reportedCurrency": "USD", "cik": "0001350593", "fillingDate": "2017-11-21", "acceptedDate": "2017-11-21 14:07:57", "calendarYear": "2017", "period": "FY", "revenue": 826000000, "costOfRevenue": 558500000, "grossProfit": 267500000, "grossProfitRatio": 0.3238498789, "researchAndDevelopmentExpenses": 12100000, "generalAndAdministrativeExpenses": 156400000, "sellingAndMarketingExpenses": 5200000, "sellingGeneralAndAdministrativeExpenses": 156400000, "otherExpenses": 10400000, "operatingExpenses": 166800000, "costAndExpenses": 725300000, "interestIncome": 2000000, "interestExpense": 22200000, "depreciationAndAmortization": 41900000, "ebitda": 142600000, "ebitdaratio": 0.1726392252, "operatingIncome": 100700000, "operatingIncomeRatio": 0.1219128329, "totalOtherIncomeExpensesNet": -1900000, "incomeBeforeTax": 78500000, "incomeBeforeTaxRatio": 0.0950363196, "incomeTaxExpense": 24200000, "netIncome": 123300000, "netIncomeRatio": 0.1492736077, "eps": 0.77, "epsdiluted": 0.76, "weightedAverageShsOut": 160100000, "weightedAverageShsOutDil": 161800000, "link": "https://www.sec.gov/Archives/edgar/data/1350593/000135059317000062/0001350593-17-000062-index.htm", "finalLink": "https://www.sec.gov/Archives/edgar/data/1350593/000135059317000062/mwa9302017-10xk.htm", "calculatedOtherExpenses": -1700000, "calculatedOperatingExpenses": 166800000, "calculatedNetInterest": -20200000, "calculatedOtherIncome": -2000000, "calculatedIncomeNonControlling": -69000000, "calculatedEbitda": 142600000}, {"date": "2016-09-30", "symbol": "MWA", "reportedCurrency": "USD", "cik": "0001350593", "fillingDate": "2016-11-22", "acceptedDate": "2016-11-22 12:24:19", "calendarYear": "2016", "period": "FY", "revenue": 800600000, "costOfRevenue": 532700000, "grossProfit": 267900000, "grossProfitRatio": 0.334624032, "researchAndDevelopmentExpenses": 9900000, "generalAndAdministrativeExpenses": 151200000, "sellingAndMarketingExpenses": 4000000, "sellingGeneralAndAdministrativeExpenses": 151200000, "otherExpenses": 8300000, "operatingExpenses": 175000000, "costAndExpenses": 707700000, "interestIncome": 400000, "interestExpense": 23600000, "depreciationAndAmortization": 52600000, "ebitda": 92900000, "ebitdaratio": 0.1160379715, "operatingIncome": 92900000, "operatingIncomeRatio": 0.1160379715, "totalOtherIncomeExpensesNet": -23600000, "incomeBeforeTax": 69300000, "incomeBeforeTaxRatio": 0.0865600799, "incomeTaxExpense": 24200000, "netIncome": 63900000, "netIncomeRatio": 0.0798151386, "eps": 0.4, "epsdiluted": 0.39, "weightedAverageShsOut": 161300000, "weightedAverageShsOutDil": 163400000, "link": "https://www.sec.gov/Archives/edgar/data/1350593/000135059316000118/0001350593-16-000118-index.htm", "finalLink": "https://www.sec.gov/Archives/edgar/data/1350593/000135059316000118/mwa9302016-10xk.htm", "calculatedOtherExpenses": 13900000, "calculatedOperatingExpenses": 175000000, "calculatedNetInterest": -23200000, "calculatedOtherIncome": -400000, "calculatedIncomeNonControlling": -18800000, "calculatedEbitda": 145500000}, {"date": "2015-09-30", "symbol": "MWA", "reportedCurrency": "USD", "cik": "0001350593", "fillingDate": "2015-11-24", "acceptedDate": "2015-11-24 11:26:22", "calendarYear": "2015", "period": "FY", "revenue": 1164500000, "costOfRevenue": 817200000, "grossProfit": 347300000, "grossProfitRatio": 0.2982395878, "researchAndDevelopmentExpenses": 13700000, "generalAndAdministrativeExpenses": 216900000, "sellingAndMarketingExpenses": 4000000, "sellingGeneralAndAdministrativeExpenses": 216900000, "otherExpenses": 11600000, "operatingExpenses": 228500000, "costAndExpenses": 1045700000, "interestIncome": 300000, "interestExpense": 27600000, "depreciationAndAmortization": 58100000, "ebitda": 176900000, "ebitdaratio": 0.1519106913, "operatingIncome": 109600000, "operatingIncomeRatio": 0.0941176471, "totalOtherIncomeExpensesNet": -40500000, "incomeBeforeTax": 50700000, "incomeBeforeTaxRatio": 0.0435379991, "incomeTaxExpense": 19800000, "netIncome": 30900000, "netIncomeRatio": 0.0265349936, "eps": 0.19, "epsdiluted": 0.19, "weightedAverageShsOut": 160500000, "weightedAverageShsOutDil": 163200000, "link": "https://www.sec.gov/Archives/edgar/data/1350593/000135059315000049/0001350593-15-000049-index.htm", "finalLink": "https://www.sec.gov/Archives/edgar/data/1350593/000135059315000049/mwa9302015-10xk.htm", "calculatedOtherExpenses": 7100000, "calculatedOperatingExpenses": 237700000, "calculatedNetInterest": -27300000, "calculatedOtherIncome": -31600000, "calculatedIncomeNonControlling": 0, "calculatedEbitda": 167700000}, {"date": "2014-09-30", "symbol": "MWA", "reportedCurrency": "USD", "cik": "0001350593", "fillingDate": "2014-11-26", "acceptedDate": "2014-11-25 18:01:47", "calendarYear": "2014", "period": "FY", "revenue": 1184700000, "costOfRevenue": 836800000, "grossProfit": 347900000, "grossProfitRatio": 0.2936608424, "researchAndDevelopmentExpenses": 15500000, "generalAndAdministrativeExpenses": 220700000, "sellingAndMarketingExpenses": 4700000, "sellingGeneralAndAdministrativeExpenses": 220700000, "otherExpenses": 3100000, "operatingExpenses": 220700000, "costAndExpenses": 1057500000, "interestIncome": 400000, "interestExpense": 49600000, "depreciationAndAmortization": 56700000, "ebitda": 183900000, "ebitdaratio": 0.1552291719, "operatingIncome": 124100000, "operatingIncomeRatio": 0.104752258, "totalOtherIncomeExpensesNet": -4100000, "incomeBeforeTax": 73500000, "incomeBeforeTaxRatio": 0.062041023, "incomeTaxExpense": 18000000, "netIncome": 55500000, "netIncomeRatio": 0.0468473031, "eps": 0.35, "epsdiluted": 0.34, "weightedAverageShsOut": 159200000, "weightedAverageShsOutDil": 162200000, "link": "https://www.sec.gov/Archives/edgar/data/1350593/000135059314000049/0001350593-14-000049-index.htm", "finalLink": "https://www.sec.gov/Archives/edgar/data/1350593/000135059314000049/mwa9302014-10xk1.htm", "calculatedOtherExpenses": -12400000, "calculatedOperatingExpenses": 223800000, "calculatedNetInterest": -49200000, "calculatedOtherIncome": -1400000, "calculatedIncomeNonControlling": 0, "calculatedEbitda": 180800000}, {"date": "2013-09-30", "symbol": "MWA", "reportedCurrency": "USD", "cik": "0001350593", "fillingDate": "2013-11-22", "acceptedDate": "2013-11-22 12:09:17", "calendarYear": "2013", "period": "FY", "revenue": 1120800000, "costOfRevenue": 807600000, "grossProfit": 313200000, "grossProfitRatio": 0.2794432548, "researchAndDevelopmentExpenses": 17100000, "generalAndAdministrativeExpenses": 214400000, "sellingAndMarketingExpenses": 5000000, "sellingGeneralAndAdministrativeExpenses": 214400000, "otherExpenses": 1500000, "operatingExpenses": 214400000, "costAndExpenses": 1022000000, "interestIncome": 300000, "interestExpense": 51700000, "depreciationAndAmortization": 59200000, "ebitda": 158000000, "ebitdaratio": 0.1409707352, "operatingIncome": 97300000, "operatingIncomeRatio": 0.0868129907, "totalOtherIncomeExpensesNet": -2900000, "incomeBeforeTax": 44200000, "incomeBeforeTaxRatio": 0.0394361171, "incomeTaxExpense": 8800000, "netIncome": 40800000, "netIncomeRatio": 0.0364025696, "eps": 0.26, "epsdiluted": 0.25, "weightedAverageShsOut": 157700000, "weightedAverageShsOutDil": 160300000, "link": "https://www.sec.gov/Archives/edgar/data/1350593/000135059313000043/0001350593-13-000043-index.htm", "finalLink": "https://www.sec.gov/Archives/edgar/data/1350593/000135059313000043/mwa9302013-10xk.htm", "calculatedOtherExpenses": -15600000, "calculatedOperatingExpenses": 215900000, "calculatedNetInterest": -51400000, "calculatedOtherIncome": -1700000, "calculatedIncomeNonControlling": -5400000, "calculatedEbitda": 156500000}, {"date": "2012-09-30", "symbol": "MWA", "reportedCurrency": "USD", "cik": "0001350593", "fillingDate": "2012-11-29", "acceptedDate": "2012-11-29 15:49:11", "calendarYear": "2012", "period": "FY", "revenue": 1023900000, "costOfRevenue": 752800000, "grossProfit": 271100000, "grossProfitRatio": 0.2647719504, "researchAndDevelopmentExpenses": 14200000, "generalAndAdministrativeExpenses": 204200000, "sellingAndMarketingExpenses": 4900000, "sellingGeneralAndAdministrativeExpenses": 204200000, "otherExpenses": 2800000, "operatingExpenses": 204200000, "costAndExpenses": 957000000, "interestIncome": 300000, "interestExpense": 60000000, "depreciationAndAmortization": 60600000, "ebitda": 127500000, "ebitdaratio": 0.1245238793, "operatingIncome": 64100000, "operatingIncomeRatio": 0.0626037699, "totalOtherIncomeExpensesNet": -4300000, "incomeBeforeTax": 2600000, "incomeBeforeTaxRatio": 0.0025393105, "incomeTaxExpense": 8200000, "netIncome": -107900000, "netIncomeRatio": -0.1053813849, "eps": -0.69, "epsdiluted": -0.69, "weightedAverageShsOut": 156500000, "weightedAverageShsOutDil": 156500000, "link": "https://www.sec.gov/Archives/edgar/data/1350593/000135059312000058/0001350593-12-000058-index.htm", "finalLink": "https://www.sec.gov/Archives/edgar/data/1350593/000135059312000058/mwa9302012-10xk.htm", "calculatedOtherExpenses": -11400000, "calculatedOperatingExpenses": 207000000, "calculatedNetInterest": -59700000, "calculatedOtherIncome": -1800000, "calculatedIncomeNonControlling": 102300000, "calculatedEbitda": 124700000}, {"date": "2011-09-30", "symbol": "MWA", "reportedCurrency": "USD", "cik": "0001350593", "fillingDate": "2011-11-29", "acceptedDate": "2011-11-29 16:01:40", "calendarYear": "2011", "period": "FY", "revenue": 1339200000, "costOfRevenue": 1102800000, "grossProfit": 236400000, "grossProfitRatio": 0.1765232975, "researchAndDevelopmentExpenses": 0, "generalAndAdministrativeExpenses": 219900000, "sellingAndMarketingExpenses": -1000000, "sellingGeneralAndAdministrativeExpenses": 218900000, "otherExpenses": 7500000, "operatingExpenses": 218900000, "costAndExpenses": 1321700000, "interestIncome": 300000, "interestExpense": 65600000, "depreciationAndAmortization": 81600000, "ebitda": 99100000, "ebitdaratio": 0.0739994026, "operatingIncome": 10000000, "operatingIncomeRatio": 0.0074671446, "totalOtherIncomeExpensesNet": -7500000, "incomeBeforeTax": -55600000, "incomeBeforeTaxRatio": -0.0415173238, "incomeTaxExpense": -19500000, "netIncome": -36100000, "netIncomeRatio": -0.0269563919, "eps": -0.23, "epsdiluted": -0.23, "weightedAverageShsOut": 155300000, "weightedAverageShsOutDil": 155300000, "link": "https://www.sec.gov/Archives/edgar/data/1350593/000135059311000017/0001350593-11-000017-index.htm", "finalLink": "https://www.sec.gov/Archives/edgar/data/1350593/000135059311000017/mwa9302011-10xk.htm", "calculatedOtherExpenses": 7500000, "calculatedOperatingExpenses": 226400000, "calculatedNetInterest": -65300000, "calculatedOtherIncome": -300000, "calculatedIncomeNonControlling": 0, "calculatedEbitda": 91600000}, {"date": "2010-09-30", "symbol": "MWA", "reportedCurrency": "USD", "cik": "0001350593", "fillingDate": "2010-11-24", "acceptedDate": "2010-11-23 18:49:05", "calendarYear": "2010", "period": "FY", "revenue": 1337500000, "costOfRevenue": 1101100000, "grossProfit": 236400000, "grossProfitRatio": 0.1767476636, "researchAndDevelopmentExpenses": 0, "generalAndAdministrativeExpenses": 219300000, "sellingAndMarketingExpenses": 0, "sellingGeneralAndAdministrativeExpenses": 219300000, "otherExpenses": 0, "operatingExpenses": 219300000, "costAndExpenses": 1320400000, "interestIncome": 300000, "interestExpense": 36600000, "depreciationAndAmortization": 84600000, "ebitda": 110200000, "ebitdaratio": 0.0823925234, "operatingIncome": 4000000, "operatingIncomeRatio": 0.0029906542, "totalOtherIncomeExpensesNet": -8500000, "incomeBeforeTax": -68600000, "incomeBeforeTaxRatio": -0.0512897196, "incomeTaxExpense": -23400000, "netIncome": -45200000, "netIncomeRatio": -0.0337943925, "eps": -0.29, "epsdiluted": -0.29, "weightedAverageShsOut": 154300000, "weightedAverageShsOutDil": 154300000, "link": "https://www.sec.gov/Archives/edgar/data/1350593/000119312510267819/0001193125-10-267819-index.htm", "finalLink": "https://www.sec.gov/Archives/edgar/data/1350593/000119312510267819/d10k.htm", "calculatedOtherExpenses": 13100000, "calculatedOperatingExpenses": 232400000, "calculatedNetInterest": -36300000, "calculatedOtherIncome": -36300000, "calculatedIncomeNonControlling": 0, "calculatedEbitda": 88600000}, {"date": "2009-09-30", "symbol": "MWA", "reportedCurrency": "USD", "cik": "0001350593", "fillingDate": "2009-11-24", "acceptedDate": "2009-11-24 17:24:11", "calendarYear": "2009", "period": "FY", "revenue": 1427900000, "costOfRevenue": 1171000000, "grossProfit": 256900000, "grossProfitRatio": 0.1799145598, "researchAndDevelopmentExpenses": 0, "generalAndAdministrativeExpenses": 239100000, "sellingAndMarketingExpenses": 0, "sellingGeneralAndAdministrativeExpenses": 239100000, "otherExpenses": 0, "operatingExpenses": 239100000, "costAndExpenses": 1410100000, "interestIncome": 0, "interestExpense": 78300000, "depreciationAndAmortization": 90200000, "ebitda": 108000000, "ebitdaratio": 0.0756355487, "operatingIncome": -1000900000, "operatingIncomeRatio": -0.7009594509, "totalOtherIncomeExpensesNet": -1022500000, "incomeBeforeTax": -1083000000, "incomeBeforeTaxRatio": -0.7584564745, "incomeTaxExpense": -86300000, "netIncome": -996700000, "netIncomeRatio": -0.6980180685, "eps": -8.55, "epsdiluted": -8.55, "weightedAverageShsOut": 116600000, "weightedAverageShsOutDil": 116600000, "link": "https://www.sec.gov/Archives/edgar/data/1350593/000119312509241519/0001193125-09-241519-index.htm", "finalLink": "https://www.sec.gov/Archives/edgar/data/1350593/000119312509241519/d10k.htm", "calculatedOtherExpenses": 1018700000, "calculatedOperatingExpenses": 1257800000, "calculatedNetInterest": -78300000, "calculatedOtherIncome": -3800000, "calculatedIncomeNonControlling": 0, "calculatedEbitda": -910700000}, {"date": "2008-09-30", "symbol": "MWA", "reportedCurrency": "USD", "cik": "0001350593", "fillingDate": "2008-11-26", "acceptedDate": "2008-11-26 17:26:33", "calendarYear": "2008", "period": "FY", "revenue": 1859300000, "costOfRevenue": 1420300000, "grossProfit": 439000000, "grossProfitRatio": 0.2361103641, "researchAndDevelopmentExpenses": 0, "generalAndAdministrativeExpenses": 274600000, "sellingAndMarketingExpenses": 0, "sellingGeneralAndAdministrativeExpenses": 274600000, "otherExpenses": 0, "operatingExpenses": 274600000, "costAndExpenses": 1694900000, "interestIncome": 0, "interestExpense": 109000000, "depreciationAndAmortization": 93100000, "ebitda": 275800000, "ebitdaratio": 0.148335395, "operatingIncome": 146100000, "operatingIncomeRatio": 0.0785779594, "totalOtherIncomeExpensesNet": -18300000, "incomeBeforeTax": 73700000, "incomeBeforeTaxRatio": 0.0396385737, "incomeTaxExpense": 31700000, "netIncome": 42000000, "netIncomeRatio": 0.0225891465, "eps": 0.36, "epsdiluted": 0.36, "weightedAverageShsOut": 115100000, "weightedAverageShsOutDil": 115500000, "link": "https://www.sec.gov/Archives/edgar/data/1350593/000095014408009023/0000950144-08-009023-index.htm", "finalLink": "https://www.sec.gov/Archives/edgar/data/1350593/000095014408009023/g16755e10vk.htm", "calculatedOtherExpenses": 18300000, "calculatedOperatingExpenses": 292900000, "calculatedNetInterest": -109000000, "calculatedOtherIncome": 36600000, "calculatedIncomeNonControlling": 0, "calculatedEbitda": 239200000}, {"date": "2007-09-30", "symbol": "MWA", "reportedCurrency": "USD", "cik": "0001350593", "fillingDate": "2007-11-28", "acceptedDate": "2007-11-28 17:28:20", "calendarYear": "2007", "period": "FY", "revenue": 1849000000, "costOfRevenue": 1385800000, "grossProfit": 463200000, "grossProfitRatio": 0.2505137912, "researchAndDevelopmentExpenses": 0, "generalAndAdministrativeExpenses": 253200000, "sellingAndMarketingExpenses": 0, "sellingGeneralAndAdministrativeExpenses": 253200000, "otherExpenses": -36500000, "operatingExpenses": 216700000, "costAndExpenses": 1602500000, "interestIncome": 0, "interestExpense": 232800000, "depreciationAndAmortization": 103900000, "ebitda": 423400000, "ebitdaratio": 0.2289886425, "operatingIncome": 210000000, "operatingIncomeRatio": 0.1135749054, "totalOtherIncomeExpensesNet": -73000000, "incomeBeforeTax": 86700000, "incomeBeforeTaxRatio": 0.0468902109, "incomeTaxExpense": 38500000, "netIncome": 48200000, "netIncomeRatio": 0.0260681449, "eps": 0.42, "epsdiluted": 0.42, "weightedAverageShsOut": 114761905, "weightedAverageShsOutDil": 114761905, "link": "https://www.sec.gov/Archives/edgar/data/1350593/000119312507255091/0001193125-07-255091-index.htm", "finalLink": "https://www.sec.gov/Archives/edgar/data/1350593/000119312507255091/d10k.htm", "calculatedOtherExpenses": 0, "calculatedOperatingExpenses": 253200000, "calculatedNetInterest": -232800000, "calculatedOtherIncome": 109500000, "calculatedIncomeNonControlling": 0, "calculatedEbitda": 313900000}, {"date": "2006-09-30", "symbol": "MWA", "reportedCurrency": "USD", "cik": "0001350593", "fillingDate": "2006-12-21", "acceptedDate": "2006-12-21 17:29:18", "calendarYear": "2006", "period": "FY", "revenue": 1933400000, "costOfRevenue": 1525700000, "grossProfit": 407700000, "grossProfitRatio": 0.2108720389, "researchAndDevelopmentExpenses": 0, "generalAndAdministrativeExpenses": 0, "sellingAndMarketingExpenses": 0, "sellingGeneralAndAdministrativeExpenses": 250100000, "otherExpenses": 36600000, "operatingExpenses": 250100000, "costAndExpenses": 1775800000, "interestIncome": 0, "interestExpense": 173100000, "depreciationAndAmortization": 100000000, "ebitda": 286200000, "ebitdaratio": 0.1480293783, "operatingIncome": 129000000, "operatingIncomeRatio": 0.0667218372, "totalOtherIncomeExpensesNet": -28600000, "incomeBeforeTax": 13100000, "incomeBeforeTaxRatio": 0.0067756284, "incomeTaxExpense": 8000000, "netIncome": 5100000, "netIncomeRatio": 0.0026378401, "eps": 0.05, "epsdiluted": 0.05, "weightedAverageShsOut": 102000000, "weightedAverageShsOutDil": 102000000, "link": "https://www.sec.gov/Archives/edgar/data/1350593/000110465906083348/0001104659-06-083348-index.htm", "finalLink": "https://www.sec.gov/Archives/edgar/data/1350593/000110465906083348/a06-25932_110k.htm", "calculatedOtherExpenses": 28600000, "calculatedOperatingExpenses": 278700000, "calculatedNetInterest": -173100000, "calculatedOtherIncome": 57200000, "calculatedIncomeNonControlling": 0, "calculatedEbitda": 229000000}]}