{"originalCurrency": "USD", "convertedCurrency": "USD", "report": [{"date": "2023-12-31", "symbol": "MYRG", "reportedCurrency": "USD", "cik": "0000700923", "fillingDate": "2024-02-28", "acceptedDate": "2024-02-28 16:08:49", "calendarYear": "2023", "period": "FY", "revenue": 3643905000, "costOfRevenue": 3284415000, "grossProfit": 359490000, "grossProfitRatio": 0.0986551515, "researchAndDevelopmentExpenses": 0, "generalAndAdministrativeExpenses": 232811000, "sellingAndMarketingExpenses": 1800000, "sellingGeneralAndAdministrativeExpenses": 234611000, "otherExpenses": -38000, "operatingExpenses": 234611000, "costAndExpenses": 3519026000, "interestIncome": 888000, "interestExpense": 4939000, "depreciationAndAmortization": 59138000, "ebitda": 184017000, "ebitdaratio": 0.0504999444, "operatingIncome": 124879000, "operatingIncomeRatio": 0.034270652, "totalOtherIncomeExpensesNet": 125000, "incomeBeforeTax": 125004000, "incomeBeforeTaxRatio": 0.0343049558, "incomeTaxExpense": 34014000, "netIncome": 90990000, "netIncomeRatio": 0.0249704644, "eps": 5.45, "epsdiluted": 5.4, "weightedAverageShsOut": 16681999, "weightedAverageShsOutDil": 16837000, "link": "https://www.sec.gov/Archives/edgar/data/700923/000070092324000007/0000700923-24-000007-index.htm", "finalLink": "https://www.sec.gov/Archives/edgar/data/700923/000070092324000007/myrg-20240228x8kxexx991.htm", "calculatedOtherExpenses": 0, "calculatedOperatingExpenses": 234611000, "calculatedNetInterest": -4051000, "calculatedOtherIncome": 4176000, "calculatedIncomeNonControlling": 0, "calculatedEbitda": 184017000}, {"date": "2022-12-31", "symbol": "MYRG", "reportedCurrency": "USD", "cik": "0000700923", "fillingDate": "2023-02-22", "acceptedDate": "2023-02-22 16:16:17", "calendarYear": "2022", "period": "FY", "revenue": 3008542000, "costOfRevenue": 2664580000, "grossProfit": 343962000, "grossProfitRatio": 0.1143284687, "researchAndDevelopmentExpenses": 0, "generalAndAdministrativeExpenses": 221224000, "sellingAndMarketingExpenses": 1200000, "sellingGeneralAndAdministrativeExpenses": 222424000, "otherExpenses": 9009000, "operatingExpenses": 231433000, "costAndExpenses": 2896013000, "interestIncome": 187000, "interestExpense": 3563000, "depreciationAndAmortization": 58652000, "ebitda": 173559000, "ebitdaratio": 0.0576887409, "operatingIncome": 114907000, "operatingIncomeRatio": 0.0381935835, "totalOtherIncomeExpensesNet": -703000, "incomeBeforeTax": 114204000, "incomeBeforeTaxRatio": 0.0379599155, "incomeTaxExpense": 30823000, "netIncome": 83381000, "netIncomeRatio": 0.0277147535, "eps": 4.97, "epsdiluted": 4.91, "weightedAverageShsOut": 16760000, "weightedAverageShsOutDil": 16980000, "link": "https://www.sec.gov/Archives/edgar/data/700923/000070092323000012/0000700923-23-000012-index.htm", "finalLink": "https://www.sec.gov/Archives/edgar/data/700923/000070092323000012/myrg-20221231.htm", "calculatedOtherExpenses": 6631000, "calculatedOperatingExpenses": 229055000, "calculatedNetInterest": -3376000, "calculatedOtherIncome": 2673000, "calculatedIncomeNonControlling": 0, "calculatedEbitda": 173559000}, {"date": "2021-12-31", "symbol": "MYRG", "reportedCurrency": "USD", "cik": "0000700923", "fillingDate": "2022-02-23", "acceptedDate": "2022-02-23 16:11:38", "calendarYear": "2021", "period": "FY", "revenue": 2498289000, "costOfRevenue": 2173308000, "grossProfit": 324981000, "grossProfitRatio": 0.1300814277, "researchAndDevelopmentExpenses": 0, "generalAndAdministrativeExpenses": 206408000, "sellingAndMarketingExpenses": 800000, "sellingGeneralAndAdministrativeExpenses": 207208000, "otherExpenses": 2311000, "operatingExpenses": 209519000, "costAndExpenses": 2382827000, "interestIncome": 70000, "interestExpense": 1799000, "depreciationAndAmortization": 42652000, "ebitda": 161212000, "ebitdaratio": 0.0645289636, "operatingIncome": 118560000, "operatingIncomeRatio": 0.0474564792, "totalOtherIncomeExpensesNet": -2254000, "incomeBeforeTax": 116306000, "incomeBeforeTaxRatio": 0.0465542617, "incomeTaxExpense": 31300000, "netIncome": 85010000, "netIncomeRatio": 0.0340272883, "eps": 5.05, "epsdiluted": 4.95, "weightedAverageShsOut": 16838000, "weightedAverageShsOutDil": 17161000, "link": "https://www.sec.gov/Archives/edgar/data/700923/000070092322000007/0000700923-22-000007-index.htm", "finalLink": "https://www.sec.gov/Archives/edgar/data/700923/000070092322000007/myrg-20211231.htm", "calculatedOtherExpenses": -787000, "calculatedOperatingExpenses": 206421000, "calculatedNetInterest": -1729000, "calculatedOtherIncome": -525000, "calculatedIncomeNonControlling": -4000, "calculatedEbitda": 161212000}, {"date": "2020-12-31", "symbol": "MYRG", "reportedCurrency": "USD", "cik": "0000700923", "fillingDate": "2021-03-03", "acceptedDate": "2021-03-03 16:07:12", "calendarYear": "2020", "period": "FY", "revenue": 2247392000, "costOfRevenue": 1971539000, "grossProfit": 275853000, "grossProfitRatio": 0.1227436068, "researchAndDevelopmentExpenses": 0, "generalAndAdministrativeExpenses": 187835000, "sellingAndMarketingExpenses": 700000, "sellingGeneralAndAdministrativeExpenses": 188535000, "otherExpenses": 3586000, "operatingExpenses": 192121000, "costAndExpenses": 2163660000, "interestIncome": 9000, "interestExpense": 4563000, "depreciationAndAmortization": 43043000, "ebitda": 129588000, "ebitdaratio": 0.0576615028, "operatingIncome": 86545000, "operatingIncomeRatio": 0.0385090807, "totalOtherIncomeExpensesNet": -5160000, "incomeBeforeTax": 81385000, "incomeBeforeTaxRatio": 0.0362130861, "incomeTaxExpense": 22626000, "netIncome": 58759000, "netIncomeRatio": 0.0261454166, "eps": 3.52, "epsdiluted": 3.48, "weightedAverageShsOut": 16684000, "weightedAverageShsOutDil": 16890000, "link": "https://www.sec.gov/Archives/edgar/data/700923/000070092321000007/0000700923-21-000007-index.htm", "finalLink": "https://www.sec.gov/Archives/edgar/data/700923/000070092321000007/myrg-20201231.htm", "calculatedOtherExpenses": 773000, "calculatedOperatingExpenses": 189308000, "calculatedNetInterest": -4554000, "calculatedOtherIncome": -606000, "calculatedIncomeNonControlling": 0, "calculatedEbitda": 129588000}, {"date": "2019-12-31", "symbol": "MYRG", "reportedCurrency": "USD", "cik": "0000700923", "fillingDate": "2020-03-04", "acceptedDate": "2020-03-04 17:16:18", "calendarYear": "2019", "period": "FY", "revenue": 2071159000, "costOfRevenue": 1857001000, "grossProfit": 214158000, "grossProfitRatio": 0.103400077, "researchAndDevelopmentExpenses": 0, "generalAndAdministrativeExpenses": 155874000, "sellingAndMarketingExpenses": 800000, "sellingGeneralAndAdministrativeExpenses": 156674000, "otherExpenses": 3849000, "operatingExpenses": 160523000, "costAndExpenses": 2017524000, "interestIncome": 4000, "interestExpense": 6225000, "depreciationAndAmortization": 40462000, "ebitda": 97640000, "ebitdaratio": 0.0471426868, "operatingIncome": 57178000, "operatingIncomeRatio": 0.0276067651, "totalOtherIncomeExpensesNet": -6736000, "incomeBeforeTax": 50442000, "incomeBeforeTaxRatio": 0.0243544798, "incomeTaxExpense": 14228000, "netIncome": 37690000, "netIncomeRatio": 0.0181975406, "eps": 2.27, "epsdiluted": 2.26, "weightedAverageShsOut": 16587000, "weightedAverageShsOutDil": 16699000, "link": "https://www.sec.gov/Archives/edgar/data/700923/000110465920029253/0001104659-20-029253-index.htm", "finalLink": "https://www.sec.gov/Archives/edgar/data/700923/000110465920029253/tv536230-ar.htm", "calculatedOtherExpenses": 306000, "calculatedOperatingExpenses": 156980000, "calculatedNetInterest": -6221000, "calculatedOtherIncome": -515000, "calculatedIncomeNonControlling": -1476000, "calculatedEbitda": 97640000}, {"date": "2018-12-31", "symbol": "MYRG", "reportedCurrency": "USD", "cik": "0000700923", "fillingDate": "2019-03-06", "acceptedDate": "2019-03-06 16:19:39", "calendarYear": "2018", "period": "FY", "revenue": 1531169000, "costOfRevenue": 1364109000, "grossProfit": 167060000, "grossProfitRatio": 0.1091061797, "researchAndDevelopmentExpenses": 0, "generalAndAdministrativeExpenses": 118037000, "sellingAndMarketingExpenses": 700000, "sellingGeneralAndAdministrativeExpenses": 118737000, "otherExpenses": -3616000, "operatingExpenses": 120580000, "costAndExpenses": 1484689000, "interestIncome": 24000, "interestExpense": 3652000, "depreciationAndAmortization": 39913000, "ebitda": 82801000, "ebitdaratio": 0.054076983, "operatingIncome": 50312000, "operatingIncomeRatio": 0.0328585545, "totalOtherIncomeExpensesNet": 216000, "incomeBeforeTax": 43068000, "incomeBeforeTaxRatio": 0.0281275287, "incomeTaxExpense": 11774000, "netIncome": 31087000, "netIncomeRatio": 0.0203027883, "eps": 1.89, "epsdiluted": 1.87, "weightedAverageShsOut": 16441000, "weightedAverageShsOutDil": 16585000, "link": "https://www.sec.gov/Archives/edgar/data/700923/000114420419012547/0001144204-19-012547-index.htm", "finalLink": "https://www.sec.gov/Archives/edgar/data/700923/000114420419012547/v511680_10k.htm", "calculatedOtherExpenses": -1989000, "calculatedOperatingExpenses": 116748000, "calculatedNetInterest": -3628000, "calculatedOtherIncome": -3616000, "calculatedIncomeNonControlling": 207000, "calculatedEbitda": 90225000}, {"date": "2017-12-31", "symbol": "MYRG", "reportedCurrency": "USD", "cik": "0000700923", "fillingDate": "2018-03-07", "acceptedDate": "2018-03-07 16:13:27", "calendarYear": "2017", "period": "FY", "revenue": 1403317000, "costOfRevenue": 1278313000, "grossProfit": 125004000, "grossProfitRatio": 0.0890775213, "researchAndDevelopmentExpenses": 0, "generalAndAdministrativeExpenses": 97911000, "sellingAndMarketingExpenses": 700000, "sellingGeneralAndAdministrativeExpenses": 98611000, "otherExpenses": -2319000, "operatingExpenses": 99110000, "costAndExpenses": 1377423000, "interestIncome": 4000, "interestExpense": 2603000, "depreciationAndAmortization": 38576000, "ebitda": 62155000, "ebitdaratio": 0.0442914894, "operatingIncome": 29558000, "operatingIncomeRatio": 0.021062953, "totalOtherIncomeExpensesNet": 1345000, "incomeBeforeTax": 24640000, "incomeBeforeTaxRatio": 0.0175583991, "incomeTaxExpense": 3486000, "netIncome": 21154000, "netIncomeRatio": 0.0150742847, "eps": 1.3, "epsdiluted": 1.28, "weightedAverageShsOut": 16273000, "weightedAverageShsOutDil": 16496000, "link": "https://www.sec.gov/Archives/edgar/data/700923/000114420418013353/0001144204-18-013353-index.htm", "finalLink": "https://www.sec.gov/Archives/edgar/data/700923/000114420418013353/v483694_10k.htm", "calculatedOtherExpenses": -3165000, "calculatedOperatingExpenses": 95446000, "calculatedNetInterest": -2599000, "calculatedOtherIncome": -2319000, "calculatedIncomeNonControlling": 0, "calculatedEbitda": 68134000}, {"date": "2016-12-31", "symbol": "MYRG", "reportedCurrency": "USD", "cik": "0000700923", "fillingDate": "2017-03-09", "acceptedDate": "2017-03-09 16:43:45", "calendarYear": "2016", "period": "FY", "revenue": 1142487000, "costOfRevenue": 1007764000, "grossProfit": 134723000, "grossProfitRatio": 0.1179208166, "researchAndDevelopmentExpenses": 0, "generalAndAdministrativeExpenses": 95824000, "sellingAndMarketingExpenses": 600000, "sellingGeneralAndAdministrativeExpenses": 96424000, "otherExpenses": 885000, "operatingExpenses": 97310000, "costAndExpenses": 1105074000, "interestIncome": 5000, "interestExpense": 1299000, "depreciationAndAmortization": 39122000, "ebitda": 77425000, "ebitdaratio": 0.0677688236, "operatingIncome": 38754000, "operatingIncomeRatio": 0.0339207361, "totalOtherIncomeExpensesNet": 2226000, "incomeBeforeTax": 38345000, "incomeBeforeTaxRatio": 0.0335627451, "incomeTaxExpense": 16914000, "netIncome": 21431000, "netIncomeRatio": 0.0187582003, "eps": 1.25, "epsdiluted": 1.23, "weightedAverageShsOut": 17109000, "weightedAverageShsOutDil": 17461000, "link": "https://www.sec.gov/Archives/edgar/data/700923/000114420417013721/0001144204-17-013721-index.htm", "finalLink": "https://www.sec.gov/Archives/edgar/data/700923/000114420417013721/v455820_10k.htm", "calculatedOtherExpenses": -455000, "calculatedOperatingExpenses": 95969000, "calculatedNetInterest": -1294000, "calculatedOtherIncome": 885000, "calculatedIncomeNonControlling": 0, "calculatedEbitda": 77876000}, {"date": "2015-12-31", "symbol": "MYRG", "reportedCurrency": "USD", "cik": "0000700923", "fillingDate": "2016-03-03", "acceptedDate": "2016-03-03 08:32:19", "calendarYear": "2015", "period": "FY", "revenue": 1061681000, "costOfRevenue": 939340000, "grossProfit": 122341000, "grossProfitRatio": 0.1152332951, "researchAndDevelopmentExpenses": 0, "generalAndAdministrativeExpenses": 78686000, "sellingAndMarketingExpenses": 500000, "sellingGeneralAndAdministrativeExpenses": 79186000, "otherExpenses": 174000, "operatingExpenses": 79757000, "costAndExpenses": 1019097000, "interestIncome": 25000, "interestExpense": 741000, "depreciationAndAmortization": 38029000, "ebitda": 80812000, "ebitdaratio": 0.0761170257, "operatingIncome": 44841000, "operatingIncomeRatio": 0.0422358505, "totalOtherIncomeExpensesNet": 2431000, "incomeBeforeTax": 44299000, "incomeBeforeTaxRatio": 0.0417253393, "incomeTaxExpense": 16997000, "netIncome": 27302000, "netIncomeRatio": 0.0257158224, "eps": 1.33, "epsdiluted": 1.3, "weightedAverageShsOut": 20577000, "weightedAverageShsOutDil": 21038000, "link": "https://www.sec.gov/Archives/edgar/data/700923/000114420416085692/0001144204-16-085692-index.htm", "finalLink": "https://www.sec.gov/Archives/edgar/data/700923/000114420416085692/v427195_10k.htm", "calculatedOtherExpenses": -1686000, "calculatedOperatingExpenses": 77500000, "calculatedNetInterest": -716000, "calculatedOtherIncome": 174000, "calculatedIncomeNonControlling": 0, "calculatedEbitda": 82870000}, {"date": "2014-12-31", "symbol": "MYRG", "reportedCurrency": "USD", "cik": "0000700923", "fillingDate": "2015-03-11", "acceptedDate": "2015-03-11 16:02:09", "calendarYear": "2014", "period": "FY", "revenue": 943967000, "costOfRevenue": 811553000, "grossProfit": 132414000, "grossProfitRatio": 0.1402739714, "researchAndDevelopmentExpenses": 0, "generalAndAdministrativeExpenses": 73418000, "sellingAndMarketingExpenses": 400000, "sellingGeneralAndAdministrativeExpenses": 73818000, "otherExpenses": 162000, "operatingExpenses": 74152000, "costAndExpenses": 885705000, "interestIncome": 106000, "interestExpense": 722000, "depreciationAndAmortization": 33423000, "ebitda": 91953000, "ebitdaratio": 0.0974112442, "operatingIncome": 58404000, "operatingIncomeRatio": 0.0618708069, "totalOtherIncomeExpensesNet": 304000, "incomeBeforeTax": 57950000, "incomeBeforeTaxRatio": 0.0613898579, "incomeTaxExpense": 21406000, "netIncome": 36544000, "netIncomeRatio": 0.0387132177, "eps": 1.73, "epsdiluted": 1.69, "weightedAverageShsOut": 20922000, "weightedAverageShsOutDil": 21466000, "link": "https://www.sec.gov/Archives/edgar/data/700923/000114420415015357/0001144204-15-015357-index.htm", "finalLink": "https://www.sec.gov/Archives/edgar/data/700923/000114420415015357/v396871_10k.htm", "calculatedOtherExpenses": 192000, "calculatedOperatingExpenses": 74010000, "calculatedNetInterest": -616000, "calculatedOtherIncome": 162000, "calculatedIncomeNonControlling": 0, "calculatedEbitda": 91827000}, {"date": "2013-12-31", "symbol": "MYRG", "reportedCurrency": "USD", "cik": "0000700923", "fillingDate": "2014-03-05", "acceptedDate": "2014-03-05 16:15:04", "calendarYear": "2013", "period": "FY", "revenue": 902729000, "costOfRevenue": 777852000, "grossProfit": 124877000, "grossProfitRatio": 0.1383327665, "researchAndDevelopmentExpenses": 0, "generalAndAdministrativeExpenses": 69518000, "sellingAndMarketingExpenses": 300000, "sellingGeneralAndAdministrativeExpenses": 69818000, "otherExpenses": -27000, "operatingExpenses": 70153000, "costAndExpenses": 848005000, "interestIncome": 9000, "interestExpense": 727000, "depreciationAndAmortization": 29195000, "ebitda": 83901000, "ebitdaratio": 0.092941514, "operatingIncome": 55617000, "operatingIncomeRatio": 0.0616098519, "totalOtherIncomeExpensesNet": 866000, "incomeBeforeTax": 54872000, "incomeBeforeTaxRatio": 0.0607845765, "incomeTaxExpense": 20113000, "netIncome": 34759000, "netIncomeRatio": 0.0385043573, "eps": 1.65, "epsdiluted": 1.61, "weightedAverageShsOut": 20821000, "weightedAverageShsOutDil": 21431000, "link": "https://www.sec.gov/Archives/edgar/data/700923/000104746914001830/0001047469-14-001830-index.htm", "finalLink": "https://www.sec.gov/Archives/edgar/data/700923/000104746914001830/a2218624z10-k.htm", "calculatedOtherExpenses": -558000, "calculatedOperatingExpenses": 69260000, "calculatedNetInterest": -718000, "calculatedOtherIncome": -27000, "calculatedIncomeNonControlling": 0, "calculatedEbitda": 84812000}, {"date": "2012-12-31", "symbol": "MYRG", "reportedCurrency": "USD", "cik": "0000700923", "fillingDate": "2013-03-06", "acceptedDate": "2013-03-06 16:15:41", "calendarYear": "2012", "period": "FY", "revenue": 998959000, "costOfRevenue": 880306000, "grossProfit": 118653000, "grossProfitRatio": 0.1187766465, "researchAndDevelopmentExpenses": 0, "generalAndAdministrativeExpenses": 63075000, "sellingAndMarketingExpenses": 500000, "sellingGeneralAndAdministrativeExpenses": 63575000, "otherExpenses": -222000, "operatingExpenses": 63910000, "costAndExpenses": 944216000, "interestIncome": 2000, "interestExpense": 852000, "depreciationAndAmortization": 25156000, "ebitda": 79679000, "ebitdaratio": 0.0797620323, "operatingIncome": 55762000, "operatingIncomeRatio": 0.0558201087, "totalOtherIncomeExpensesNet": 797000, "incomeBeforeTax": 54690000, "incomeBeforeTaxRatio": 0.0547469916, "incomeTaxExpense": 20428000, "netIncome": 34262000, "netIncomeRatio": 0.0342977039, "eps": 1.67, "epsdiluted": 1.6, "weightedAverageShsOut": 20391000, "weightedAverageShsOutDil": 21172000, "link": "https://www.sec.gov/Archives/edgar/data/700923/000104746913002282/0001047469-13-002282-index.htm", "finalLink": "https://www.sec.gov/Archives/edgar/data/700923/000104746913002282/a2213310z10-k.htm", "calculatedOtherExpenses": -684000, "calculatedOperatingExpenses": 62891000, "calculatedNetInterest": -850000, "calculatedOtherIncome": -222000, "calculatedIncomeNonControlling": 0, "calculatedEbitda": 80918000}, {"date": "2011-12-31", "symbol": "MYRG", "reportedCurrency": "USD", "cik": "0000700923", "fillingDate": "2012-03-07", "acceptedDate": "2012-03-07 16:07:12", "calendarYear": "2011", "period": "FY", "revenue": 780356000, "costOfRevenue": 694790000, "grossProfit": 85566000, "grossProfitRatio": 0.1096499546, "researchAndDevelopmentExpenses": 0, "generalAndAdministrativeExpenses": 0, "sellingAndMarketingExpenses": 0, "sellingGeneralAndAdministrativeExpenses": 56776000, "otherExpenses": 335000, "operatingExpenses": 57111000, "costAndExpenses": 751901000, "interestIncome": 53000, "interestExpense": 544000, "depreciationAndAmortization": 19511000, "ebitda": 48019000, "ebitdaratio": 0.0615347354, "operatingIncome": 29629000, "operatingIncomeRatio": 0.0379685682, "totalOtherIncomeExpensesNet": 1093000, "incomeBeforeTax": 29057000, "incomeBeforeTaxRatio": 0.0372355694, "incomeTaxExpense": 10759000, "netIncome": 18298000, "netIncomeRatio": 0.0234482723, "eps": 0.9, "epsdiluted": 0.87, "weightedAverageShsOut": 20151000, "weightedAverageShsOutDil": 20993000, "link": "https://www.sec.gov/Archives/edgar/data/700923/000104746912002223/0001047469-12-002223-index.htm", "finalLink": "https://www.sec.gov/Archives/edgar/data/700923/000104746912002223/a2207698z10-k.htm", "calculatedOtherExpenses": -839000, "calculatedOperatingExpenses": 55937000, "calculatedNetInterest": -491000, "calculatedOtherIncome": -81000, "calculatedIncomeNonControlling": 0, "calculatedEbitda": 49140000}, {"date": "2010-12-31", "symbol": "MYRG", "reportedCurrency": "USD", "cik": "0000700923", "fillingDate": "2011-03-08", "acceptedDate": "2011-03-08 16:04:27", "calendarYear": "2010", "period": "FY", "revenue": 597077000, "costOfRevenue": 526357000, "grossProfit": 70720000, "grossProfitRatio": 0.1184436848, "researchAndDevelopmentExpenses": 0, "generalAndAdministrativeExpenses": 0, "sellingAndMarketingExpenses": 0, "sellingGeneralAndAdministrativeExpenses": 44630000, "otherExpenses": 0, "operatingExpenses": 44215000, "costAndExpenses": 570572000, "interestIncome": 58000, "interestExpense": 1054000, "depreciationAndAmortization": 16290000, "ebitda": 42709000, "ebitdaratio": 0.0715301377, "operatingIncome": 26505000, "operatingIncomeRatio": 0.0443912594, "totalOtherIncomeExpensesNet": -144000, "incomeBeforeTax": 25365000, "incomeBeforeTaxRatio": 0.0424819579, "incomeTaxExpense": 9243000, "netIncome": 16122000, "netIncomeRatio": 0.0270015425, "eps": 0.81, "epsdiluted": 0.78, "weightedAverageShsOut": 19883000, "weightedAverageShsOutDil": 20782000, "link": "https://www.sec.gov/Archives/edgar/data/700923/000104746911001844/0001047469-11-001844-index.htm", "finalLink": "https://www.sec.gov/Archives/edgar/data/700923/000104746911001844/a2202435z10-k.htm", "calculatedOtherExpenses": -415000, "calculatedOperatingExpenses": 44215000, "calculatedNetInterest": -996000, "calculatedOtherIncome": -144000, "calculatedIncomeNonControlling": 0, "calculatedEbitda": 42795000}, {"date": "2009-12-31", "symbol": "MYRG", "reportedCurrency": "USD", "cik": "0000700923", "fillingDate": "2010-03-15", "acceptedDate": "2010-03-15 16:14:48", "calendarYear": "2009", "period": "FY", "revenue": 631168000, "costOfRevenue": 555261000, "grossProfit": 75907000, "grossProfitRatio": 0.1202643353, "researchAndDevelopmentExpenses": 0, "generalAndAdministrativeExpenses": 0, "sellingAndMarketingExpenses": 0, "sellingGeneralAndAdministrativeExpenses": 48467000, "otherExpenses": 0, "operatingExpenses": 48384000, "costAndExpenses": 603645000, "interestIncome": 218000, "interestExpense": 852000, "depreciationAndAmortization": 13525000, "ebitda": 41266000, "ebitdaratio": 0.0653803742, "operatingIncome": 27523000, "operatingIncomeRatio": 0.0436064566, "totalOtherIncomeExpensesNet": -208000, "incomeBeforeTax": 26681000, "incomeBeforeTaxRatio": 0.0422724219, "incomeTaxExpense": 9446000, "netIncome": 17235000, "netIncomeRatio": 0.0273065174, "eps": 0.87, "epsdiluted": 0.83, "weightedAverageShsOut": 19755000, "weightedAverageShsOutDil": 20702000, "link": "https://www.sec.gov/Archives/edgar/data/700923/000104746910002207/0001047469-10-002207-index.htm", "finalLink": "https://www.sec.gov/Archives/edgar/data/700923/000104746910002207/a2197282z10-k.htm", "calculatedOtherExpenses": -83000, "calculatedOperatingExpenses": 48384000, "calculatedNetInterest": -634000, "calculatedOtherIncome": -208000, "calculatedIncomeNonControlling": 0, "calculatedEbitda": 41048000}, {"date": "2008-12-31", "symbol": "MYRG", "reportedCurrency": "USD", "cik": "0000700923", "fillingDate": "2009-03-12", "acceptedDate": "2009-03-12 16:26:40", "calendarYear": "2008", "period": "FY", "revenue": 616107000, "costOfRevenue": 525924000, "grossProfit": 90183000, "grossProfitRatio": 0.1463755484, "researchAndDevelopmentExpenses": 0, "generalAndAdministrativeExpenses": 0, "sellingAndMarketingExpenses": 0, "sellingGeneralAndAdministrativeExpenses": 50622000, "otherExpenses": 334000, "operatingExpenses": 50956000, "costAndExpenses": 576880000, "interestIncome": 1001000, "interestExpense": 1701000, "depreciationAndAmortization": 11146000, "ebitda": 51374000, "ebitdaratio": 0.0833848666, "operatingIncome": 40040000, "operatingIncomeRatio": 0.0649887114, "totalOtherIncomeExpensesNet": 601000, "incomeBeforeTax": 39128000, "incomeBeforeTaxRatio": 0.063508449, "incomeTaxExpense": 15495000, "netIncome": 23633000, "netIncomeRatio": 0.0383585968, "eps": 1.2, "epsdiluted": 1.14, "weightedAverageShsOut": 19712811, "weightedAverageShsOutDil": 20706953, "link": "https://www.sec.gov/Archives/edgar/data/700923/000104746909002567/0001047469-09-002567-index.htm", "finalLink": "https://www.sec.gov/Archives/edgar/data/700923/000104746909002567/a2191408z10-k.htm", "calculatedOtherExpenses": -479000, "calculatedOperatingExpenses": 50143000, "calculatedNetInterest": -700000, "calculatedOtherIncome": -212000, "calculatedIncomeNonControlling": 0, "calculatedEbitda": 51186000}, {"date": "2007-12-31", "symbol": "MYRG", "reportedCurrency": "USD", "cik": "0000700923", "fillingDate": "2007-12-31", "acceptedDate": "2007-12-31 00:00:00", "calendarYear": "2007", "period": "FY", "revenue": 610314000, "costOfRevenue": 540868000, "grossProfit": 69446000, "grossProfitRatio": 0.1137873291, "researchAndDevelopmentExpenses": 0, "generalAndAdministrativeExpenses": 0, "sellingAndMarketingExpenses": 0, "sellingGeneralAndAdministrativeExpenses": 45585000, "otherExpenses": 769000, "operatingExpenses": 46354000, "costAndExpenses": 587222000, "interestIncome": 1234000, "interestExpense": 1694000, "depreciationAndAmortization": 10668000, "ebitda": 59658000, "ebitdaratio": 0.097749683, "operatingIncome": 23092000, "operatingIncomeRatio": 0.0378362613, "totalOtherIncomeExpensesNet": -25898000, "incomeBeforeTax": -3266000, "incomeBeforeTaxRatio": -0.0053513437, "incomeTaxExpense": -64000, "netIncome": -3202000, "netIncomeRatio": -0.0052464797, "eps": -0.19, "epsdiluted": -0.19, "weightedAverageShsOut": 16540392, "weightedAverageShsOutDil": 16540392, "link": null, "finalLink": null, "calculatedOtherExpenses": 769000, "calculatedOperatingExpenses": 46354000, "calculatedNetInterest": -460000, "calculatedOtherIncome": -25898000, "calculatedIncomeNonControlling": 0, "calculatedEbitda": 33760000}, {"date": "1999-12-31", "symbol": "MYRG", "reportedCurrency": "USD", "cik": "0000700923", "fillingDate": "2000-03-30", "acceptedDate": "2000-03-30 00:00:00", "calendarYear": "1999", "period": "FY", "revenue": 477279000, "costOfRevenue": 421898000, "grossProfit": 55381000, "grossProfitRatio": 0.1160348559, "researchAndDevelopmentExpenses": 0, "generalAndAdministrativeExpenses": 0, "sellingAndMarketingExpenses": 0, "sellingGeneralAndAdministrativeExpenses": 35713000, "otherExpenses": 4668000, "operatingExpenses": 40381000, "costAndExpenses": 462279000, "interestIncome": 0, "interestExpense": 0, "depreciationAndAmortization": -4668000, "ebitda": 18549000, "ebitdaratio": 0.0388640606, "operatingIncome": 15000000, "operatingIncomeRatio": 0.0314281584, "totalOtherIncomeExpensesNet": 1119000, "incomeBeforeTax": 15220000, "incomeBeforeTaxRatio": 0.0318891047, "incomeTaxExpense": 6088000, "netIncome": 8560000, "netIncomeRatio": 0.0179350024, "eps": 0.43, "epsdiluted": 0.41, "weightedAverageShsOut": 19712811, "weightedAverageShsOutDil": 20721074, "link": "https://www.sec.gov/Archives/edgar/data/700923/000092623600000038/0000926236-00-000038-index.htm", "finalLink": "https://www.sec.gov/Archives/edgar/data/700923/000092623600000038/", "calculatedOtherExpenses": 4668000, "calculatedOperatingExpenses": 40381000, "calculatedNetInterest": 0, "calculatedOtherIncome": 220000, "calculatedIncomeNonControlling": 572000, "calculatedEbitda": 10332000}, {"date": "1998-12-31", "symbol": "MYRG", "reportedCurrency": "USD", "cik": "0000700923", "fillingDate": "1999-03-29", "acceptedDate": "1999-03-29 00:00:00", "calendarYear": "1998", "period": "FY", "revenue": 459300000, "costOfRevenue": 409500000, "grossProfit": 49800000, "grossProfitRatio": 0.1084258654, "researchAndDevelopmentExpenses": 0, "generalAndAdministrativeExpenses": 0, "sellingAndMarketingExpenses": 0, "sellingGeneralAndAdministrativeExpenses": 30900000, "otherExpenses": 4600000, "operatingExpenses": 35500000, "costAndExpenses": 445000000, "interestIncome": 0, "interestExpense": 2200000, "depreciationAndAmortization": -4600000, "ebitda": 18100000, "ebitdaratio": 0.0394077945, "operatingIncome": 14300000, "operatingIncomeRatio": 0.0311343349, "totalOtherIncomeExpensesNet": 800000, "incomeBeforeTax": 12900000, "incomeBeforeTaxRatio": 0.0280862182, "incomeTaxExpense": 5000000, "netIncome": 7900000, "netIncomeRatio": 0.0172000871, "eps": 0.4, "epsdiluted": 0.38, "weightedAverageShsOut": 19712811, "weightedAverageShsOutDil": 20721074, "link": "https://www.sec.gov/Archives/edgar/data/700923/000092623699000031/0000926236-99-000031-index.htm", "finalLink": "https://www.sec.gov/Archives/edgar/data/700923/", "calculatedOtherExpenses": 4600000, "calculatedOperatingExpenses": 35500000, "calculatedNetInterest": -2200000, "calculatedOtherIncome": 800000, "calculatedIncomeNonControlling": 0, "calculatedEbitda": 9700000}, {"date": "1997-12-31", "symbol": "MYRG", "reportedCurrency": "USD", "cik": "0000700923", "fillingDate": "1998-03-23", "acceptedDate": "1998-03-23 00:00:00", "calendarYear": "1997", "period": "FY", "revenue": 431300000, "costOfRevenue": 386000000, "grossProfit": 45300000, "grossProfitRatio": 0.1050313007, "researchAndDevelopmentExpenses": 0, "generalAndAdministrativeExpenses": 0, "sellingAndMarketingExpenses": 0, "sellingGeneralAndAdministrativeExpenses": 28200000, "otherExpenses": 5600000, "operatingExpenses": 33800000, "costAndExpenses": 419800000, "interestIncome": 0, "interestExpense": 0, "depreciationAndAmortization": -5600000, "ebitda": 16900000, "ebitdaratio": 0.0391838627, "operatingIncome": 11500000, "operatingIncomeRatio": 0.0266635752, "totalOtherIncomeExpensesNet": 200000, "incomeBeforeTax": 10000000, "incomeBeforeTaxRatio": 0.0231857176, "incomeTaxExpense": 4000000, "netIncome": 6600000, "netIncomeRatio": 0.0153025736, "eps": 0.33, "epsdiluted": 0.32, "weightedAverageShsOut": 19712811, "weightedAverageShsOutDil": 20721074, "link": "https://www.sec.gov/Archives/edgar/data/700923/000095013798001080/0000950137-98-001080-index.htm", "finalLink": "https://www.sec.gov/Archives/edgar/data/700923/", "calculatedOtherExpenses": 5600000, "calculatedOperatingExpenses": 33800000, "calculatedNetInterest": 0, "calculatedOtherIncome": -1500000, "calculatedIncomeNonControlling": -600000, "calculatedEbitda": 5900000}, {"date": "1996-12-31", "symbol": "MYRG", "reportedCurrency": "USD", "cik": "0000700923", "fillingDate": "1997-03-21", "acceptedDate": "1997-03-21 00:00:00", "calendarYear": "1996", "period": "FY", "revenue": 310600000, "costOfRevenue": 272800000, "grossProfit": 37800000, "grossProfitRatio": 0.1216999356, "researchAndDevelopmentExpenses": 0, "generalAndAdministrativeExpenses": 0, "sellingAndMarketingExpenses": 0, "sellingGeneralAndAdministrativeExpenses": 23600000, "otherExpenses": 6100000, "operatingExpenses": 29700000, "costAndExpenses": 302500000, "interestIncome": 0, "interestExpense": 1800000, "depreciationAndAmortization": -6100000, "ebitda": 14000000, "ebitdaratio": 0.0450740502, "operatingIncome": 8100000, "operatingIncomeRatio": 0.0260785576, "totalOtherIncomeExpensesNet": 200000, "incomeBeforeTax": 6400000, "incomeBeforeTaxRatio": 0.0206052801, "incomeTaxExpense": 2400000, "netIncome": 3500000, "netIncomeRatio": 0.0112685126, "eps": 0.18, "epsdiluted": 0.17, "weightedAverageShsOut": 19712811, "weightedAverageShsOutDil": 20721074, "link": "https://www.sec.gov/Archives/edgar/data/700923/000095013797001087/0000950137-97-001087-index.htm", "finalLink": "https://www.sec.gov/Archives/edgar/data/700923/0000950137-97-001087.txt", "calculatedOtherExpenses": 6100000, "calculatedOperatingExpenses": 29700000, "calculatedNetInterest": -1800000, "calculatedOtherIncome": 100000, "calculatedIncomeNonControlling": 500000, "calculatedEbitda": 2000000}, {"date": "1995-12-31", "symbol": "MYRG", "reportedCurrency": "USD", "cik": "0000700923", "fillingDate": "1996-03-25", "acceptedDate": "1996-03-25 00:00:00", "calendarYear": "1995", "period": "FY", "revenue": 267000000, "costOfRevenue": 231200000, "grossProfit": 35800000, "grossProfitRatio": 0.134082397, "researchAndDevelopmentExpenses": 0, "generalAndAdministrativeExpenses": 0, "sellingAndMarketingExpenses": 0, "sellingGeneralAndAdministrativeExpenses": 21800000, "otherExpenses": 6200000, "operatingExpenses": 28000000, "costAndExpenses": 259200000, "interestIncome": 0, "interestExpense": 1800000, "depreciationAndAmortization": -6200000, "ebitda": 14500000, "ebitdaratio": 0.0543071161, "operatingIncome": 7800000, "operatingIncomeRatio": 0.0292134831, "totalOtherIncomeExpensesNet": -500000, "incomeBeforeTax": 5700000, "incomeBeforeTaxRatio": 0.0213483146, "incomeTaxExpense": 2300000, "netIncome": 3400000, "netIncomeRatio": 0.0127340824, "eps": 0.17, "epsdiluted": 0.16, "weightedAverageShsOut": 19712811, "weightedAverageShsOutDil": 20721074, "link": "https://www.sec.gov/Archives/edgar/data/700923/000095013796000336/0000950137-96-000336-index.htm", "finalLink": "https://www.sec.gov/Archives/edgar/data/700923/", "calculatedOtherExpenses": 6200000, "calculatedOperatingExpenses": 28000000, "calculatedNetInterest": -1800000, "calculatedOtherIncome": -300000, "calculatedIncomeNonControlling": 0, "calculatedEbitda": 1600000}, {"date": "1994-12-31", "symbol": "MYRG", "reportedCurrency": "USD", "cik": "0000700923", "fillingDate": "1994-12-31", "acceptedDate": "1994-12-31 00:00:00", "calendarYear": "1994", "period": "FY", "revenue": 86800000, "costOfRevenue": 71300000, "grossProfit": 15500000, "grossProfitRatio": 0.1785714286, "researchAndDevelopmentExpenses": 0, "generalAndAdministrativeExpenses": 0, "sellingAndMarketingExpenses": 0, "sellingGeneralAndAdministrativeExpenses": 8200000, "otherExpenses": 3200000, "operatingExpenses": 11400000, "costAndExpenses": 82700000, "interestIncome": 0, "interestExpense": 100000, "depreciationAndAmortization": -3200000, "ebitda": 7500000, "ebitdaratio": 0.08640553, "operatingIncome": 4100000, "operatingIncomeRatio": 0.047235023, "totalOtherIncomeExpensesNet": -200000, "incomeBeforeTax": 3800000, "incomeBeforeTaxRatio": 0.0437788018, "incomeTaxExpense": 1500000, "netIncome": 2100000, "netIncomeRatio": 0.0241935484, "eps": 0.11, "epsdiluted": 0.1, "weightedAverageShsOut": 19712811, "weightedAverageShsOutDil": 20721074, "link": null, "finalLink": null, "calculatedOtherExpenses": 3200000, "calculatedOperatingExpenses": 11400000, "calculatedNetInterest": -100000, "calculatedOtherIncome": -200000, "calculatedIncomeNonControlling": 200000, "calculatedEbitda": 900000}, {"date": "1993-12-31", "symbol": "MYRG", "reportedCurrency": "USD", "cik": "0000700923", "fillingDate": "1993-12-31", "acceptedDate": "1993-12-31 00:00:00", "calendarYear": "1993", "period": "FY", "revenue": 108500000, "costOfRevenue": 95000000, "grossProfit": 13500000, "grossProfitRatio": 0.1244239631, "researchAndDevelopmentExpenses": 0, "generalAndAdministrativeExpenses": 0, "sellingAndMarketingExpenses": 0, "sellingGeneralAndAdministrativeExpenses": 7800000, "otherExpenses": 2900000, "operatingExpenses": 10700000, "costAndExpenses": 105700000, "interestIncome": 0, "interestExpense": 400000, "depreciationAndAmortization": -2900000, "ebitda": 5900000, "ebitdaratio": 0.0543778802, "operatingIncome": 2800000, "operatingIncomeRatio": 0.0258064516, "totalOtherIncomeExpensesNet": -200000, "incomeBeforeTax": 2200000, "incomeBeforeTaxRatio": 0.0202764977, "incomeTaxExpense": 600000, "netIncome": 1600000, "netIncomeRatio": 0.0147465438, "eps": 0.0812, "epsdiluted": 0.0772, "weightedAverageShsOut": 19712811, "weightedAverageShsOutDil": 20721074, "link": null, "finalLink": null, "calculatedOtherExpenses": 2900000, "calculatedOperatingExpenses": 10700000, "calculatedNetInterest": -400000, "calculatedOtherIncome": -200000, "calculatedIncomeNonControlling": 0, "calculatedEbitda": -100000}, {"date": "1992-12-31", "symbol": "MYRG", "reportedCurrency": "USD", "cik": "0000700923", "fillingDate": "1992-12-31", "acceptedDate": "1992-12-31 00:00:00", "calendarYear": "1992", "period": "FY", "revenue": 110300000, "costOfRevenue": 93800000, "grossProfit": 16500000, "grossProfitRatio": 0.1495920218, "researchAndDevelopmentExpenses": 0, "generalAndAdministrativeExpenses": 0, "sellingAndMarketingExpenses": 0, "sellingGeneralAndAdministrativeExpenses": 7900000, "otherExpenses": 2300000, "operatingExpenses": 10200000, "costAndExpenses": 104000000, "interestIncome": 0, "interestExpense": 300000, "depreciationAndAmortization": -2300000, "ebitda": 8700000, "ebitdaratio": 0.0788757933, "operatingIncome": 6300000, "operatingIncomeRatio": 0.0571169538, "totalOtherIncomeExpensesNet": -100000, "incomeBeforeTax": 5800000, "incomeBeforeTaxRatio": 0.0525838622, "incomeTaxExpense": 2200000, "netIncome": 3600000, "netIncomeRatio": 0.0326382593, "eps": 0.18, "epsdiluted": 0.17, "weightedAverageShsOut": 19712811, "weightedAverageShsOutDil": 20721074, "link": null, "finalLink": null, "calculatedOtherExpenses": 2300000, "calculatedOperatingExpenses": 10200000, "calculatedNetInterest": -300000, "calculatedOtherIncome": -200000, "calculatedIncomeNonControlling": 0, "calculatedEbitda": 4000000}, {"date": "1991-12-31", "symbol": "MYRG", "reportedCurrency": "USD", "cik": "0000700923", "fillingDate": "1991-12-31", "acceptedDate": "1991-12-31 00:00:00", "calendarYear": "1991", "period": "FY", "revenue": 96100000, "costOfRevenue": 81000000, "grossProfit": 15100000, "grossProfitRatio": 0.1571279917, "researchAndDevelopmentExpenses": 0, "generalAndAdministrativeExpenses": 0, "sellingAndMarketingExpenses": 0, "sellingGeneralAndAdministrativeExpenses": 8100000, "otherExpenses": 1700000, "operatingExpenses": 9800000, "costAndExpenses": 90800000, "interestIncome": 0, "interestExpense": 400000, "depreciationAndAmortization": -1700000, "ebitda": 7000000, "ebitdaratio": 0.0728407908, "operatingIncome": 5300000, "operatingIncomeRatio": 0.0551508845, "totalOtherIncomeExpensesNet": 4900000, "incomeBeforeTax": 4900000, "incomeBeforeTaxRatio": 0.0509885536, "incomeTaxExpense": 500000, "netIncome": 4200000, "netIncomeRatio": 0.0437044745, "eps": 0.21, "epsdiluted": 0.2, "weightedAverageShsOut": 19712811, "weightedAverageShsOutDil": 20721074, "link": null, "finalLink": null, "calculatedOtherExpenses": 1700000, "calculatedOperatingExpenses": 9800000, "calculatedNetInterest": -400000, "calculatedOtherIncome": 0, "calculatedIncomeNonControlling": 200000, "calculatedEbitda": 3600000}, {"date": "1990-12-31", "symbol": "MYRG", "reportedCurrency": "USD", "cik": "0000700923", "fillingDate": "1990-12-31", "acceptedDate": "1990-12-31 00:00:00", "calendarYear": "1990", "period": "FY", "revenue": 65800000, "costOfRevenue": 54700000, "grossProfit": 11100000, "grossProfitRatio": 0.1686930091, "researchAndDevelopmentExpenses": 0, "generalAndAdministrativeExpenses": 0, "sellingAndMarketingExpenses": 0, "sellingGeneralAndAdministrativeExpenses": 6800000, "otherExpenses": 800000, "operatingExpenses": 7600000, "costAndExpenses": 62300000, "interestIncome": 0, "interestExpense": 200000, "depreciationAndAmortization": -800000, "ebitda": 4000000, "ebitdaratio": 0.0607902736, "operatingIncome": 3500000, "operatingIncomeRatio": 0.0531914894, "totalOtherIncomeExpensesNet": 300000, "incomeBeforeTax": 3600000, "incomeBeforeTaxRatio": 0.0547112462, "incomeTaxExpense": 100000, "netIncome": 3500000, "netIncomeRatio": 0.0531914894, "eps": 0.18, "epsdiluted": 0.17, "weightedAverageShsOut": 19712811, "weightedAverageShsOutDil": 20721074, "link": null, "finalLink": null, "calculatedOtherExpenses": 800000, "calculatedOperatingExpenses": 7600000, "calculatedNetInterest": -200000, "calculatedOtherIncome": 300000, "calculatedIncomeNonControlling": 0, "calculatedEbitda": 2700000}, {"date": "1989-12-31", "symbol": "MYRG", "reportedCurrency": "USD", "cik": "0000700923", "fillingDate": "1989-12-31", "acceptedDate": "1989-12-31 00:00:00", "calendarYear": "1989", "period": "FY", "revenue": 59800000, "costOfRevenue": 49700000, "grossProfit": 10100000, "grossProfitRatio": 0.1688963211, "researchAndDevelopmentExpenses": 0, "generalAndAdministrativeExpenses": 0, "sellingAndMarketingExpenses": 0, "sellingGeneralAndAdministrativeExpenses": 7000000, "otherExpenses": 900000, "operatingExpenses": 7900000, "costAndExpenses": 57600000, "interestIncome": 0, "interestExpense": 600000, "depreciationAndAmortization": -900000, "ebitda": 1300000, "ebitdaratio": 0.0217391304, "operatingIncome": 2200000, "operatingIncomeRatio": 0.0367892977, "totalOtherIncomeExpensesNet": 1800000, "incomeBeforeTax": 3400000, "incomeBeforeTaxRatio": 0.0568561873, "incomeTaxExpense": 200000, "netIncome": 2700000, "netIncomeRatio": 0.0451505017, "eps": 0.14, "epsdiluted": 0.13, "weightedAverageShsOut": 19712811, "weightedAverageShsOutDil": 20721074, "link": null, "finalLink": null, "calculatedOtherExpenses": 900000, "calculatedOperatingExpenses": 7900000, "calculatedNetInterest": -600000, "calculatedOtherIncome": 1800000, "calculatedIncomeNonControlling": 500000, "calculatedEbitda": 1300000}, {"date": "1988-12-31", "symbol": "MYRG", "reportedCurrency": "USD", "cik": "0000700923", "fillingDate": "1988-12-31", "acceptedDate": "1988-12-31 00:00:00", "calendarYear": "1988", "period": "FY", "revenue": 57700000, "costOfRevenue": 44600000, "grossProfit": 13100000, "grossProfitRatio": 0.2270363951, "researchAndDevelopmentExpenses": 0, "generalAndAdministrativeExpenses": 0, "sellingAndMarketingExpenses": 0, "sellingGeneralAndAdministrativeExpenses": 11100000, "otherExpenses": 1300000, "operatingExpenses": 12400000, "costAndExpenses": 57000000, "interestIncome": 0, "interestExpense": 700000, "depreciationAndAmortization": 1300000, "ebitda": 1200000, "ebitdaratio": 0.020797227, "operatingIncome": 700000, "operatingIncomeRatio": 0.0121317158, "totalOtherIncomeExpensesNet": 800000, "incomeBeforeTax": -1200000, "incomeBeforeTaxRatio": -0.020797227, "incomeTaxExpense": 1200000, "netIncome": -1200000, "netIncomeRatio": -0.020797227, "eps": -0.0609, "epsdiluted": -0.0579, "weightedAverageShsOut": 19712811, "weightedAverageShsOutDil": 20721074, "link": null, "finalLink": null, "calculatedOtherExpenses": 1300000, "calculatedOperatingExpenses": 12400000, "calculatedNetInterest": -700000, "calculatedOtherIncome": -1200000, "calculatedIncomeNonControlling": -1200000, "calculatedEbitda": 2000000}, {"date": "1987-12-31", "symbol": "MYRG", "reportedCurrency": "USD", "cik": "0000700923", "fillingDate": "1987-12-31", "acceptedDate": "1987-12-31 00:00:00", "calendarYear": "1987", "period": "FY", "revenue": 70200000, "costOfRevenue": 58600000, "grossProfit": 11600000, "grossProfitRatio": 0.1652421652, "researchAndDevelopmentExpenses": 0, "generalAndAdministrativeExpenses": 0, "sellingAndMarketingExpenses": 0, "sellingGeneralAndAdministrativeExpenses": 13500000, "otherExpenses": 1900000, "operatingExpenses": 15400000, "costAndExpenses": 74000000, "interestIncome": 0, "interestExpense": 0, "depreciationAndAmortization": 1900000, "ebitda": -2400000, "ebitdaratio": -0.0341880342, "operatingIncome": -3800000, "operatingIncomeRatio": -0.0541310541, "totalOtherIncomeExpensesNet": 500000, "incomeBeforeTax": -4000000, "incomeBeforeTaxRatio": -0.056980057, "incomeTaxExpense": 4000000, "netIncome": -4000000, "netIncomeRatio": -0.056980057, "eps": -0.2, "epsdiluted": -0.19, "weightedAverageShsOut": 19712811, "weightedAverageShsOutDil": 20721074, "link": null, "finalLink": null, "calculatedOtherExpenses": 1900000, "calculatedOperatingExpenses": 15400000, "calculatedNetInterest": 0, "calculatedOtherIncome": -200000, "calculatedIncomeNonControlling": -4000000, "calculatedEbitda": -1900000}, {"date": "1986-12-31", "symbol": "MYRG", "reportedCurrency": "USD", "cik": "0000700923", "fillingDate": "1986-12-31", "acceptedDate": "1986-12-31 00:00:00", "calendarYear": "1986", "period": "FY", "revenue": 63100000, "costOfRevenue": 68300000, "grossProfit": -5200000, "grossProfitRatio": -0.0824088748, "researchAndDevelopmentExpenses": 0, "generalAndAdministrativeExpenses": 0, "sellingAndMarketingExpenses": 0, "sellingGeneralAndAdministrativeExpenses": 0, "otherExpenses": 2200000, "operatingExpenses": 2200000, "costAndExpenses": 70500000, "interestIncome": 0, "interestExpense": 700000, "depreciationAndAmortization": 2200000, "ebitda": -5700000, "ebitdaratio": -0.0903328051, "operatingIncome": -7400000, "operatingIncomeRatio": -0.117274168, "totalOtherIncomeExpensesNet": 500000, "incomeBeforeTax": -7600000, "incomeBeforeTaxRatio": -0.1204437401, "incomeTaxExpense": 7600000, "netIncome": -7600000, "netIncomeRatio": -0.1204437401, "eps": -0.39, "epsdiluted": -0.37, "weightedAverageShsOut": 19712811, "weightedAverageShsOutDil": 20721074, "link": null, "finalLink": null, "calculatedOtherExpenses": 2200000, "calculatedOperatingExpenses": 2200000, "calculatedNetInterest": -700000, "calculatedOtherIncome": 500000, "calculatedIncomeNonControlling": -7600000, "calculatedEbitda": -5200000}, {"date": "1985-12-31", "symbol": "MYRG", "reportedCurrency": "USD", "cik": "0000700923", "fillingDate": "1985-12-31", "acceptedDate": "1985-12-31 00:00:00", "calendarYear": "1985", "period": "FY", "revenue": 114300000, "costOfRevenue": 104300000, "grossProfit": 10000000, "grossProfitRatio": 0.0874890639, "researchAndDevelopmentExpenses": 0, "generalAndAdministrativeExpenses": 0, "sellingAndMarketingExpenses": 0, "sellingGeneralAndAdministrativeExpenses": 18900000, "otherExpenses": 3600000, "operatingExpenses": 22500000, "costAndExpenses": 126800000, "interestIncome": 0, "interestExpense": 3100000, "depreciationAndAmortization": 3600000, "ebitda": -8500000, "ebitdaratio": -0.0743657043, "operatingIncome": -12500000, "operatingIncomeRatio": -0.1093613298, "totalOtherIncomeExpensesNet": -400000, "incomeBeforeTax": -16000000, "incomeBeforeTaxRatio": -0.1399825022, "incomeTaxExpense": 300000, "netIncome": -16300000, "netIncomeRatio": -0.1426071741, "eps": -0.83, "epsdiluted": -0.79, "weightedAverageShsOut": 19712811, "weightedAverageShsOutDil": 20721074, "link": null, "finalLink": null, "calculatedOtherExpenses": 3600000, "calculatedOperatingExpenses": 22500000, "calculatedNetInterest": -3100000, "calculatedOtherIncome": -400000, "calculatedIncomeNonControlling": 0, "calculatedEbitda": -8900000}]}