{"originalCurrency": "USD", "convertedCurrency": "USD", "report": [{"date": "2024-02-29", "symbol": "NAN", "reportedCurrency": "USD", "cik": "0001074769", "fillingDate": "2024-02-29", "acceptedDate": "2024-02-28 19:00:00", "calendarYear": "2023", "period": "FY", "revenue": 27013668, "costOfRevenue": 4590042, "grossProfit": 22423626, "grossProfitRatio": 0.8300844595, "researchAndDevelopmentExpenses": 0, "generalAndAdministrativeExpenses": 1046598, "sellingAndMarketingExpenses": 45242, "sellingGeneralAndAdministrativeExpenses": 1046598, "otherExpenses": 21328824, "operatingExpenses": 1070910, "costAndExpenses": 1070910, "interestIncome": 27854548, "interestExpense": 9736738, "depreciationAndAmortization": -23113280, "ebitda": 25942758, "ebitdaratio": 0.960356735, "operatingIncome": 25942758, "operatingIncomeRatio": 0.960356735, "totalOtherIncomeExpensesNet": -9736732, "incomeBeforeTax": 25942758, "incomeBeforeTaxRatio": 0.960356735, "incomeTaxExpense": 13376548, "netIncome": 25942758, "netIncomeRatio": 0.960356735, "eps": 0.84, "epsdiluted": 0.84, "weightedAverageShsOut": 30851332, "weightedAverageShsOutDil": 30851332, "link": null, "finalLink": null, "calculatedOtherExpenses": -4565730, "calculatedOperatingExpenses": -3519132, "calculatedNetInterest": 18117810, "calculatedOtherIncome": -18117810, "calculatedIncomeNonControlling": -13376548, "calculatedEbitda": 2829478}, {"date": "2023-02-28", "symbol": "NAN", "reportedCurrency": "USD", "cik": "0001074769", "fillingDate": "2023-02-28", "acceptedDate": "2023-02-27 19:00:00", "calendarYear": "2022", "period": "FY", "revenue": -56831372, "costOfRevenue": -83397091, "grossProfit": 26565719, "grossProfitRatio": -0.4674481376, "researchAndDevelopmentExpenses": 0, "generalAndAdministrativeExpenses": 1085428, "sellingAndMarketingExpenses": 45118, "sellingGeneralAndAdministrativeExpenses": 1085428, "otherExpenses": -40846819, "operatingExpenses": 1113087, "costAndExpenses": 78782373, "interestIncome": 26565719, "interestExpense": 5727805, "depreciationAndAmortization": -21577032, "ebitda": -79521491, "ebitdaratio": 1.3992534088, "operatingIncome": 21577032, "operatingIncomeRatio": -0.3796676244, "totalOtherIncomeExpensesNet": -79521491, "incomeBeforeTax": -57944459, "incomeBeforeTaxRatio": 1.0195857844, "incomeTaxExpense": -79521491, "netIncome": -57944459, "netIncomeRatio": 1.0195857844, "eps": -1.88, "epsdiluted": -1.88, "weightedAverageShsOut": 30851332, "weightedAverageShsOutDil": 30851332, "link": null, "finalLink": null, "calculatedOtherExpenses": 3903259, "calculatedOperatingExpenses": 4988687, "calculatedNetInterest": 20837914, "calculatedOtherIncome": -100359405, "calculatedIncomeNonControlling": 79521491, "calculatedEbitda": 0}, {"date": "2022-02-28", "symbol": "NAN", "reportedCurrency": "USD", "cik": "0001074769", "fillingDate": "2022-02-28", "acceptedDate": "2022-02-27 19:00:00", "calendarYear": "2021", "period": "FY", "revenue": -731368, "costOfRevenue": 4524743, "grossProfit": -5256111, "grossProfitRatio": 7.1866844051, "researchAndDevelopmentExpenses": 0, "generalAndAdministrativeExpenses": 1056902, "sellingAndMarketingExpenses": 45118, "sellingGeneralAndAdministrativeExpenses": 1056902, "otherExpenses": -17991059, "operatingExpenses": 1083998, "costAndExpenses": 25046373, "interestIncome": 1753424, "interestExpense": 1753424, "depreciationAndAmortization": -19519075, "ebitda": -21334441, "ebitdaratio": 29.1705967447, "operatingIncome": 19519075, "operatingIncomeRatio": -26.6884454885, "totalOtherIncomeExpensesNet": -21334441, "incomeBeforeTax": -1815366, "incomeBeforeTaxRatio": 2.4821512563, "incomeTaxExpense": -21334441, "netIncome": -1815366, "netIncomeRatio": 2.4821512563, "eps": -0.0588, "epsdiluted": -0.0588, "weightedAverageShsOut": 30851332, "weightedAverageShsOutDil": 30851332, "link": null, "finalLink": null, "calculatedOtherExpenses": -25832088, "calculatedOperatingExpenses": -24775186, "calculatedNetInterest": 0, "calculatedOtherIncome": -21334441, "calculatedIncomeNonControlling": 21334441, "calculatedEbitda": 0}, {"date": "2021-02-28", "symbol": "NAN", "reportedCurrency": "USD", "cik": "0001074769", "fillingDate": "2021-02-28", "acceptedDate": "2021-02-27 19:00:00", "calendarYear": "2020", "period": "FY", "revenue": -1596837, "costOfRevenue": 4519185, "grossProfit": -6116022, "grossProfitRatio": 3.83008535, "researchAndDevelopmentExpenses": 0, "generalAndAdministrativeExpenses": 1041597, "sellingAndMarketingExpenses": 49074, "sellingGeneralAndAdministrativeExpenses": 1041597, "otherExpenses": 26284, "operatingExpenses": 1067881, "costAndExpenses": 28201014, "interestIncome": 2546244, "interestExpense": 2546244, "depreciationAndAmortization": -22646643, "ebitda": -25311361, "ebitdaratio": 15.850935944, "operatingIncome": 22646643, "operatingIncomeRatio": -14.1821882885, "totalOtherIncomeExpensesNet": -25311361, "incomeBeforeTax": -2664718, "incomeBeforeTaxRatio": 1.6687476555, "incomeTaxExpense": -25311361, "netIncome": -2664718, "netIncomeRatio": 1.6687476555, "eps": -0.0864, "epsdiluted": -0.0864, "weightedAverageShsOut": 30851332, "weightedAverageShsOutDil": 30851332, "link": null, "finalLink": null, "calculatedOtherExpenses": -29804262, "calculatedOperatingExpenses": -28762665, "calculatedNetInterest": 0, "calculatedOtherIncome": -25311361, "calculatedIncomeNonControlling": 25311361, "calculatedEbitda": 0}, {"date": "2020-02-29", "symbol": "NAN", "reportedCurrency": "USD", "cik": "0001074769", "fillingDate": "2020-02-29", "acceptedDate": "2020-02-28 19:00:00", "calendarYear": "2019", "period": "FY", "revenue": 60553580, "costOfRevenue": 31007754, "grossProfit": 29545826, "grossProfitRatio": 0.487928641, "researchAndDevelopmentExpenses": 0, "generalAndAdministrativeExpenses": 1052137, "sellingAndMarketingExpenses": 47838, "sellingGeneralAndAdministrativeExpenses": 1052137, "otherExpenses": 28406, "operatingExpenses": 1080543, "costAndExpenses": 35498695, "interestIncome": 5571484, "interestExpense": 5571484, "depreciationAndAmortization": -24039522, "ebitda": 35433515, "ebitdaratio": 0.5851597048, "operatingIncome": 24039522, "operatingIncomeRatio": 0.3969958836, "totalOtherIncomeExpensesNet": 35433515, "incomeBeforeTax": 59473037, "incomeBeforeTaxRatio": 0.9821555885, "incomeTaxExpense": 35433515, "netIncome": 59473037, "netIncomeRatio": 0.9821555885, "eps": 1.93, "epsdiluted": 1.93, "weightedAverageShsOut": 30851332, "weightedAverageShsOutDil": 30851332, "link": null, "finalLink": null, "calculatedOtherExpenses": 4454167, "calculatedOperatingExpenses": 5506304, "calculatedNetInterest": 0, "calculatedOtherIncome": 35433515, "calculatedIncomeNonControlling": -35433515, "calculatedEbitda": 0}, {"date": "2019-02-28", "symbol": "NAN", "reportedCurrency": "USD", "cik": "0001074769", "fillingDate": "2019-02-28", "acceptedDate": "2019-02-27 19:00:00", "calendarYear": "2018", "period": "FY", "revenue": 20280565, "costOfRevenue": 4469286, "grossProfit": 15811279, "grossProfitRatio": 0.7796271455, "researchAndDevelopmentExpenses": 0, "generalAndAdministrativeExpenses": 1196164, "sellingAndMarketingExpenses": 90236, "sellingGeneralAndAdministrativeExpenses": 1196164, "otherExpenses": 28276, "operatingExpenses": 1224440, "costAndExpenses": 5251159, "interestIncome": 5525750, "interestExpense": 5525750, "depreciationAndAmortization": -24307568, "ebitda": -5251443, "ebitdaratio": -0.2589396794, "operatingIncome": 24307568, "operatingIncomeRatio": 1.1985646356, "totalOtherIncomeExpensesNet": -5251443, "incomeBeforeTax": 19056125, "incomeBeforeTaxRatio": 0.9396249562, "incomeTaxExpense": -5251443, "netIncome": 19056125, "netIncomeRatio": 0.9396249562, "eps": 0.62, "epsdiluted": 0.62, "weightedAverageShsOut": 30735685, "weightedAverageShsOutDil": 30735685, "link": null, "finalLink": null, "calculatedOtherExpenses": -9692453, "calculatedOperatingExpenses": -8496289, "calculatedNetInterest": 0, "calculatedOtherIncome": -5251443, "calculatedIncomeNonControlling": 5251443, "calculatedEbitda": 0}, {"date": "2018-02-28", "symbol": "NAN", "reportedCurrency": "USD", "cik": "0001074769", "fillingDate": "2018-02-28", "acceptedDate": "2018-02-27 19:00:00", "calendarYear": "2017", "period": "FY", "revenue": 16193411, "costOfRevenue": 0, "grossProfit": 16193411, "grossProfitRatio": 1, "researchAndDevelopmentExpenses": 0, "generalAndAdministrativeExpenses": 1259415, "sellingAndMarketingExpenses": 0, "sellingGeneralAndAdministrativeExpenses": 1259415, "otherExpenses": 32069, "operatingExpenses": 1291484, "costAndExpenses": 1291484, "interestIncome": 0, "interestExpense": 4096011, "depreciationAndAmortization": 0, "ebitda": 18997938, "ebitdaratio": 1.1731893917, "operatingIncome": 18997938, "operatingIncomeRatio": 1.1731893917, "totalOtherIncomeExpensesNet": -4096011, "incomeBeforeTax": 14901927, "incomeBeforeTaxRatio": 0.9202463273, "incomeTaxExpense": 0, "netIncome": 14901927, "netIncomeRatio": 0.9202463273, "eps": 0.48, "epsdiluted": 0.48, "weightedAverageShsOut": 31045681, "weightedAverageShsOutDil": 31045681, "link": "", "finalLink": "", "calculatedOtherExpenses": -4063942, "calculatedOperatingExpenses": -2804527, "calculatedNetInterest": -4096011, "calculatedOtherIncome": 0, "calculatedIncomeNonControlling": 0, "calculatedEbitda": 18997938}, {"date": "2017-02-28", "symbol": "NAN", "reportedCurrency": "USD", "cik": "0001074769", "fillingDate": "2017-02-28", "acceptedDate": "2017-02-27 19:00:00", "calendarYear": "2016", "period": "FY", "revenue": 31207274, "costOfRevenue": 0, "grossProfit": 31207274, "grossProfitRatio": 1, "researchAndDevelopmentExpenses": 0, "generalAndAdministrativeExpenses": 5670442, "sellingAndMarketingExpenses": 89594, "sellingGeneralAndAdministrativeExpenses": 5760036, "otherExpenses": 0, "operatingExpenses": 74997546, "costAndExpenses": 74997546, "interestIncome": 3537346, "interestExpense": 0, "depreciationAndAmortization": -25447238, "ebitda": -72774856, "ebitdaratio": -2.3319837548, "operatingIncome": 25447238, "operatingIncomeRatio": 0.8154264932, "totalOtherIncomeExpensesNet": -72774856, "incomeBeforeTax": -47327618, "incomeBeforeTaxRatio": -1.5165572616, "incomeTaxExpense": -72774856, "netIncome": -47327618, "netIncomeRatio": -1.5165572616, "eps": 0, "epsdiluted": 0, "weightedAverageShsOut": 0, "weightedAverageShsOutDil": 0, "link": null, "finalLink": null, "calculatedOtherExpenses": 0, "calculatedOperatingExpenses": 5760036, "calculatedNetInterest": 3537346, "calculatedOtherIncome": -76312202, "calculatedIncomeNonControlling": 72774856, "calculatedEbitda": 0}, {"date": "2015-09-30", "symbol": "NAN", "reportedCurrency": "USD", "cik": "0001074769", "fillingDate": "2015-09-30", "acceptedDate": "2015-09-29 20:00:00", "calendarYear": "2015", "period": "FY", "revenue": 15723051, "costOfRevenue": 0, "grossProfit": 15723051, "grossProfitRatio": 1, "researchAndDevelopmentExpenses": 0, "generalAndAdministrativeExpenses": 2838745, "sellingAndMarketingExpenses": 0, "sellingGeneralAndAdministrativeExpenses": 2838745, "otherExpenses": 0, "operatingExpenses": 1307861, "costAndExpenses": 1307861, "interestIncome": 983273, "interestExpense": 0, "depreciationAndAmortization": -12884306, "ebitda": 3163333, "ebitdaratio": 0.2011907867, "operatingIncome": 12884306, "operatingIncomeRatio": 0.8194532982, "totalOtherIncomeExpensesNet": 3163333, "incomeBeforeTax": 16047639, "incomeBeforeTaxRatio": 1.0206440849, "incomeTaxExpense": 3163333, "netIncome": 16047639, "netIncomeRatio": 1.0206440849, "eps": 0.52, "epsdiluted": 0.52, "weightedAverageShsOut": 31126546, "weightedAverageShsOutDil": 31126557, "link": null, "finalLink": null, "calculatedOtherExpenses": 0, "calculatedOperatingExpenses": 2838745, "calculatedNetInterest": 983273, "calculatedOtherIncome": 2180060, "calculatedIncomeNonControlling": -3163333, "calculatedEbitda": 0}, {"date": "2014-09-30", "symbol": "NAN", "reportedCurrency": "USD", "cik": "0001074769", "fillingDate": "2014-09-30", "acceptedDate": "2014-09-29 20:00:00", "calendarYear": "2014", "period": "FY", "revenue": 9690523, "costOfRevenue": 0, "grossProfit": 9690523, "grossProfitRatio": 1, "researchAndDevelopmentExpenses": 0, "generalAndAdministrativeExpenses": 1567283, "sellingAndMarketingExpenses": 0, "sellingGeneralAndAdministrativeExpenses": 1567283, "otherExpenses": 0, "operatingExpenses": 8471807, "costAndExpenses": 8471807, "interestIncome": 1643061, "interestExpense": 0, "depreciationAndAmortization": -8123239, "ebitda": 8396030, "ebitdaratio": 0.866416601, "operatingIncome": 8123239, "operatingIncomeRatio": 0.8382663144, "totalOtherIncomeExpensesNet": 8396030, "incomeBeforeTax": 16519269, "incomeBeforeTaxRatio": 1.7046829155, "incomeTaxExpense": 8396030, "netIncome": 16519269, "netIncomeRatio": 1.7046829155, "eps": 1.78, "epsdiluted": 1.78, "weightedAverageShsOut": 9265330, "weightedAverageShsOutDil": 9265330, "link": null, "finalLink": null, "calculatedOtherExpenses": 1, "calculatedOperatingExpenses": 1567284, "calculatedNetInterest": 1643061, "calculatedOtherIncome": 6752969, "calculatedIncomeNonControlling": -8396030, "calculatedEbitda": 0}, {"date": "2013-09-30", "symbol": "NAN", "reportedCurrency": "USD", "cik": "0001074769", "fillingDate": "2013-09-30", "acceptedDate": "2013-09-29 20:00:00", "calendarYear": "2013", "period": "FY", "revenue": 9851218, "costOfRevenue": 0, "grossProfit": 9851218, "grossProfitRatio": 1, "researchAndDevelopmentExpenses": 0, "generalAndAdministrativeExpenses": 1566382, "sellingAndMarketingExpenses": 0, "sellingGeneralAndAdministrativeExpenses": 1566382, "otherExpenses": 0, "operatingExpenses": 17348097, "costAndExpenses": 17348097, "interestIncome": 1806449, "interestExpense": 0, "depreciationAndAmortization": -8284836, "ebitda": -17588164, "ebitdaratio": -1.7853796353, "operatingIncome": 8284836, "operatingIncomeRatio": 0.8409961083, "totalOtherIncomeExpensesNet": -17588164, "incomeBeforeTax": -9303328, "incomeBeforeTaxRatio": -0.944383527, "incomeTaxExpense": -17588164, "netIncome": -9303328, "netIncomeRatio": -0.944383527, "eps": -1, "epsdiluted": -1, "weightedAverageShsOut": 9265330, "weightedAverageShsOutDil": 9265330, "link": null, "finalLink": null, "calculatedOtherExpenses": 0, "calculatedOperatingExpenses": 1566382, "calculatedNetInterest": 1806449, "calculatedOtherIncome": -19394613, "calculatedIncomeNonControlling": 17588164, "calculatedEbitda": 0}, {"date": "2010-09-30", "symbol": "NAN", "reportedCurrency": "USD", "cik": "0001074769", "fillingDate": "2010-09-30", "acceptedDate": "2010-09-29 20:00:00", "calendarYear": "2010", "period": "FY", "revenue": 0, "costOfRevenue": 0, "grossProfit": 0, "grossProfitRatio": 0, "researchAndDevelopmentExpenses": 0, "generalAndAdministrativeExpenses": 0, "sellingAndMarketingExpenses": 0, "sellingGeneralAndAdministrativeExpenses": 0, "otherExpenses": 0, "operatingExpenses": 0, "costAndExpenses": 0, "interestIncome": 0, "interestExpense": 0, "depreciationAndAmortization": 0, "ebitda": 0, "ebitdaratio": 0, "operatingIncome": 0, "operatingIncomeRatio": 0, "totalOtherIncomeExpensesNet": 0, "incomeBeforeTax": 0, "incomeBeforeTaxRatio": 0, "incomeTaxExpense": 0, "netIncome": 0, "netIncomeRatio": 0, "eps": 0, "epsdiluted": 0, "weightedAverageShsOut": 9270000, "weightedAverageShsOutDil": 9270000, "link": "", "finalLink": "", "calculatedOtherExpenses": 0, "calculatedOperatingExpenses": 0, "calculatedNetInterest": 0, "calculatedOtherIncome": 0, "calculatedIncomeNonControlling": 0, "calculatedEbitda": 0}]}