{"originalCurrency": "USD", "convertedCurrency": "USD", "report": [{"date": "2023-12-31", "symbol": "NBIX", "reportedCurrency": "USD", "cik": "0000914475", "fillingDate": "2024-02-09", "acceptedDate": "2024-02-09 17:29:13", "calendarYear": "2023", "period": "FY", "revenue": 1887100000, "costOfRevenue": 39700000, "grossProfit": 1847400000, "grossProfitRatio": 0.9789624291, "researchAndDevelopmentExpenses": 565000000, "generalAndAdministrativeExpenses": 0, "sellingAndMarketingExpenses": 0, "sellingGeneralAndAdministrativeExpenses": 887600000, "otherExpenses": 143900000, "operatingExpenses": 1452600000, "costAndExpenses": 1492300000, "interestIncome": 57400000, "interestExpense": 4600000, "depreciationAndAmortization": 21300000, "ebitda": 416100000, "ebitdaratio": 0.220497059, "operatingIncome": 250900000, "operatingIncomeRatio": 0.1329553283, "totalOtherIncomeExpensesNet": -58100000, "incomeBeforeTax": 332100000, "incomeBeforeTaxRatio": 0.1759843146, "incomeTaxExpense": 82400000, "netIncome": 249700000, "netIncomeRatio": 0.1323194319, "eps": 2.56, "epsdiluted": 2.47, "weightedAverageShsOut": 97700000, "weightedAverageShsOutDil": 101000000, "link": "https://www.sec.gov/Archives/edgar/data/914475/000091447524000054/0000914475-24-000054-index.htm", "finalLink": "https://www.sec.gov/Archives/edgar/data/914475/000091447524000054/nbix-20231231.htm", "calculatedOtherExpenses": 143900000, "calculatedOperatingExpenses": 1596500000, "calculatedNetInterest": 52800000, "calculatedOtherIncome": 28400000, "calculatedIncomeNonControlling": 0, "calculatedEbitda": 272200000}, {"date": "2022-12-31", "symbol": "NBIX", "reportedCurrency": "USD", "cik": "0000914475", "fillingDate": "2023-02-09", "acceptedDate": "2023-02-09 16:02:45", "calendarYear": "2022", "period": "FY", "revenue": 1488700000, "costOfRevenue": 23200000, "grossProfit": 1465500000, "grossProfitRatio": 0.9844159334, "researchAndDevelopmentExpenses": 463800000, "generalAndAdministrativeExpenses": 0, "sellingAndMarketingExpenses": 0, "sellingGeneralAndAdministrativeExpenses": 752700000, "otherExpenses": 0, "operatingExpenses": 1216500000, "costAndExpenses": 1239700000, "interestIncome": 11200000, "interestExpense": 7100000, "depreciationAndAmortization": 15600000, "ebitda": 249000000, "ebitdaratio": 0.1672600255, "operatingIncome": 249000000, "operatingIncomeRatio": 0.1672600255, "totalOtherIncomeExpensesNet": -35100000, "incomeBeforeTax": 213900000, "incomeBeforeTaxRatio": 0.1436824075, "incomeTaxExpense": 59400000, "netIncome": 154500000, "netIncomeRatio": 0.1037818231, "eps": 1.61, "epsdiluted": 1.56, "weightedAverageShsOut": 95800000, "weightedAverageShsOutDil": 98900000, "link": "https://www.sec.gov/Archives/edgar/data/914475/000091447523000011/0000914475-23-000011-index.htm", "finalLink": "https://www.sec.gov/Archives/edgar/data/914475/000091447523000011/nbix-20221231.htm", "calculatedOtherExpenses": 0, "calculatedOperatingExpenses": 1216500000, "calculatedNetInterest": 4100000, "calculatedOtherIncome": -39200000, "calculatedIncomeNonControlling": 0, "calculatedEbitda": 264600000}, {"date": "2021-12-31", "symbol": "NBIX", "reportedCurrency": "USD", "cik": "0000914475", "fillingDate": "2022-02-11", "acceptedDate": "2022-02-11 17:11:18", "calendarYear": "2021", "period": "FY", "revenue": 1133500000, "costOfRevenue": 14300000, "grossProfit": 1119200000, "grossProfitRatio": 0.9873842082, "researchAndDevelopmentExpenses": 328100000, "generalAndAdministrativeExpenses": 0, "sellingAndMarketingExpenses": 0, "sellingGeneralAndAdministrativeExpenses": 583300000, "otherExpenses": 105300000, "operatingExpenses": 911400000, "costAndExpenses": 925700000, "interestIncome": 3800000, "interestExpense": 25800000, "depreciationAndAmortization": 10900000, "ebitda": 207800000, "ebitdaratio": 0.1833259815, "operatingIncome": 196900000, "operatingIncomeRatio": 0.1737097486, "totalOtherIncomeExpensesNet": -95500000, "incomeBeforeTax": 101400000, "incomeBeforeTaxRatio": 0.0894574327, "incomeTaxExpense": 11800000, "netIncome": 89600000, "netIncomeRatio": 0.0790471989, "eps": 0.95, "epsdiluted": 0.92, "weightedAverageShsOut": 94600000, "weightedAverageShsOutDil": 97900000, "link": "https://www.sec.gov/Archives/edgar/data/914475/000091447522000013/0000914475-22-000013-index.htm", "finalLink": "https://www.sec.gov/Archives/edgar/data/914475/000091447522000013/nbix-20211231.htm", "calculatedOtherExpenses": 10900000, "calculatedOperatingExpenses": 922300000, "calculatedNetInterest": -22000000, "calculatedOtherIncome": -73500000, "calculatedIncomeNonControlling": 0, "calculatedEbitda": 207800000}, {"date": "2020-12-31", "symbol": "NBIX", "reportedCurrency": "USD", "cik": "0000914475", "fillingDate": "2021-02-05", "acceptedDate": "2021-02-05 16:19:49", "calendarYear": "2020", "period": "FY", "revenue": 1045900000, "costOfRevenue": 10100000, "grossProfit": 1035800000, "grossProfitRatio": 0.9903432451, "researchAndDevelopmentExpenses": 275000000, "generalAndAdministrativeExpenses": 0, "sellingAndMarketingExpenses": 0, "sellingGeneralAndAdministrativeExpenses": 433300000, "otherExpenses": 164500000, "operatingExpenses": 708300000, "costAndExpenses": 718400000, "interestIncome": 12600000, "interestExpense": 32800000, "depreciationAndAmortization": 8600000, "ebitda": 327500000, "ebitdaratio": 0.31312745, "operatingIncome": 318900000, "operatingIncomeRatio": 0.3049048666, "totalOtherIncomeExpensesNet": -212200000, "incomeBeforeTax": 106700000, "incomeBeforeTaxRatio": 0.1020174013, "incomeTaxExpense": -300600000, "netIncome": 407300000, "netIncomeRatio": 0.3894253753, "eps": 4.37, "epsdiluted": 4.16, "weightedAverageShsOut": 93100000, "weightedAverageShsOutDil": 97800000, "link": "https://www.sec.gov/Archives/edgar/data/914475/000091447521000020/0000914475-21-000020-index.htm", "finalLink": "https://www.sec.gov/Archives/edgar/data/914475/000091447521000020/nbix-20201231.htm", "calculatedOtherExpenses": 8600000, "calculatedOperatingExpenses": 716900000, "calculatedNetInterest": -20200000, "calculatedOtherIncome": -192000000, "calculatedIncomeNonControlling": 0, "calculatedEbitda": 327500000}, {"date": "2019-12-31", "symbol": "NBIX", "reportedCurrency": "USD", "cik": "0000914475", "fillingDate": "2020-02-07", "acceptedDate": "2020-02-06 19:52:43", "calendarYear": "2019", "period": "FY", "revenue": 788100000, "costOfRevenue": 7400000, "grossProfit": 780700000, "grossProfitRatio": 0.9906103286, "researchAndDevelopmentExpenses": 200000000, "generalAndAdministrativeExpenses": 0, "sellingAndMarketingExpenses": 0, "sellingGeneralAndAdministrativeExpenses": 354100000, "otherExpenses": 154272000, "operatingExpenses": 554100000, "costAndExpenses": 561500000, "interestIncome": 19209000, "interestExpense": 32000000, "depreciationAndAmortization": 7452000, "ebitda": 226600000, "ebitdaratio": 0.2875269636, "operatingIncome": 219148000, "operatingIncomeRatio": 0.2780713107, "totalOtherIncomeExpensesNet": -172648000, "incomeBeforeTax": 46500000, "incomeBeforeTaxRatio": 0.0590026646, "incomeTaxExpense": 9500000, "netIncome": 37000000, "netIncomeRatio": 0.0469483568, "eps": 0.4, "epsdiluted": 0.39, "weightedAverageShsOut": 91627000, "weightedAverageShsOutDil": 95732000, "link": "https://www.sec.gov/Archives/edgar/data/914475/000156459020003773/0001564590-20-003773-index.htm", "finalLink": "https://www.sec.gov/Archives/edgar/data/914475/000156459020003773/nbix-10k_20191231.htm", "calculatedOtherExpenses": 7452000, "calculatedOperatingExpenses": 561552000, "calculatedNetInterest": -12791000, "calculatedOtherIncome": -159857000, "calculatedIncomeNonControlling": 0, "calculatedEbitda": 226600000}, {"date": "2018-12-31", "symbol": "NBIX", "reportedCurrency": "USD", "cik": "0000914475", "fillingDate": "2019-02-08", "acceptedDate": "2019-02-07 18:53:58", "calendarYear": "2018", "period": "FY", "revenue": 451240000, "costOfRevenue": 4889000, "grossProfit": 446351000, "grossProfitRatio": 0.9891654109, "researchAndDevelopmentExpenses": 160524000, "generalAndAdministrativeExpenses": 248932000, "sellingAndMarketingExpenses": 0, "sellingGeneralAndAdministrativeExpenses": 248932000, "otherExpenses": 0, "operatingExpenses": 409456000, "costAndExpenses": 414345000, "interestIncome": 0, "interestExpense": 30530000, "depreciationAndAmortization": 4024000, "ebitda": 36895000, "ebitdaratio": 0.0817635848, "operatingIncome": 36895000, "operatingIncomeRatio": 0.0817635848, "totalOtherIncomeExpensesNet": 15476000, "incomeBeforeTax": 21841000, "incomeBeforeTaxRatio": 0.0484021807, "incomeTaxExpense": 730000, "netIncome": 21111000, "netIncomeRatio": 0.0467844163, "eps": 0.22, "epsdiluted": 0.22, "weightedAverageShsOut": 95400000, "weightedAverageShsOutDil": 95400000, "link": "https://www.sec.gov/Archives/edgar/data/914475/000156459019002328/0001564590-19-002328-index.htm", "finalLink": "https://www.sec.gov/Archives/edgar/data/914475/000156459019002328/nbix-10k_20181231.htm", "calculatedOtherExpenses": 0, "calculatedOperatingExpenses": 409456000, "calculatedNetInterest": -30530000, "calculatedOtherIncome": 15476000, "calculatedIncomeNonControlling": 0, "calculatedEbitda": 40919000}, {"date": "2017-12-31", "symbol": "NBIX", "reportedCurrency": "USD", "cik": "0000914475", "fillingDate": "2018-02-13", "acceptedDate": "2018-02-13 17:04:33", "calendarYear": "2017", "period": "FY", "revenue": 161626000, "costOfRevenue": 1254000, "grossProfit": 160372000, "grossProfitRatio": 0.9922413473, "researchAndDevelopmentExpenses": 121827000, "generalAndAdministrativeExpenses": 169906000, "sellingAndMarketingExpenses": 0, "sellingGeneralAndAdministrativeExpenses": 169906000, "otherExpenses": -20000, "operatingExpenses": 291733000, "costAndExpenses": 292987000, "interestIncome": 0, "interestExpense": 19523000, "depreciationAndAmortization": 2400000, "ebitda": -131381000, "ebitdaratio": -0.812870454, "operatingIncome": -131361000, "operatingIncomeRatio": -0.8127467115, "totalOtherIncomeExpensesNet": 8342000, "incomeBeforeTax": -142542000, "incomeBeforeTaxRatio": -0.8819249378, "incomeTaxExpense": 17103000, "netIncome": -142542000, "netIncomeRatio": -0.8819249378, "eps": -1.62, "epsdiluted": -1.62, "weightedAverageShsOut": 87988888, "weightedAverageShsOutDil": 88089000, "link": "https://www.sec.gov/Archives/edgar/data/914475/000119312518042794/0001193125-18-042794-index.htm", "finalLink": "https://www.sec.gov/Archives/edgar/data/914475/000119312518042794/d520757d10k.htm", "calculatedOtherExpenses": 0, "calculatedOperatingExpenses": 291733000, "calculatedNetInterest": -19523000, "calculatedOtherIncome": 8342000, "calculatedIncomeNonControlling": -17103000, "calculatedEbitda": -128961000}, {"date": "2016-12-31", "symbol": "NBIX", "reportedCurrency": "USD", "cik": "0000914475", "fillingDate": "2017-02-14", "acceptedDate": "2017-02-14 17:34:18", "calendarYear": "2016", "period": "FY", "revenue": 15000000, "costOfRevenue": 0, "grossProfit": 15000000, "grossProfitRatio": 1, "researchAndDevelopmentExpenses": 94291000, "generalAndAdministrativeExpenses": 68081000, "sellingAndMarketingExpenses": 0, "sellingGeneralAndAdministrativeExpenses": 68081000, "otherExpenses": 13000, "operatingExpenses": 162372000, "costAndExpenses": 162372000, "interestIncome": 2838000, "interestExpense": 0, "depreciationAndAmortization": 1453000, "ebitda": -153641000, "ebitdaratio": -10.2427333333, "operatingIncome": -147372000, "operatingIncomeRatio": -9.8248, "totalOtherIncomeExpensesNet": 6282000, "incomeBeforeTax": -141090000, "incomeBeforeTaxRatio": -9.406, "incomeTaxExpense": -7722000, "netIncome": -141090000, "netIncomeRatio": -9.406, "eps": -1.63, "epsdiluted": -1.63, "weightedAverageShsOut": 86558282, "weightedAverageShsOutDil": 86713000, "link": "https://www.sec.gov/Archives/edgar/data/914475/000119312517043838/0001193125-17-043838-index.htm", "finalLink": "https://www.sec.gov/Archives/edgar/data/914475/000119312517043838/d324435d10k.htm", "calculatedOtherExpenses": 0, "calculatedOperatingExpenses": 162372000, "calculatedNetInterest": 2838000, "calculatedOtherIncome": 3444000, "calculatedIncomeNonControlling": 7722000, "calculatedEbitda": -145919000}, {"date": "2015-12-31", "symbol": "NBIX", "reportedCurrency": "USD", "cik": "0000914475", "fillingDate": "2016-02-11", "acceptedDate": "2016-02-11 16:25:57", "calendarYear": "2015", "period": "FY", "revenue": 19769000, "costOfRevenue": 0, "grossProfit": 19769000, "grossProfitRatio": 1, "researchAndDevelopmentExpenses": 81491000, "generalAndAdministrativeExpenses": 32480000, "sellingAndMarketingExpenses": 0, "sellingGeneralAndAdministrativeExpenses": 32480000, "otherExpenses": 11000, "operatingExpenses": 113971000, "costAndExpenses": 113971000, "interestIncome": 1928000, "interestExpense": 0, "depreciationAndAmortization": 1009000, "ebitda": -99464000, "ebitdaratio": -5.0313116496, "operatingIncome": -94202000, "operatingIncomeRatio": -4.7651373362, "totalOtherIncomeExpensesNet": 5273000, "incomeBeforeTax": -88929000, "incomeBeforeTaxRatio": -4.4984065962, "incomeTaxExpense": -6271000, "netIncome": -88929000, "netIncomeRatio": -4.4984065962, "eps": -1.05, "epsdiluted": -1.05, "weightedAverageShsOut": 84496000, "weightedAverageShsOutDil": 84496000, "link": "https://www.sec.gov/Archives/edgar/data/914475/000119312516459862/0001193125-16-459862-index.htm", "finalLink": "https://www.sec.gov/Archives/edgar/data/914475/000119312516459862/d119733d10k.htm", "calculatedOtherExpenses": 0, "calculatedOperatingExpenses": 113971000, "calculatedNetInterest": 1928000, "calculatedOtherIncome": 3345000, "calculatedIncomeNonControlling": 6271000, "calculatedEbitda": -93193000}, {"date": "2014-12-31", "symbol": "NBIX", "reportedCurrency": "USD", "cik": "0000914475", "fillingDate": "2015-02-09", "acceptedDate": "2015-02-09 16:17:01", "calendarYear": "2014", "period": "FY", "revenue": 0, "costOfRevenue": 0, "grossProfit": 0, "grossProfitRatio": 0, "researchAndDevelopmentExpenses": 46425000, "generalAndAdministrativeExpenses": 17986000, "sellingAndMarketingExpenses": 0, "sellingGeneralAndAdministrativeExpenses": 17986000, "otherExpenses": 18000, "operatingExpenses": 64411000, "costAndExpenses": 64411000, "interestIncome": 629000, "interestExpense": 0, "depreciationAndAmortization": 827000, "ebitda": -68262000, "ebitdaratio": 0, "operatingIncome": -64411000, "operatingIncomeRatio": 0, "totalOtherIncomeExpensesNet": 3869000, "incomeBeforeTax": -60542000, "incomeBeforeTaxRatio": 0, "incomeTaxExpense": -4678000, "netIncome": -60542000, "netIncomeRatio": 0, "eps": -0.81, "epsdiluted": -0.81, "weightedAverageShsOut": 74577000, "weightedAverageShsOutDil": 74577000, "link": "https://www.sec.gov/Archives/edgar/data/914475/000119312515039176/0001193125-15-039176-index.htm", "finalLink": "https://www.sec.gov/Archives/edgar/data/914475/000119312515039176/d833755d10k.htm", "calculatedOtherExpenses": 0, "calculatedOperatingExpenses": 64411000, "calculatedNetInterest": 629000, "calculatedOtherIncome": 3240000, "calculatedIncomeNonControlling": 4678000, "calculatedEbitda": -63584000}, {"date": "2013-12-31", "symbol": "NBIX", "reportedCurrency": "USD", "cik": "0000914475", "fillingDate": "2014-02-11", "acceptedDate": "2014-02-11 16:27:33", "calendarYear": "2013", "period": "FY", "revenue": 2919000, "costOfRevenue": 0, "grossProfit": 2919000, "grossProfitRatio": 1, "researchAndDevelopmentExpenses": 39248000, "generalAndAdministrativeExpenses": 13349000, "sellingAndMarketingExpenses": 0, "sellingGeneralAndAdministrativeExpenses": 13349000, "otherExpenses": 16000, "operatingExpenses": 52597000, "costAndExpenses": 52597000, "interestIncome": 400000, "interestExpense": 0, "depreciationAndAmortization": 671000, "ebitda": -53250000, "ebitdaratio": -18.2425488181, "operatingIncome": -49678000, "operatingIncomeRatio": -17.0188420692, "totalOtherIncomeExpensesNet": 3588000, "incomeBeforeTax": -46090000, "incomeBeforeTaxRatio": -15.7896539911, "incomeTaxExpense": -4243000, "netIncome": -46090000, "netIncomeRatio": -15.7896539911, "eps": -0.69, "epsdiluted": -0.69, "weightedAverageShsOut": 66797101, "weightedAverageShsOutDil": 66989000, "link": "https://www.sec.gov/Archives/edgar/data/914475/000119312514045619/0001193125-14-045619-index.htm", "finalLink": "https://www.sec.gov/Archives/edgar/data/914475/000119312514045619/d647198d10k.htm", "calculatedOtherExpenses": 0, "calculatedOperatingExpenses": 52597000, "calculatedNetInterest": 400000, "calculatedOtherIncome": 3188000, "calculatedIncomeNonControlling": 4243000, "calculatedEbitda": -49007000}, {"date": "2012-12-31", "symbol": "NBIX", "reportedCurrency": "USD", "cik": "0000914475", "fillingDate": "2013-02-08", "acceptedDate": "2013-02-08 13:42:17", "calendarYear": "2012", "period": "FY", "revenue": 53140000, "costOfRevenue": 0, "grossProfit": 53140000, "grossProfitRatio": 1, "researchAndDevelopmentExpenses": 37163000, "generalAndAdministrativeExpenses": 13437000, "sellingAndMarketingExpenses": 0, "sellingGeneralAndAdministrativeExpenses": 13437000, "otherExpenses": 14000, "operatingExpenses": 51692000, "costAndExpenses": 51692000, "interestIncome": 489000, "interestExpense": 0, "depreciationAndAmortization": 657000, "ebitda": -2115000, "ebitdaratio": -0.0398005269, "operatingIncome": 1448000, "operatingIncomeRatio": 0.0272487768, "totalOtherIncomeExpensesNet": 3577000, "incomeBeforeTax": 5025000, "incomeBeforeTaxRatio": 0.0945615356, "incomeTaxExpense": -4220000, "netIncome": 5025000, "netIncomeRatio": 0.0945615356, "eps": 0.0766, "epsdiluted": 0.0751, "weightedAverageShsOut": 65619000, "weightedAverageShsOutDil": 66946000, "link": "https://www.sec.gov/Archives/edgar/data/914475/000119312513045687/0001193125-13-045687-index.htm", "finalLink": "https://www.sec.gov/Archives/edgar/data/914475/000119312513045687/d443520d10k.htm", "calculatedOtherExpenses": 1092000, "calculatedOperatingExpenses": 51692000, "calculatedNetInterest": 489000, "calculatedOtherIncome": 3088000, "calculatedIncomeNonControlling": 4220000, "calculatedEbitda": 2105000}, {"date": "2011-12-31", "symbol": "NBIX", "reportedCurrency": "USD", "cik": "0000914475", "fillingDate": "2012-02-09", "acceptedDate": "2012-02-09 13:28:09", "calendarYear": "2011", "period": "FY", "revenue": 77413000, "costOfRevenue": 0, "grossProfit": 77413000, "grossProfitRatio": 1, "researchAndDevelopmentExpenses": 30951000, "generalAndAdministrativeExpenses": 12540000, "sellingAndMarketingExpenses": -82000, "sellingGeneralAndAdministrativeExpenses": 12458000, "otherExpenses": 42229000, "operatingExpenses": 43409000, "costAndExpenses": 43409000, "interestIncome": 0, "interestExpense": 0, "depreciationAndAmortization": 694000, "ebitda": 30437000, "ebitdaratio": 0.3931768566, "operatingIncome": 33922000, "operatingIncomeRatio": 0.4381951352, "totalOtherIncomeExpensesNet": 3567000, "incomeBeforeTax": 37571000, "incomeBeforeTaxRatio": 0.485331921, "incomeTaxExpense": -4261000, "netIncome": 37571000, "netIncomeRatio": 0.485331921, "eps": 0.68, "epsdiluted": 0.67, "weightedAverageShsOut": 55176000, "weightedAverageShsOutDil": 56347000, "link": "https://www.sec.gov/Archives/edgar/data/914475/000119312512048679/0001193125-12-048679-index.htm", "finalLink": "https://www.sec.gov/Archives/edgar/data/914475/000119312512048679/d263842d10k.htm", "calculatedOtherExpenses": 82000, "calculatedOperatingExpenses": 43491000, "calculatedNetInterest": 0, "calculatedOtherIncome": 3649000, "calculatedIncomeNonControlling": 4261000, "calculatedEbitda": 34616000}, {"date": "2010-12-31", "symbol": "NBIX", "reportedCurrency": "USD", "cik": "0000914475", "fillingDate": "2011-02-10", "acceptedDate": "2011-02-10 16:32:07", "calendarYear": "2010", "period": "FY", "revenue": 33501000, "costOfRevenue": 0, "grossProfit": 33501000, "grossProfitRatio": 1, "researchAndDevelopmentExpenses": 31151000, "generalAndAdministrativeExpenses": 16072000, "sellingAndMarketingExpenses": 0, "sellingGeneralAndAdministrativeExpenses": 16072000, "otherExpenses": 73290000, "operatingExpenses": 47223000, "costAndExpenses": 47223000, "interestIncome": 0, "interestExpense": -7025000, "depreciationAndAmortization": 1436000, "ebitda": -12286000, "ebitdaratio": -0.3667353213, "operatingIncome": -13722000, "operatingIncomeRatio": -0.4095997134, "totalOtherIncomeExpensesNet": 5754000, "incomeBeforeTax": -7968000, "incomeBeforeTaxRatio": -0.2378436465, "incomeTaxExpense": 0, "netIncome": -7968000, "netIncomeRatio": -0.2378436465, "eps": -0.15, "epsdiluted": -0.15, "weightedAverageShsOut": 52820000, "weightedAverageShsOutDil": 52820000, "link": "https://www.sec.gov/Archives/edgar/data/914475/000119312511030707/0001193125-11-030707-index.htm", "finalLink": "https://www.sec.gov/Archives/edgar/data/914475/000119312511030707/d10k.htm", "calculatedOtherExpenses": 0, "calculatedOperatingExpenses": 47223000, "calculatedNetInterest": 7025000, "calculatedOtherIncome": -1271000, "calculatedIncomeNonControlling": 0, "calculatedEbitda": -12286000}, {"date": "2009-12-31", "symbol": "NBIX", "reportedCurrency": "USD", "cik": "0000914475", "fillingDate": "2010-02-08", "acceptedDate": "2010-02-05 21:12:05", "calendarYear": "2009", "period": "FY", "revenue": 2953000, "costOfRevenue": 0, "grossProfit": 2953000, "grossProfitRatio": 1, "researchAndDevelopmentExpenses": 35810000, "generalAndAdministrativeExpenses": 14829000, "sellingAndMarketingExpenses": 0, "sellingGeneralAndAdministrativeExpenses": 14829000, "otherExpenses": 70986000, "operatingExpenses": 50639000, "costAndExpenses": 50639000, "interestIncome": 691000, "interestExpense": -7025000, "depreciationAndAmortization": 3179000, "ebitda": -44334000, "ebitdaratio": -15.0132069082, "operatingIncome": -53670000, "operatingIncomeRatio": -18.174737555, "totalOtherIncomeExpensesNet": -3352000, "incomeBeforeTax": -88613000, "incomeBeforeTaxRatio": -30.0077886895, "incomeTaxExpense": 173000, "netIncome": -51038000, "netIncomeRatio": -17.2834405689, "eps": -1.3, "epsdiluted": -1.3, "weightedAverageShsOut": 39137000, "weightedAverageShsOutDil": 39137000, "link": "https://www.sec.gov/Archives/edgar/data/914475/000119312510023586/0001193125-10-023586-index.htm", "finalLink": "https://www.sec.gov/Archives/edgar/data/914475/000119312510023586/d10k.htm", "calculatedOtherExpenses": 5984000, "calculatedOperatingExpenses": 56623000, "calculatedNetInterest": 7716000, "calculatedOtherIncome": -42659000, "calculatedIncomeNonControlling": -37748000, "calculatedEbitda": -50491000}, {"date": "2008-12-31", "symbol": "NBIX", "reportedCurrency": "USD", "cik": "0000914475", "fillingDate": "2009-02-04", "acceptedDate": "2009-02-04 16:46:26", "calendarYear": "2008", "period": "FY", "revenue": 3975000, "costOfRevenue": 0, "grossProfit": 3975000, "grossProfitRatio": 1, "researchAndDevelopmentExpenses": 55291000, "generalAndAdministrativeExpenses": 20240000, "sellingAndMarketingExpenses": 0, "sellingGeneralAndAdministrativeExpenses": 20240000, "otherExpenses": 15742000, "operatingExpenses": 91273000, "costAndExpenses": 91273000, "interestIncome": 0, "interestExpense": -7025000, "depreciationAndAmortization": 7610000, "ebitda": -65617000, "ebitdaratio": -16.5074213836, "operatingIncome": -87298000, "operatingIncomeRatio": -21.9617610063, "totalOtherIncomeExpensesNet": -14071000, "incomeBeforeTax": -88613000, "incomeBeforeTaxRatio": -22.2925786164, "incomeTaxExpense": 1315000, "netIncome": -88613000, "netIncomeRatio": -22.2925786164, "eps": -2.3, "epsdiluted": -2.3, "weightedAverageShsOut": 38449000, "weightedAverageShsOutDil": 38449000, "link": "https://www.sec.gov/Archives/edgar/data/914475/000093639209000039/0000936392-09-000039-index.htm", "finalLink": "https://www.sec.gov/Archives/edgar/data/914475/000093639209000039/a51044e10vk.htm", "calculatedOtherExpenses": 15742000, "calculatedOperatingExpenses": 91273000, "calculatedNetInterest": 7025000, "calculatedOtherIncome": -8340000, "calculatedIncomeNonControlling": -1315000, "calculatedEbitda": -79688000}, {"date": "2007-12-31", "symbol": "NBIX", "reportedCurrency": "USD", "cik": "0000914475", "fillingDate": "2008-02-11", "acceptedDate": "2008-02-08 20:04:26", "calendarYear": "2007", "period": "FY", "revenue": 1224000, "costOfRevenue": 0, "grossProfit": 1224000, "grossProfitRatio": 1, "researchAndDevelopmentExpenses": 81985000, "generalAndAdministrativeExpenses": 37481000, "sellingAndMarketingExpenses": 0, "sellingGeneralAndAdministrativeExpenses": 37481000, "otherExpenses": 94000000, "operatingExpenses": 213466000, "costAndExpenses": 213466000, "interestIncome": 8866000, "interestExpense": -3923000, "depreciationAndAmortization": 9404000, "ebitda": -108838000, "ebitdaratio": -88.9199346405, "operatingIncome": -212242000, "operatingIncomeRatio": -173.4003267974, "totalOtherIncomeExpensesNet": -94000000, "incomeBeforeTax": -207299000, "incomeBeforeTaxRatio": -169.3619281046, "incomeTaxExpense": -4943000, "netIncome": -207299000, "netIncomeRatio": -169.3619281046, "eps": -5.45, "epsdiluted": -5.45, "weightedAverageShsOut": 38009000, "weightedAverageShsOutDil": 38009000, "link": "https://www.sec.gov/Archives/edgar/data/914475/000093639208000107/0000936392-08-000107-index.htm", "finalLink": "https://www.sec.gov/Archives/edgar/data/914475/000093639208000107/a37667e10vk.htm", "calculatedOtherExpenses": 94000000, "calculatedOperatingExpenses": 213466000, "calculatedNetInterest": 12789000, "calculatedOtherIncome": -7846000, "calculatedIncomeNonControlling": 4943000, "calculatedEbitda": -202838000}, {"date": "2006-12-31", "symbol": "NBIX", "reportedCurrency": "USD", "cik": "0000914475", "fillingDate": "2007-02-09", "acceptedDate": "2007-02-09 17:24:23", "calendarYear": "2006", "period": "FY", "revenue": 39234000, "costOfRevenue": 0, "grossProfit": 39234000, "grossProfitRatio": 1, "researchAndDevelopmentExpenses": 97678000, "generalAndAdministrativeExpenses": 54873000, "sellingAndMarketingExpenses": 0, "sellingGeneralAndAdministrativeExpenses": 54873000, "otherExpenses": 90962000, "operatingExpenses": 152551000, "costAndExpenses": 152551000, "interestIncome": 9834000, "interestExpense": -3722000, "depreciationAndAmortization": 10566000, "ebitda": -102751000, "ebitdaratio": -2.6189274609, "operatingIncome": -113317000, "operatingIncomeRatio": -2.8882346944, "totalOtherIncomeExpensesNet": 6112000, "incomeBeforeTax": -107205000, "incomeBeforeTaxRatio": -2.7324514452, "incomeTaxExpense": 0, "netIncome": -107205000, "netIncomeRatio": -2.7324514452, "eps": -2.84, "epsdiluted": -2.84, "weightedAverageShsOut": 37722000, "weightedAverageShsOutDil": 37722000, "link": "https://www.sec.gov/Archives/edgar/data/914475/000093639207000102/0000936392-07-000102-index.htm", "finalLink": "https://www.sec.gov/Archives/edgar/data/914475/000093639207000102/a26988e10vk.htm", "calculatedOtherExpenses": 0, "calculatedOperatingExpenses": 152551000, "calculatedNetInterest": 13556000, "calculatedOtherIncome": -7444000, "calculatedIncomeNonControlling": 0, "calculatedEbitda": -102751000}, {"date": "2005-12-31", "symbol": "NBIX", "reportedCurrency": "USD", "cik": "0000914475", "fillingDate": "2006-02-07", "acceptedDate": "2006-02-06 19:28:31", "calendarYear": "2005", "period": "FY", "revenue": 123889000, "costOfRevenue": 0, "grossProfit": 123889000, "grossProfitRatio": 1, "researchAndDevelopmentExpenses": 106628000, "generalAndAdministrativeExpenses": 42333000, "sellingAndMarketingExpenses": 0, "sellingGeneralAndAdministrativeExpenses": 42333000, "otherExpenses": 97441000, "operatingExpenses": 148961000, "costAndExpenses": 148961000, "interestIncome": 7039000, "interestExpense": -4158000, "depreciationAndAmortization": 10094000, "ebitda": -14978000, "ebitdaratio": -0.1208985463, "operatingIncome": -25072000, "operatingIncomeRatio": -0.2023747064, "totalOtherIncomeExpensesNet": 2881000, "incomeBeforeTax": -22191000, "incomeBeforeTaxRatio": -0.1791200187, "incomeTaxExpense": 0, "netIncome": -22191000, "netIncomeRatio": -0.1791200187, "eps": -0.6, "epsdiluted": -0.58, "weightedAverageShsOut": 36763000, "weightedAverageShsOutDil": 37992000, "link": "https://www.sec.gov/Archives/edgar/data/914475/000093639206000084/0000936392-06-000084-index.htm", "finalLink": "https://www.sec.gov/Archives/edgar/data/914475/000093639206000084/a16665e10vk.htm", "calculatedOtherExpenses": 0, "calculatedOperatingExpenses": 148961000, "calculatedNetInterest": 11197000, "calculatedOtherIncome": -8316000, "calculatedIncomeNonControlling": 0, "calculatedEbitda": -14978000}, {"date": "2004-12-31", "symbol": "NBIX", "reportedCurrency": "USD", "cik": "0000914475", "fillingDate": "2005-02-16", "acceptedDate": "2005-02-16 12:04:38", "calendarYear": "2004", "period": "FY", "revenue": 85176000, "costOfRevenue": 0, "grossProfit": 85176000, "grossProfitRatio": 1, "researchAndDevelopmentExpenses": 115066000, "generalAndAdministrativeExpenses": 22444000, "sellingAndMarketingExpenses": 0, "sellingGeneralAndAdministrativeExpenses": 22444000, "otherExpenses": 87910000, "operatingExpenses": 137510000, "costAndExpenses": 137510000, "interestIncome": 8736000, "interestExpense": -1961000, "depreciationAndAmortization": 7081000, "ebitda": -45118000, "ebitdaratio": -0.5297032028, "operatingIncome": -52334000, "operatingIncomeRatio": -0.6144219029, "totalOtherIncomeExpensesNet": -135000, "incomeBeforeTax": -45694000, "incomeBeforeTaxRatio": -0.5364656711, "incomeTaxExpense": 79000, "netIncome": -45773000, "netIncomeRatio": -0.5373931624, "eps": -1.26, "epsdiluted": -1.26, "weightedAverageShsOut": 36201000, "weightedAverageShsOutDil": 36201000, "link": "https://www.sec.gov/Archives/edgar/data/914475/000093639205000031/0000936392-05-000031-index.htm", "finalLink": "https://www.sec.gov/Archives/edgar/data/914475/000093639205000031/a05306e10vk.htm", "calculatedOtherExpenses": 0, "calculatedOperatingExpenses": 137510000, "calculatedNetInterest": 10697000, "calculatedOtherIncome": -4057000, "calculatedIncomeNonControlling": 0, "calculatedEbitda": -45253000}, {"date": "2003-12-31", "symbol": "NBIX", "reportedCurrency": "USD", "cik": "0000914475", "fillingDate": "2004-03-15", "acceptedDate": "2004-03-15 12:49:31", "calendarYear": "2003", "period": "FY", "revenue": 139078000, "costOfRevenue": 0, "grossProfit": 139078000, "grossProfitRatio": 1, "researchAndDevelopmentExpenses": 177271000, "generalAndAdministrativeExpenses": 20594000, "sellingAndMarketingExpenses": 0, "sellingGeneralAndAdministrativeExpenses": 20594000, "otherExpenses": 80572000, "operatingExpenses": 197865000, "costAndExpenses": 197865000, "interestIncome": 11117000, "interestExpense": -516000, "depreciationAndAmortization": 3692000, "ebitda": -73183000, "ebitdaratio": -0.5262011245, "operatingIncome": -58787000, "operatingIncomeRatio": -0.4226908641, "totalOtherIncomeExpensesNet": 18088000, "incomeBeforeTax": -30098000, "incomeBeforeTaxRatio": -0.2164109349, "incomeTaxExpense": 158000, "netIncome": -30256000, "netIncomeRatio": -0.217546988, "eps": -0.93, "epsdiluted": -0.93, "weightedAverageShsOut": 32374000, "weightedAverageShsOutDil": 32374000, "link": "https://www.sec.gov/Archives/edgar/data/914475/000093639204000211/0000936392-04-000211-index.htm", "finalLink": "https://www.sec.gov/Archives/edgar/data/914475/000093639204000211/a97209e10vk.htm", "calculatedOtherExpenses": 0, "calculatedOperatingExpenses": 197865000, "calculatedNetInterest": 11633000, "calculatedOtherIncome": 17056000, "calculatedIncomeNonControlling": 0, "calculatedEbitda": -55095000}, {"date": "2002-12-31", "symbol": "NBIX", "reportedCurrency": "USD", "cik": "0000914475", "fillingDate": "2003-03-04", "acceptedDate": "2003-03-04 16:36:54", "calendarYear": "2002", "period": "FY", "revenue": 18045000, "costOfRevenue": 0, "grossProfit": 18045000, "grossProfitRatio": 1, "researchAndDevelopmentExpenses": 108939000, "generalAndAdministrativeExpenses": 12721000, "sellingAndMarketingExpenses": 0, "sellingGeneralAndAdministrativeExpenses": 12721000, "otherExpenses": 96575000, "operatingExpenses": 121660000, "costAndExpenses": 121660000, "interestIncome": 9349000, "interestExpense": -485000, "depreciationAndAmortization": 3098000, "ebitda": -100732000, "ebitdaratio": -5.5822665558, "operatingIncome": -103615000, "operatingIncomeRatio": -5.7420338044, "totalOtherIncomeExpensesNet": 215000, "incomeBeforeTax": -94536000, "incomeBeforeTaxRatio": -5.2389027431, "incomeTaxExpense": -9079000, "netIncome": -94536000, "netIncomeRatio": -5.2389027431, "eps": -3.1, "epsdiluted": -3.1, "weightedAverageShsOut": 30488000, "weightedAverageShsOutDil": 30488000, "link": "https://www.sec.gov/Archives/edgar/data/914475/000093639203000214/0000936392-03-000214-index.htm", "finalLink": "https://www.sec.gov/Archives/edgar/data/914475/000093639203000214/a88112ore10vk.htm", "calculatedOtherExpenses": 0, "calculatedOperatingExpenses": 121660000, "calculatedNetInterest": 9834000, "calculatedOtherIncome": -755000, "calculatedIncomeNonControlling": 9079000, "calculatedEbitda": -100517000}, {"date": "2001-12-31", "symbol": "NBIX", "reportedCurrency": "USD", "cik": "0000914475", "fillingDate": "2002-03-26", "acceptedDate": "2002-03-26 00:00:00", "calendarYear": "2001", "period": "FY", "revenue": 41242000, "costOfRevenue": 0, "grossProfit": 41242000, "grossProfitRatio": 1, "researchAndDevelopmentExpenses": 74267000, "generalAndAdministrativeExpenses": 10857000, "sellingAndMarketingExpenses": 0, "sellingGeneralAndAdministrativeExpenses": 10857000, "otherExpenses": 0, "operatingExpenses": 85124000, "costAndExpenses": 85124000, "interestIncome": 0, "interestExpense": 0, "depreciationAndAmortization": 2651000, "ebitda": -41661000, "ebitdaratio": -1.0101595461, "operatingIncome": -43882000, "operatingIncomeRatio": -1.0640124145, "totalOtherIncomeExpensesNet": 430000, "incomeBeforeTax": -36790000, "incomeBeforeTaxRatio": -0.8920517919, "incomeTaxExpense": 120000, "netIncome": -36910000, "netIncomeRatio": -0.8949614471, "eps": -1.42, "epsdiluted": -1.42, "weightedAverageShsOut": 26028000, "weightedAverageShsOutDil": 26028000, "link": "https://www.sec.gov/Archives/edgar/data/914475/000089843002001036/0000898430-02-001036-index.htm", "finalLink": "https://www.sec.gov/Archives/edgar/data/914475/000089843002001036/d10k.txt", "calculatedOtherExpenses": 0, "calculatedOperatingExpenses": 85124000, "calculatedNetInterest": 0, "calculatedOtherIncome": 7092000, "calculatedIncomeNonControlling": 0, "calculatedEbitda": -41231000}, {"date": "2000-12-31", "symbol": "NBIX", "reportedCurrency": "USD", "cik": "0000914475", "fillingDate": "2001-03-30", "acceptedDate": "2001-03-30 00:00:00", "calendarYear": "2000", "period": "FY", "revenue": 14588000, "costOfRevenue": -2198000, "grossProfit": 16786000, "grossProfitRatio": 1.150671785, "researchAndDevelopmentExpenses": 40227000, "generalAndAdministrativeExpenses": 9962000, "sellingAndMarketingExpenses": 0, "sellingGeneralAndAdministrativeExpenses": 9962000, "otherExpenses": 2198000, "operatingExpenses": 52387000, "costAndExpenses": 50189000, "interestIncome": 0, "interestExpense": 0, "depreciationAndAmortization": 2198000, "ebitda": -34450000, "ebitdaratio": -2.3615300247, "operatingIncome": -35601000, "operatingIncomeRatio": -2.4404304908, "totalOtherIncomeExpensesNet": 1047000, "incomeBeforeTax": -28506000, "incomeBeforeTaxRatio": -1.9540718399, "incomeTaxExpense": 302000, "netIncome": -28808000, "netIncomeRatio": -1.9747737867, "eps": -1.3, "epsdiluted": -1.3, "weightedAverageShsOut": 22124000, "weightedAverageShsOutDil": 22124000, "link": "https://www.sec.gov/Archives/edgar/data/914475/000091447501000010/0000914475-01-000010-index.htm", "finalLink": "https://www.sec.gov/Archives/edgar/data/914475/000091447501000010/0000914475-01-000010-0001.txt", "calculatedOtherExpenses": 2198000, "calculatedOperatingExpenses": 52387000, "calculatedNetInterest": 0, "calculatedOtherIncome": 7095000, "calculatedIncomeNonControlling": 0, "calculatedEbitda": -33403000}, {"date": "1999-12-31", "symbol": "NBIX", "reportedCurrency": "USD", "cik": "0000914475", "fillingDate": "2000-03-30", "acceptedDate": "2000-03-30 00:00:00", "calendarYear": "1999", "period": "FY", "revenue": 16800000, "costOfRevenue": -2100000, "grossProfit": 18900000, "grossProfitRatio": 1.125, "researchAndDevelopmentExpenses": 29200000, "generalAndAdministrativeExpenses": 7500000, "sellingAndMarketingExpenses": 0, "sellingGeneralAndAdministrativeExpenses": 7500000, "otherExpenses": 2100000, "operatingExpenses": 38800000, "costAndExpenses": 36700000, "interestIncome": 0, "interestExpense": 0, "depreciationAndAmortization": 2100000, "ebitda": -18000000, "ebitdaratio": -1.0714285714, "operatingIncome": -19900000, "operatingIncomeRatio": -1.1845238095, "totalOtherIncomeExpensesNet": 200000, "incomeBeforeTax": -19700000, "incomeBeforeTaxRatio": -1.1726190476, "incomeTaxExpense": -3100000, "netIncome": -16800000, "netIncomeRatio": -1, "eps": -0.88, "epsdiluted": -0.88, "weightedAverageShsOut": 19072000, "weightedAverageShsOutDil": 19072000, "link": "https://www.sec.gov/Archives/edgar/data/914475/000091447500000010/0000914475-00-000010-index.html", "finalLink": "https://www.sec.gov/Archives/edgar/data/914475/000091447500000010/", "calculatedOtherExpenses": 2100000, "calculatedOperatingExpenses": 38800000, "calculatedNetInterest": 0, "calculatedOtherIncome": 200000, "calculatedIncomeNonControlling": 200000, "calculatedEbitda": -17800000}, {"date": "1998-12-31", "symbol": "NBIX", "reportedCurrency": "USD", "cik": "0000914475", "fillingDate": "1999-03-31", "acceptedDate": "1999-03-31 00:00:00", "calendarYear": "1998", "period": "FY", "revenue": 16000000, "costOfRevenue": -1700000, "grossProfit": 17700000, "grossProfitRatio": 1.10625, "researchAndDevelopmentExpenses": 21800000, "generalAndAdministrativeExpenses": 6600000, "sellingAndMarketingExpenses": 0, "sellingGeneralAndAdministrativeExpenses": 6600000, "otherExpenses": 1700000, "operatingExpenses": 30100000, "costAndExpenses": 28400000, "interestIncome": 0, "interestExpense": 0, "depreciationAndAmortization": 1700000, "ebitda": -3300000, "ebitdaratio": -0.20625, "operatingIncome": -12400000, "operatingIncomeRatio": -0.775, "totalOtherIncomeExpensesNet": -7400000, "incomeBeforeTax": -19800000, "incomeBeforeTaxRatio": -1.2375, "incomeTaxExpense": 7600000, "netIncome": -20000000, "netIncomeRatio": -1.25, "eps": -1.1, "epsdiluted": -1.1, "weightedAverageShsOut": 18141000, "weightedAverageShsOutDil": 18141000, "link": "https://www.sec.gov/Archives/edgar/data/914475/000091447599000004/0000914475-99-000004-index.html", "finalLink": "https://www.sec.gov/Archives/edgar/data/914475/", "calculatedOtherExpenses": 1700000, "calculatedOperatingExpenses": 30100000, "calculatedNetInterest": 0, "calculatedOtherIncome": -7400000, "calculatedIncomeNonControlling": -7400000, "calculatedEbitda": -10700000}, {"date": "1997-12-31", "symbol": "NBIX", "reportedCurrency": "USD", "cik": "0000914475", "fillingDate": "1998-04-10", "acceptedDate": "1998-04-10 00:00:00", "calendarYear": "1997", "period": "FY", "revenue": 26100000, "costOfRevenue": -1300000, "grossProfit": 27400000, "grossProfitRatio": 1.0498084291, "researchAndDevelopmentExpenses": 19900000, "generalAndAdministrativeExpenses": 5700000, "sellingAndMarketingExpenses": 0, "sellingGeneralAndAdministrativeExpenses": 5700000, "otherExpenses": 1300000, "operatingExpenses": 26900000, "costAndExpenses": 25600000, "interestIncome": 0, "interestExpense": 0, "depreciationAndAmortization": 1300000, "ebitda": -3100000, "ebitdaratio": -0.1187739464, "operatingIncome": 500000, "operatingIncomeRatio": 0.0191570881, "totalOtherIncomeExpensesNet": 4900000, "incomeBeforeTax": 5300000, "incomeBeforeTaxRatio": 0.2030651341, "incomeTaxExpense": 200000, "netIncome": 5100000, "netIncomeRatio": 0.1954022989, "eps": 0.3, "epsdiluted": 0.28, "weightedAverageShsOut": 17000000, "weightedAverageShsOutDil": 18214286, "link": "https://www.sec.gov/Archives/edgar/data/914475/000089161898001665/0000891618-98-001665-index.html", "finalLink": "https://www.sec.gov/Archives/edgar/data/914475/", "calculatedOtherExpenses": 1300000, "calculatedOperatingExpenses": 26900000, "calculatedNetInterest": 0, "calculatedOtherIncome": 4800000, "calculatedIncomeNonControlling": 0, "calculatedEbitda": 1800000}, {"date": "1996-12-31", "symbol": "NBIX", "reportedCurrency": "USD", "cik": "0000914475", "fillingDate": "1997-03-31", "acceptedDate": "1997-03-31 00:00:00", "calendarYear": "1996", "period": "FY", "revenue": 19200000, "costOfRevenue": -1000000, "grossProfit": 20200000, "grossProfitRatio": 1.0520833333, "researchAndDevelopmentExpenses": 12600000, "generalAndAdministrativeExpenses": 3700000, "sellingAndMarketingExpenses": 0, "sellingGeneralAndAdministrativeExpenses": 3700000, "otherExpenses": 1000000, "operatingExpenses": 17300000, "costAndExpenses": 16300000, "interestIncome": 0, "interestExpense": 0, "depreciationAndAmortization": 1000000, "ebitda": 500000, "ebitdaratio": 0.0260416667, "operatingIncome": 2900000, "operatingIncomeRatio": 0.1510416667, "totalOtherIncomeExpensesNet": 3400000, "incomeBeforeTax": 6100000, "incomeBeforeTaxRatio": 0.3177083333, "incomeTaxExpense": 200000, "netIncome": 5900000, "netIncomeRatio": 0.3072916667, "eps": 0.39, "epsdiluted": 0.36, "weightedAverageShsOut": 15128205, "weightedAverageShsOutDil": 16388889, "link": "https://www.sec.gov/Archives/edgar/data/914475/000089161897001498/0000891618-97-001498-index.html", "finalLink": "https://www.sec.gov/Archives/edgar/data/914475/", "calculatedOtherExpenses": 1000000, "calculatedOperatingExpenses": 17300000, "calculatedNetInterest": 0, "calculatedOtherIncome": 3200000, "calculatedIncomeNonControlling": 0, "calculatedEbitda": 3900000}]}