{"originalCurrency": "USD", "convertedCurrency": "USD", "report": [{"date": "2023-12-31", "symbol": "NDAQ", "reportedCurrency": "USD", "cik": "0001120193", "fillingDate": "2024-02-21", "acceptedDate": "2024-02-21 17:03:01", "calendarYear": "2023", "period": "FY", "revenue": 6064000000, "costOfRevenue": 1211000000, "grossProfit": 4853000000, "grossProfitRatio": 0.8002968338, "researchAndDevelopmentExpenses": 0, "generalAndAdministrativeExpenses": 113000000, "sellingAndMarketingExpenses": 47000000, "sellingGeneralAndAdministrativeExpenses": 160000000, "otherExpenses": 946000000, "operatingExpenses": 1106000000, "costAndExpenses": 2317000000, "interestIncome": 115000000, "interestExpense": -284000000, "depreciationAndAmortization": 323000000, "ebitda": 1442000000, "ebitdaratio": 0.2377968338, "operatingIncome": 1578000000, "operatingIncomeRatio": 0.2602242744, "totalOtherIncomeExpensesNet": -177000000, "incomeBeforeTax": 1401000000, "incomeBeforeTaxRatio": 0.2310356201, "incomeTaxExpense": 344000000, "netIncome": 1059000000, "netIncomeRatio": 0.1746372032, "eps": 2.1, "epsdiluted": 2.08, "weightedAverageShsOut": 504909392, "weightedAverageShsOutDil": 508392982, "link": "https://www.sec.gov/Archives/edgar/data/1120193/000112019324000006/0001120193-24-000006-index.htm", "finalLink": "https://www.sec.gov/Archives/edgar/data/1120193/000112019324000006/ndaq-20231231.htm", "calculatedOtherExpenses": 3115000000, "calculatedOperatingExpenses": 3275000000, "calculatedNetInterest": 399000000, "calculatedOtherIncome": -576000000, "calculatedIncomeNonControlling": -2000000, "calculatedEbitda": 1901000000}, {"date": "2022-12-31", "symbol": "NDAQ", "reportedCurrency": "USD", "cik": "0001120193", "fillingDate": "2023-02-23", "acceptedDate": "2023-02-23 16:16:55", "calendarYear": "2022", "period": "FY", "revenue": 6226000000, "costOfRevenue": 3647000000, "grossProfit": 2579000000, "grossProfitRatio": 0.4142306457, "researchAndDevelopmentExpenses": 0, "generalAndAdministrativeExpenses": 576000000, "sellingAndMarketingExpenses": 51000000, "sellingGeneralAndAdministrativeExpenses": 627000000, "otherExpenses": 291000000, "operatingExpenses": 918000000, "costAndExpenses": 4565000000, "interestIncome": 7000000, "interestExpense": 120000000, "depreciationAndAmortization": 291000000, "ebitda": 1855000000, "ebitdaratio": 0.2979441054, "operatingIncome": 1564000000, "operatingIncomeRatio": 0.2512046258, "totalOtherIncomeExpensesNet": -89000000, "incomeBeforeTax": 1475000000, "incomeBeforeTaxRatio": 0.2369097334, "incomeTaxExpense": 352000000, "netIncome": 1125000000, "netIncomeRatio": 0.1806938644, "eps": 2.28, "epsdiluted": 2.26, "weightedAverageShsOut": 492420787, "weightedAverageShsOutDil": 497857565, "link": "https://www.sec.gov/Archives/edgar/data/1120193/000112019323000014/0001120193-23-000014-index.htm", "finalLink": "https://www.sec.gov/Archives/edgar/data/1120193/000112019323000014/ndaq-20221231.htm", "calculatedOtherExpenses": 388000000, "calculatedOperatingExpenses": 1015000000, "calculatedNetInterest": -113000000, "calculatedOtherIncome": 24000000, "calculatedIncomeNonControlling": -2000000, "calculatedEbitda": 1855000000}, {"date": "2021-12-31", "symbol": "NDAQ", "reportedCurrency": "USD", "cik": "0001120193", "fillingDate": "2022-02-23", "acceptedDate": "2022-02-23 13:58:10", "calendarYear": "2021", "period": "FY", "revenue": 5886000000, "costOfRevenue": 3404000000, "grossProfit": 2482000000, "grossProfitRatio": 0.4216785593, "researchAndDevelopmentExpenses": 0, "generalAndAdministrativeExpenses": 588000000, "sellingAndMarketingExpenses": 57000000, "sellingGeneralAndAdministrativeExpenses": 645000000, "otherExpenses": 278000000, "operatingExpenses": 923000000, "costAndExpenses": 4327000000, "interestIncome": 1000000, "interestExpense": 125000000, "depreciationAndAmortization": 530000000, "ebitda": 1971000000, "ebitdaratio": 0.3348623853, "operatingIncome": 1441000000, "operatingIncomeRatio": 0.2448182127, "totalOtherIncomeExpensesNet": 93000000, "incomeBeforeTax": 1534000000, "incomeBeforeTaxRatio": 0.2606184166, "incomeTaxExpense": 347000000, "netIncome": 1187000000, "netIncomeRatio": 0.2016649677, "eps": 2.38, "epsdiluted": 2.35, "weightedAverageShsOut": 497698367, "weightedAverageShsOutDil": 505087555, "link": "https://www.sec.gov/Archives/edgar/data/1120193/000112019322000007/0001120193-22-000007-index.htm", "finalLink": "https://www.sec.gov/Archives/edgar/data/1120193/000112019322000007/ndaq-20211231.htm", "calculatedOtherExpenses": 396000000, "calculatedOperatingExpenses": 1041000000, "calculatedNetInterest": -124000000, "calculatedOtherIncome": 217000000, "calculatedIncomeNonControlling": 0, "calculatedEbitda": 1971000000}, {"date": "2020-12-31", "symbol": "NDAQ", "reportedCurrency": "USD", "cik": "0001120193", "fillingDate": "2021-02-23", "acceptedDate": "2021-02-23 16:49:38", "calendarYear": "2020", "period": "FY", "revenue": 5627000000, "costOfRevenue": 3510000000, "grossProfit": 2117000000, "grossProfitRatio": 0.3762217878, "researchAndDevelopmentExpenses": 0, "generalAndAdministrativeExpenses": 561000000, "sellingAndMarketingExpenses": 39000000, "sellingGeneralAndAdministrativeExpenses": 600000000, "otherExpenses": 202000000, "operatingExpenses": 802000000, "costAndExpenses": 4312000000, "interestIncome": 4000000, "interestExpense": 101000000, "depreciationAndAmortization": 362000000, "ebitda": 1596000000, "ebitdaratio": 0.2836324862, "operatingIncome": 1234000000, "operatingIncomeRatio": 0.2192998045, "totalOtherIncomeExpensesNet": -22000000, "incomeBeforeTax": 1212000000, "incomeBeforeTaxRatio": 0.2153900835, "incomeTaxExpense": 279000000, "netIncome": 933000000, "netIncomeRatio": 0.1658077128, "eps": 1.89, "epsdiluted": 1.86, "weightedAverageShsOut": 493245563, "weightedAverageShsOutDil": 500711812, "link": "https://www.sec.gov/Archives/edgar/data/1120193/000112019321000011/0001120193-21-000011-index.htm", "finalLink": "https://www.sec.gov/Archives/edgar/data/1120193/000112019321000011/ndaq-20201231.htm", "calculatedOtherExpenses": 283000000, "calculatedOperatingExpenses": 883000000, "calculatedNetInterest": -97000000, "calculatedOtherIncome": 75000000, "calculatedIncomeNonControlling": 0, "calculatedEbitda": 1596000000}, {"date": "2019-12-31", "symbol": "NDAQ", "reportedCurrency": "USD", "cik": "0001120193", "fillingDate": "2020-02-25", "acceptedDate": "2020-02-25 12:31:28", "calendarYear": "2019", "period": "FY", "revenue": 4262000000, "costOfRevenue": 2434000000, "grossProfit": 1828000000, "grossProfitRatio": 0.4289066166, "researchAndDevelopmentExpenses": 0, "generalAndAdministrativeExpenses": 513000000, "sellingAndMarketingExpenses": 39000000, "sellingGeneralAndAdministrativeExpenses": 552000000, "otherExpenses": 190000000, "operatingExpenses": 742000000, "costAndExpenses": 3176000000, "interestIncome": 10000000, "interestExpense": 124000000, "depreciationAndAmortization": 358000000, "ebitda": 1375000000, "ebitdaratio": 0.322618489, "operatingIncome": 1017000000, "operatingIncomeRatio": 0.238620366, "totalOtherIncomeExpensesNet": 2000000, "incomeBeforeTax": 1019000000, "incomeBeforeTaxRatio": 0.2390896293, "incomeTaxExpense": 245000000, "netIncome": 774000000, "netIncomeRatio": 0.1816048803, "eps": 1.56, "epsdiluted": 1.55, "weightedAverageShsOut": 494794874, "weightedAverageShsOutDil": 500910472, "link": "https://www.sec.gov/Archives/edgar/data/1120193/000112019320000004/0001120193-20-000004-index.htm", "finalLink": "https://www.sec.gov/Archives/edgar/data/1120193/000112019320000004/ndaq1231201910-k.htm", "calculatedOtherExpenses": 259000000, "calculatedOperatingExpenses": 811000000, "calculatedNetInterest": -114000000, "calculatedOtherIncome": 116000000, "calculatedIncomeNonControlling": 0, "calculatedEbitda": 1375000000}, {"date": "2018-12-31", "symbol": "NDAQ", "reportedCurrency": "USD", "cik": "0001120193", "fillingDate": "2019-02-22", "acceptedDate": "2019-02-22 12:32:43", "calendarYear": "2018", "period": "FY", "revenue": 4277000000, "costOfRevenue": 2463000000, "grossProfit": 1814000000, "grossProfitRatio": 0.4241290624, "researchAndDevelopmentExpenses": 0, "generalAndAdministrativeExpenses": 518000000, "sellingAndMarketingExpenses": 37000000, "sellingGeneralAndAdministrativeExpenses": 555000000, "otherExpenses": 242000000, "operatingExpenses": 765000000, "costAndExpenses": 3228000000, "interestIncome": 10000000, "interestExpense": 150000000, "depreciationAndAmortization": 210000000, "ebitda": 1287000000, "ebitdaratio": 0.3009118541, "operatingIncome": 1028000000, "operatingIncomeRatio": 0.2403553893, "totalOtherIncomeExpensesNet": 155000000, "incomeBeforeTax": 1064000000, "incomeBeforeTaxRatio": 0.2487725041, "incomeTaxExpense": 606000000, "netIncome": 458000000, "netIncomeRatio": 0.107084405, "eps": 0.92, "epsdiluted": 0.91, "weightedAverageShsOut": 495900000, "weightedAverageShsOutDil": 503100000, "link": "https://www.sec.gov/Archives/edgar/data/1120193/000112019319000002/0001120193-19-000002-index.htm", "finalLink": "https://www.sec.gov/Archives/edgar/data/1120193/000112019319000002/ndaq1231201810-k.htm", "calculatedOtherExpenses": 231000000, "calculatedOperatingExpenses": 786000000, "calculatedNetInterest": -140000000, "calculatedOtherIncome": 176000000, "calculatedIncomeNonControlling": 0, "calculatedEbitda": 1238000000}, {"date": "2017-12-31", "symbol": "NDAQ", "reportedCurrency": "USD", "cik": "0001120193", "fillingDate": "2018-02-28", "acceptedDate": "2018-02-28 15:28:32", "calendarYear": "2017", "period": "FY", "revenue": 3965000000, "costOfRevenue": 2212000000, "grossProfit": 1753000000, "grossProfitRatio": 0.4421185372, "researchAndDevelopmentExpenses": 0, "generalAndAdministrativeExpenses": 491000000, "sellingAndMarketingExpenses": 31000000, "sellingGeneralAndAdministrativeExpenses": 522000000, "otherExpenses": 221000000, "operatingExpenses": 710000000, "costAndExpenses": 2922000000, "interestIncome": 7000000, "interestExpense": 143000000, "depreciationAndAmortization": 188000000, "ebitda": 1253000000, "ebitdaratio": 0.3160151324, "operatingIncome": 999000000, "operatingIncomeRatio": 0.2519546028, "totalOtherIncomeExpensesNet": -27000000, "incomeBeforeTax": 880000000, "incomeBeforeTaxRatio": 0.2219419924, "incomeTaxExpense": 146000000, "netIncome": 734000000, "netIncomeRatio": 0.1851197982, "eps": 1.47, "epsdiluted": 1.44, "weightedAverageShsOut": 499200000, "weightedAverageShsOutDil": 508800000, "link": "https://www.sec.gov/Archives/edgar/data/1120193/000112019318000003/0001120193-18-000003-index.htm", "finalLink": "https://www.sec.gov/Archives/edgar/data/1120193/000112019318000003/ndaq1231201710-k.htm", "calculatedOtherExpenses": 232000000, "calculatedOperatingExpenses": 754000000, "calculatedNetInterest": -136000000, "calculatedOtherIncome": 17000000, "calculatedIncomeNonControlling": 0, "calculatedEbitda": 1187000000}, {"date": "2016-12-31", "symbol": "NDAQ", "reportedCurrency": "USD", "cik": "0001120193", "fillingDate": "2017-03-01", "acceptedDate": "2017-03-01 12:03:02", "calendarYear": "2016", "period": "FY", "revenue": 3705000000, "costOfRevenue": 2092000000, "grossProfit": 1613000000, "grossProfitRatio": 0.4353576248, "researchAndDevelopmentExpenses": 0, "generalAndAdministrativeExpenses": 457000000, "sellingAndMarketingExpenses": 30000000, "sellingGeneralAndAdministrativeExpenses": 487000000, "otherExpenses": 205000000, "operatingExpenses": 657000000, "costAndExpenses": 2749000000, "interestIncome": 5000000, "interestExpense": 135000000, "depreciationAndAmortization": 170000000, "ebitda": 1133000000, "ebitdaratio": 0.305802969, "operatingIncome": 839000000, "operatingIncomeRatio": 0.2264507422, "totalOtherIncomeExpensesNet": -690000000, "incomeBeforeTax": 136000000, "incomeBeforeTaxRatio": 0.0367071525, "incomeTaxExpense": 28000000, "netIncome": 108000000, "netIncomeRatio": 0.0291497976, "eps": 0.22, "epsdiluted": 0.21, "weightedAverageShsOut": 495600000, "weightedAverageShsOutDil": 506400000, "link": "https://www.sec.gov/Archives/edgar/data/1120193/000112019317000003/0001120193-17-000003-index.htm", "finalLink": "https://www.sec.gov/Archives/edgar/data/1120193/000112019317000003/ndaq1231201610-k.htm", "calculatedOtherExpenses": 287000000, "calculatedOperatingExpenses": 774000000, "calculatedNetInterest": -130000000, "calculatedOtherIncome": -573000000, "calculatedIncomeNonControlling": 0, "calculatedEbitda": 1009000000}, {"date": "2015-12-31", "symbol": "NDAQ", "reportedCurrency": "USD", "cik": "0001120193", "fillingDate": "2016-02-26", "acceptedDate": "2016-02-26 11:07:40", "calendarYear": "2015", "period": "FY", "revenue": 3403000000, "costOfRevenue": 1903000000, "grossProfit": 1500000000, "grossProfitRatio": 0.4407875404, "researchAndDevelopmentExpenses": 0, "generalAndAdministrativeExpenses": 432000000, "sellingAndMarketingExpenses": 28000000, "sellingGeneralAndAdministrativeExpenses": 460000000, "otherExpenses": 165000000, "operatingExpenses": 598000000, "costAndExpenses": 2501000000, "interestIncome": 4000000, "interestExpense": 111000000, "depreciationAndAmortization": 138000000, "ebitda": 1061000000, "ebitdaratio": 0.3117837202, "operatingIncome": 720000000, "operatingIncomeRatio": 0.2115780194, "totalOtherIncomeExpensesNet": -165000000, "incomeBeforeTax": 630000000, "incomeBeforeTaxRatio": 0.185130767, "incomeTaxExpense": 203000000, "netIncome": 428000000, "netIncomeRatio": 0.1257713782, "eps": 0.85, "epsdiluted": 0.83, "weightedAverageShsOut": 501900000, "weightedAverageShsOutDil": 513900000, "link": "https://www.sec.gov/Archives/edgar/data/1120193/000112019316000020/0001120193-16-000020-index.htm", "finalLink": "https://www.sec.gov/Archives/edgar/data/1120193/000112019316000020/ndaq-20151231x10k.htm", "calculatedOtherExpenses": 320000000, "calculatedOperatingExpenses": 780000000, "calculatedNetInterest": -107000000, "calculatedOtherIncome": 17000000, "calculatedIncomeNonControlling": -1000000, "calculatedEbitda": 858000000}, {"date": "2014-12-31", "symbol": "NDAQ", "reportedCurrency": "USD", "cik": "0001120193", "fillingDate": "2015-02-17", "acceptedDate": "2015-02-17 15:34:58", "calendarYear": "2014", "period": "FY", "revenue": 3500000000, "costOfRevenue": 2021000000, "grossProfit": 1479000000, "grossProfitRatio": 0.4225714286, "researchAndDevelopmentExpenses": 0, "generalAndAdministrativeExpenses": 475000000, "sellingAndMarketingExpenses": 32000000, "sellingGeneralAndAdministrativeExpenses": 507000000, "otherExpenses": 164000000, "operatingExpenses": 644000000, "costAndExpenses": 2665000000, "interestIncome": 6000000, "interestExpense": 117000000, "depreciationAndAmortization": 137000000, "ebitda": 978000000, "ebitdaratio": 0.2794285714, "operatingIncome": 754000000, "operatingIncomeRatio": 0.2154285714, "totalOtherIncomeExpensesNet": -130000000, "incomeBeforeTax": 594000000, "incomeBeforeTaxRatio": 0.1697142857, "incomeTaxExpense": 181000000, "netIncome": 414000000, "netIncomeRatio": 0.1182857143, "eps": 0.82, "epsdiluted": 0.8, "weightedAverageShsOut": 506700000, "weightedAverageShsOutDil": 519000000, "link": "https://www.sec.gov/Archives/edgar/data/1120193/000112019315000003/0001120193-15-000003-index.htm", "finalLink": "https://www.sec.gov/Archives/edgar/data/1120193/000112019315000003/ndaq-20141231x10k.htm", "calculatedOtherExpenses": 218000000, "calculatedOperatingExpenses": 725000000, "calculatedNetInterest": -111000000, "calculatedOtherIncome": -49000000, "calculatedIncomeNonControlling": -1000000, "calculatedEbitda": 891000000}, {"date": "2013-12-31", "symbol": "NDAQ", "reportedCurrency": "USD", "cik": "0001120193", "fillingDate": "2014-02-24", "acceptedDate": "2014-02-24 10:57:50", "calendarYear": "2013", "period": "FY", "revenue": 3211000000, "costOfRevenue": 1855000000, "grossProfit": 1356000000, "grossProfitRatio": 0.4222983494, "researchAndDevelopmentExpenses": 0, "generalAndAdministrativeExpenses": 441000000, "sellingAndMarketingExpenses": 30000000, "sellingGeneralAndAdministrativeExpenses": 471000000, "otherExpenses": 152000000, "operatingExpenses": 593000000, "costAndExpenses": 2448000000, "interestIncome": 9000000, "interestExpense": 111000000, "depreciationAndAmortization": 122000000, "ebitda": 892000000, "ebitdaratio": 0.2777950794, "operatingIncome": 688000000, "operatingIncomeRatio": 0.2142634693, "totalOtherIncomeExpensesNet": -61000000, "incomeBeforeTax": 600000000, "incomeBeforeTaxRatio": 0.1868576767, "incomeTaxExpense": 216000000, "netIncome": 385000000, "netIncomeRatio": 0.1199003426, "eps": 0.77, "epsdiluted": 0.75, "weightedAverageShsOut": 500700000, "weightedAverageShsOutDil": 513900000, "link": "https://www.sec.gov/Archives/edgar/data/1120193/000112019314000002/0001120193-14-000002-index.htm", "finalLink": "https://www.sec.gov/Archives/edgar/data/1120193/000112019314000002/ndaq-20131231x10k.htm", "calculatedOtherExpenses": 197000000, "calculatedOperatingExpenses": 668000000, "calculatedNetInterest": -102000000, "calculatedOtherIncome": 14000000, "calculatedIncomeNonControlling": -1000000, "calculatedEbitda": 810000000}, {"date": "2012-12-31", "symbol": "NDAQ", "reportedCurrency": "USD", "cik": "0001120193", "fillingDate": "2013-02-21", "acceptedDate": "2013-02-21 16:24:51", "calendarYear": "2012", "period": "FY", "revenue": 3119000000, "costOfRevenue": 1910000000, "grossProfit": 1209000000, "grossProfitRatio": 0.3876242385, "researchAndDevelopmentExpenses": 0, "generalAndAdministrativeExpenses": 341000000, "sellingAndMarketingExpenses": 26000000, "sellingGeneralAndAdministrativeExpenses": 367000000, "otherExpenses": 138000000, "operatingExpenses": 471000000, "costAndExpenses": 2381000000, "interestIncome": 10000000, "interestExpense": 97000000, "depreciationAndAmortization": 104000000, "ebitda": 851000000, "ebitdaratio": 0.2728438602, "operatingIncome": 690000000, "operatingIncomeRatio": 0.2212247515, "totalOtherIncomeExpensesNet": -103000000, "incomeBeforeTax": 548000000, "incomeBeforeTaxRatio": 0.1756973389, "incomeTaxExpense": 199000000, "netIncome": 352000000, "netIncomeRatio": 0.1128566848, "eps": 0.7, "epsdiluted": 0.68, "weightedAverageShsOut": 504900000, "weightedAverageShsOutDil": 517800000, "link": "https://www.sec.gov/Archives/edgar/data/1120193/000119312513069357/0001193125-13-069357-index.htm", "finalLink": "https://www.sec.gov/Archives/edgar/data/1120193/000119312513069357/d445717d10k.htm", "calculatedOtherExpenses": 152000000, "calculatedOperatingExpenses": 519000000, "calculatedNetInterest": -87000000, "calculatedOtherIncome": -55000000, "calculatedIncomeNonControlling": -3000000, "calculatedEbitda": 794000000}, {"date": "2011-12-31", "symbol": "NDAQ", "reportedCurrency": "USD", "cik": "0001120193", "fillingDate": "2012-02-24", "acceptedDate": "2012-02-24 13:15:31", "calendarYear": "2011", "period": "FY", "revenue": 3438000000, "costOfRevenue": 1748000000, "grossProfit": 1690000000, "grossProfitRatio": 0.4915648633, "researchAndDevelopmentExpenses": 0, "generalAndAdministrativeExpenses": 823000000, "sellingAndMarketingExpenses": 24000000, "sellingGeneralAndAdministrativeExpenses": 847000000, "otherExpenses": 109000000, "operatingExpenses": 956000000, "costAndExpenses": 2704000000, "interestIncome": 11000000, "interestExpense": 119000000, "depreciationAndAmortization": 109000000, "ebitda": 856000000, "ebitdaratio": 0.2489819663, "operatingIncome": 696000000, "operatingIncomeRatio": 0.202443281, "totalOtherIncomeExpensesNet": -53000000, "incomeBeforeTax": 573000000, "incomeBeforeTaxRatio": 0.1666666667, "incomeTaxExpense": 190000000, "netIncome": 387000000, "netIncomeRatio": 0.112565445, "eps": 0.73, "epsdiluted": 0.72, "weightedAverageShsOut": 528000000, "weightedAverageShsOutDil": 540000000, "link": "https://www.sec.gov/Archives/edgar/data/1120193/000119312512077518/0001193125-12-077518-index.htm", "finalLink": "https://www.sec.gov/Archives/edgar/data/1120193/000119312512077518/d259668d10k.htm", "calculatedOtherExpenses": 147000000, "calculatedOperatingExpenses": 994000000, "calculatedNetInterest": -108000000, "calculatedOtherIncome": -15000000, "calculatedIncomeNonControlling": -4000000, "calculatedEbitda": 805000000}, {"date": "2010-12-31", "symbol": "NDAQ", "reportedCurrency": "USD", "cik": "0001120193", "fillingDate": "2011-02-24", "acceptedDate": "2011-02-24 16:16:05", "calendarYear": "2010", "period": "FY", "revenue": 3197000000, "costOfRevenue": 1675000000, "grossProfit": 1522000000, "grossProfitRatio": 0.4760713169, "researchAndDevelopmentExpenses": 0, "generalAndAdministrativeExpenses": 764000000, "sellingAndMarketingExpenses": 20000000, "sellingGeneralAndAdministrativeExpenses": 784000000, "otherExpenses": 103000000, "operatingExpenses": 887000000, "costAndExpenses": 2562000000, "interestIncome": 9000000, "interestExpense": 102000000, "depreciationAndAmortization": 103000000, "ebitda": 749000000, "ebitdaratio": 0.2342821395, "operatingIncome": 631000000, "operatingIncomeRatio": 0.1973725368, "totalOtherIncomeExpensesNet": -16000000, "incomeBeforeTax": 526000000, "incomeBeforeTaxRatio": 0.1645292462, "incomeTaxExpense": 137000000, "netIncome": 395000000, "netIncomeRatio": 0.1235533312, "eps": 0.65, "epsdiluted": 0.64, "weightedAverageShsOut": 609000000, "weightedAverageShsOutDil": 621000000, "link": "https://www.sec.gov/Archives/edgar/data/1120193/000119312511045348/0001193125-11-045348-index.htm", "finalLink": "https://www.sec.gov/Archives/edgar/data/1120193/000119312511045348/d10k.htm", "calculatedOtherExpenses": 107000000, "calculatedOperatingExpenses": 891000000, "calculatedNetInterest": -93000000, "calculatedOtherIncome": -12000000, "calculatedIncomeNonControlling": -6000000, "calculatedEbitda": 734000000}, {"date": "2009-12-31", "symbol": "NDAQ", "reportedCurrency": "USD", "cik": "0001120193", "fillingDate": "2010-02-18", "acceptedDate": "2010-02-18 17:30:13", "calendarYear": "2009", "period": "FY", "revenue": 3409000000, "costOfRevenue": 1956000000, "grossProfit": 1453000000, "grossProfitRatio": 0.4262246993, "researchAndDevelopmentExpenses": 0, "generalAndAdministrativeExpenses": 682000000, "sellingAndMarketingExpenses": 15000000, "sellingGeneralAndAdministrativeExpenses": 697000000, "otherExpenses": 104000000, "operatingExpenses": 801000000, "costAndExpenses": 2757000000, "interestIncome": 13000000, "interestExpense": 102000000, "depreciationAndAmortization": 104000000, "ebitda": 769000000, "ebitdaratio": 0.2255793488, "operatingIncome": 603000000, "operatingIncomeRatio": 0.1768847169, "totalOtherIncomeExpensesNet": -172000000, "incomeBeforeTax": 391000000, "incomeBeforeTaxRatio": 0.1146963919, "incomeTaxExpense": 128000000, "netIncome": 266000000, "netIncomeRatio": 0.0780287474, "eps": 0.43, "epsdiluted": 0.42, "weightedAverageShsOut": 615000000, "weightedAverageShsOutDil": 645000000, "link": "https://www.sec.gov/Archives/edgar/data/1120193/000119312510034340/0001193125-10-034340-index.htm", "finalLink": "https://www.sec.gov/Archives/edgar/data/1120193/000119312510034340/d10k.htm", "calculatedOtherExpenses": 153000000, "calculatedOperatingExpenses": 850000000, "calculatedNetInterest": -89000000, "calculatedOtherIncome": -123000000, "calculatedIncomeNonControlling": -3000000, "calculatedEbitda": 707000000}, {"date": "2008-12-31", "symbol": "NDAQ", "reportedCurrency": "USD", "cik": "0001120193", "fillingDate": "2009-02-27", "acceptedDate": "2009-02-26 18:33:09", "calendarYear": "2008", "period": "FY", "revenue": 3648693000, "costOfRevenue": 2188615000, "grossProfit": 1460078000, "grossProfitRatio": 0.4001646617, "researchAndDevelopmentExpenses": 0, "generalAndAdministrativeExpenses": 683319000, "sellingAndMarketingExpenses": 18613000, "sellingGeneralAndAdministrativeExpenses": 701932000, "otherExpenses": 92578000, "operatingExpenses": 794510000, "costAndExpenses": 2983125000, "interestIncome": 0, "interestExpense": 0, "depreciationAndAmortization": 92578000, "ebitda": 847969000, "ebitdaratio": 0.2324034935, "operatingIncome": 640185000, "operatingIncomeRatio": 0.1754559783, "totalOtherIncomeExpensesNet": -89823000, "incomeBeforeTax": 522164000, "incomeBeforeTaxRatio": 0.1431098752, "incomeTaxExpense": 202284000, "netIncome": 319880000, "netIncomeRatio": 0.0876697491, "eps": 0.55, "epsdiluted": 0.52, "weightedAverageShsOut": 571087815, "weightedAverageShsOutDil": 613544586, "link": "https://www.sec.gov/Archives/edgar/data/1120193/000119312509039333/0001193125-09-039333-index.htm", "finalLink": "https://www.sec.gov/Archives/edgar/data/1120193/000119312509039333/d10k.htm", "calculatedOtherExpenses": 117961000, "calculatedOperatingExpenses": 819893000, "calculatedNetInterest": 0, "calculatedOtherIncome": -118021000, "calculatedIncomeNonControlling": 0, "calculatedEbitda": 732763000}, {"date": "2007-12-31", "symbol": "NDAQ", "reportedCurrency": "USD", "cik": "0001120193", "fillingDate": "2008-02-25", "acceptedDate": "2008-02-25 15:17:14", "calendarYear": "2007", "period": "FY", "revenue": 2436592000, "costOfRevenue": 1624353000, "grossProfit": 812239000, "grossProfitRatio": 0.3333504337, "researchAndDevelopmentExpenses": 0, "generalAndAdministrativeExpenses": 386865000, "sellingAndMarketingExpenses": 20822000, "sellingGeneralAndAdministrativeExpenses": 407687000, "otherExpenses": 38890000, "operatingExpenses": 446577000, "costAndExpenses": 2070930000, "interestIncome": 37646000, "interestExpense": -72863000, "depreciationAndAmortization": 38890000, "ebitda": -58810000, "ebitdaratio": -0.0241361705, "operatingIncome": 365662000, "operatingIncomeRatio": 0.1500710829, "totalOtherIncomeExpensesNet": 463362000, "incomeBeforeTax": 793903000, "incomeBeforeTaxRatio": 0.3258251689, "incomeTaxExpense": 275502000, "netIncome": 518401000, "netIncomeRatio": 0.2127565879, "eps": 1.49, "epsdiluted": 1.15, "weightedAverageShsOut": 347920134, "weightedAverageShsOutDil": 449480636, "link": "https://www.sec.gov/Archives/edgar/data/1120193/000119312508037364/0001193125-08-037364-index.htm", "finalLink": "https://www.sec.gov/Archives/edgar/data/1120193/000119312508037364/d10k.htm", "calculatedOtherExpenses": 38890000, "calculatedOperatingExpenses": 446577000, "calculatedNetInterest": 110509000, "calculatedOtherIncome": 317732000, "calculatedIncomeNonControlling": 0, "calculatedEbitda": 404552000}, {"date": "2006-12-31", "symbol": "NDAQ", "reportedCurrency": "USD", "cik": "0001120193", "fillingDate": "2007-02-28", "acceptedDate": "2007-02-28 17:12:28", "calendarYear": "2006", "period": "FY", "revenue": 1657776000, "costOfRevenue": 970381000, "grossProfit": 687395000, "grossProfitRatio": 0.4146489031, "researchAndDevelopmentExpenses": 0, "generalAndAdministrativeExpenses": 381868000, "sellingAndMarketingExpenses": 20522000, "sellingGeneralAndAdministrativeExpenses": 402390000, "otherExpenses": 70916000, "operatingExpenses": 473306000, "costAndExpenses": 1443687000, "interestIncome": 24633000, "interestExpense": -91097000, "depreciationAndAmortization": 70916000, "ebitda": 220387000, "ebitdaratio": 0.1329413624, "operatingIncome": 214089000, "operatingIncomeRatio": 0.1291422967, "totalOtherIncomeExpensesNet": 64618000, "incomeBeforeTax": 213145000, "incomeBeforeTaxRatio": 0.1285728591, "incomeTaxExpense": 85252000, "netIncome": 127893000, "netIncomeRatio": 0.0771473347, "eps": 0.41, "epsdiluted": 0.32, "weightedAverageShsOut": 298268852, "weightedAverageShsOutDil": 383040000, "link": "https://www.sec.gov/Archives/edgar/data/1120193/000119312507042803/0001193125-07-042803-index.htm", "finalLink": "https://www.sec.gov/Archives/edgar/data/1120193/000119312507042803/d10k.htm", "calculatedOtherExpenses": 70916000, "calculatedOperatingExpenses": 473306000, "calculatedNetInterest": 115730000, "calculatedOtherIncome": -116674000, "calculatedIncomeNonControlling": 0, "calculatedEbitda": 285005000}, {"date": "2005-12-31", "symbol": "NDAQ", "reportedCurrency": "USD", "cik": "0001120193", "fillingDate": "2006-03-15", "acceptedDate": "2006-03-15 15:23:24", "calendarYear": "2005", "period": "FY", "revenue": 879919000, "costOfRevenue": 353908000, "grossProfit": 526011000, "grossProfitRatio": 0.597794797, "researchAndDevelopmentExpenses": 0, "generalAndAdministrativeExpenses": 294547000, "sellingAndMarketingExpenses": 9036000, "sellingGeneralAndAdministrativeExpenses": 303583000, "otherExpenses": 108765000, "operatingExpenses": 412348000, "costAndExpenses": 766256000, "interestIncome": 12735000, "interestExpense": -20338000, "depreciationAndAmortization": 68344000, "ebitda": 223786000, "ebitdaratio": 0.2543256823, "operatingIncome": 113663000, "operatingIncomeRatio": 0.1291743899, "totalOtherIncomeExpensesNet": -41779000, "incomeBeforeTax": 106262000, "incomeBeforeTaxRatio": 0.1207633884, "incomeTaxExpense": 44572000, "netIncome": 61690000, "netIncomeRatio": 0.0701087259, "eps": 0.23, "epsdiluted": 0.19, "weightedAverageShsOut": 243057353, "weightedAverageShsOutDil": 289963158, "link": "https://www.sec.gov/Archives/edgar/data/1120193/000119312506054916/0001193125-06-054916-index.htm", "finalLink": "https://www.sec.gov/Archives/edgar/data/1120193/000119312506054916/d10k.htm", "calculatedOtherExpenses": 108765000, "calculatedOperatingExpenses": 412348000, "calculatedNetInterest": 33073000, "calculatedOtherIncome": -40474000, "calculatedIncomeNonControlling": 0, "calculatedEbitda": 182007000}, {"date": "2004-12-31", "symbol": "NDAQ", "reportedCurrency": "USD", "cik": "0001120193", "fillingDate": "2005-03-14", "acceptedDate": "2005-03-11 17:32:05", "calendarYear": "2004", "period": "FY", "revenue": 540441000, "costOfRevenue": 55845000, "grossProfit": 484596000, "grossProfitRatio": 0.8966677214, "researchAndDevelopmentExpenses": 0, "generalAndAdministrativeExpenses": 341699000, "sellingAndMarketingExpenses": 12790000, "sellingGeneralAndAdministrativeExpenses": 354489000, "otherExpenses": 121924000, "operatingExpenses": 476413000, "costAndExpenses": 532258000, "interestIncome": 5854000, "interestExpense": -11484000, "depreciationAndAmortization": 76877000, "ebitda": 130648000, "ebitdaratio": 0.241743317, "operatingIncome": 8183000, "operatingIncomeRatio": 0.0151413383, "totalOtherIncomeExpensesNet": -45588000, "incomeBeforeTax": 2553000, "incomeBeforeTaxRatio": 0.0047239199, "incomeTaxExpense": 749000, "netIncome": 11362000, "netIncomeRatio": 0.0210235715, "eps": -0.0067, "epsdiluted": -0.0067, "weightedAverageShsOut": 273900000, "weightedAverageShsOutDil": 273900000, "link": "https://www.sec.gov/Archives/edgar/data/1120193/000119312505048077/0001193125-05-048077-index.htm", "finalLink": "https://www.sec.gov/Archives/edgar/data/1120193/000119312505048077/d10k.htm", "calculatedOtherExpenses": 121924000, "calculatedOperatingExpenses": 476413000, "calculatedNetInterest": 17338000, "calculatedOtherIncome": -22968000, "calculatedIncomeNonControlling": -9558000, "calculatedEbitda": 85060000}, {"date": "2003-12-31", "symbol": "NDAQ", "reportedCurrency": "USD", "cik": "0001120193", "fillingDate": "2004-03-15", "acceptedDate": "2004-03-15 17:04:40", "calendarYear": "2003", "period": "FY", "revenue": 589845000, "costOfRevenue": 190309000, "grossProfit": 399536000, "grossProfitRatio": 0.6773576109, "researchAndDevelopmentExpenses": 0, "generalAndAdministrativeExpenses": 383247000, "sellingAndMarketingExpenses": 19515000, "sellingGeneralAndAdministrativeExpenses": 402762000, "otherExpenses": 244397000, "operatingExpenses": 647159000, "costAndExpenses": 647159000, "interestIncome": 9517000, "interestExpense": -18555000, "depreciationAndAmortization": 89933000, "ebitda": 180552000, "ebitdaratio": 0.3061007553, "operatingIncome": -57314000, "operatingIncomeRatio": -0.0971679, "totalOtherIncomeExpensesNet": -147883000, "incomeBeforeTax": -66352000, "incomeBeforeTaxRatio": -0.1124905696, "incomeTaxExpense": -21240000, "netIncome": -105447000, "netIncomeRatio": -0.178770694, "eps": -0.45, "epsdiluted": -0.45, "weightedAverageShsOut": 235295172, "weightedAverageShsOutDil": 235295172, "link": "https://www.sec.gov/Archives/edgar/data/1120193/000110465904007461/0001104659-04-007461-index.htm", "finalLink": "https://www.sec.gov/Archives/edgar/data/1120193/000110465904007461/a04-3218_110k.htm", "calculatedOtherExpenses": 54088000, "calculatedOperatingExpenses": 456850000, "calculatedNetInterest": 28072000, "calculatedOtherIncome": -37110000, "calculatedIncomeNonControlling": 60335000, "calculatedEbitda": 32619000}, {"date": "2002-12-31", "symbol": "NDAQ", "reportedCurrency": "USD", "cik": "0001120193", "fillingDate": "2003-03-31", "acceptedDate": "2003-03-31 16:31:41", "calendarYear": "2002", "period": "FY", "revenue": 799217000, "costOfRevenue": 226789000, "grossProfit": 572428000, "grossProfitRatio": 0.716236016, "researchAndDevelopmentExpenses": 0, "generalAndAdministrativeExpenses": 504883000, "sellingAndMarketingExpenses": 27111000, "sellingGeneralAndAdministrativeExpenses": 531994000, "otherExpenses": 188087000, "operatingExpenses": 720081000, "costAndExpenses": 720081000, "interestIncome": 12151000, "interestExpense": -19590000, "depreciationAndAmortization": 101066000, "ebitda": 270378000, "ebitdaratio": 0.3383036147, "operatingIncome": 79136000, "operatingIncomeRatio": 0.0990169128, "totalOtherIncomeExpensesNet": -90176000, "incomeBeforeTax": 84177000, "incomeBeforeTaxRatio": 0.1053243362, "incomeTaxExpense": 41049000, "netIncome": 43128000, "netIncomeRatio": 0.0539628161, "eps": 0.13, "epsdiluted": 0.13, "weightedAverageShsOut": 250222500, "weightedAverageShsOutDil": 250222500, "link": "https://www.sec.gov/Archives/edgar/data/1120193/000104746903011291/0001047469-03-011291-index.htm", "finalLink": "https://www.sec.gov/Archives/edgar/data/1120193/000104746903011291/a2106487z10-k.htm", "calculatedOtherExpenses": -38702000, "calculatedOperatingExpenses": 493292000, "calculatedNetInterest": 31741000, "calculatedOtherIncome": -26700000, "calculatedIncomeNonControlling": 0, "calculatedEbitda": 180202000}, {"date": "2001-12-31", "symbol": "NDAQ", "reportedCurrency": "USD", "cik": "0001120193", "fillingDate": "2002-03-28", "acceptedDate": "2002-03-28 00:00:00", "calendarYear": "2001", "period": "FY", "revenue": 857232000, "costOfRevenue": 210552000, "grossProfit": 646680000, "grossProfitRatio": 0.7543815443, "researchAndDevelopmentExpenses": 0, "generalAndAdministrativeExpenses": 503590000, "sellingAndMarketingExpenses": 28017000, "sellingGeneralAndAdministrativeExpenses": 531607000, "otherExpenses": 233082000, "operatingExpenses": 764689000, "costAndExpenses": 764689000, "interestIncome": 22603000, "interestExpense": -9647000, "depreciationAndAmortization": 100283000, "ebitda": 364916000, "ebitdaratio": 0.4256910615, "operatingIncome": 60135000, "operatingIncomeRatio": 0.0701502044, "totalOtherIncomeExpensesNet": -172090000, "incomeBeforeTax": 78795000, "incomeBeforeTaxRatio": 0.0919179405, "incomeTaxExpense": 38332000, "netIncome": 40463000, "netIncomeRatio": 0.0472019243, "eps": 0.12, "epsdiluted": 0.12, "weightedAverageShsOut": 358133333, "weightedAverageShsOutDil": 366272727, "link": "https://www.sec.gov/Archives/edgar/data/1120193/000091205702012206/0000912057-02-012206-index.htm", "finalLink": "https://www.sec.gov/Archives/edgar/data/1120193/000091205702012206/a2074352z10-k.htm", "calculatedOtherExpenses": 54938000, "calculatedOperatingExpenses": 586545000, "calculatedNetInterest": 32250000, "calculatedOtherIncome": -13590000, "calculatedIncomeNonControlling": 0, "calculatedEbitda": 160418000}, {"date": "2000-12-31", "symbol": "NDAQ", "reportedCurrency": "USD", "cik": "0001120193", "fillingDate": "2000-12-31", "acceptedDate": "2000-12-30 19:00:00", "calendarYear": "2000", "period": "FY", "revenue": 832711000, "costOfRevenue": 0, "grossProfit": 832711000, "grossProfitRatio": 1, "researchAndDevelopmentExpenses": 0, "generalAndAdministrativeExpenses": 0, "sellingAndMarketingExpenses": 45908000, "sellingGeneralAndAdministrativeExpenses": 45908000, "otherExpenses": 590783000, "operatingExpenses": 636691000, "costAndExpenses": 636691000, "interestIncome": 0, "interestExpense": 0, "depreciationAndAmortization": 65645000, "ebitda": 261665000, "ebitdaratio": 0.314232669, "operatingIncome": 196020000, "operatingIncomeRatio": 0.2353997966, "totalOtherIncomeExpensesNet": 18853000, "incomeBeforeTax": 214873000, "incomeBeforeTaxRatio": 0.2580403045, "incomeTaxExpense": 90477000, "netIncome": 23306000, "netIncomeRatio": 0.0279881015, "eps": 0.07, "epsdiluted": 0.07, "weightedAverageShsOut": 332942857, "weightedAverageShsOutDil": 332942857, "link": "", "finalLink": "", "calculatedOtherExpenses": 590783000, "calculatedOperatingExpenses": 636691000, "calculatedNetInterest": 0, "calculatedOtherIncome": 18853000, "calculatedIncomeNonControlling": 101090000, "calculatedEbitda": 261665000}, {"date": "1999-12-31", "symbol": "NDAQ", "reportedCurrency": "USD", "cik": "0001120193", "fillingDate": "1999-12-31", "acceptedDate": "1999-12-30 19:00:00", "calendarYear": "1999", "period": "FY", "revenue": 634248000, "costOfRevenue": 0, "grossProfit": 634248000, "grossProfitRatio": 1, "researchAndDevelopmentExpenses": 0, "generalAndAdministrativeExpenses": 0, "sellingAndMarketingExpenses": 0, "sellingGeneralAndAdministrativeExpenses": 0, "otherExpenses": 499736000, "operatingExpenses": 499736000, "costAndExpenses": 499736000, "interestIncome": 0, "interestExpense": 0, "depreciationAndAmortization": 0, "ebitda": 134512000, "ebitdaratio": 0.2120810787, "operatingIncome": 134512000, "operatingIncomeRatio": 0.2120810787, "totalOtherIncomeExpensesNet": 0, "incomeBeforeTax": 0, "incomeBeforeTaxRatio": 0, "incomeTaxExpense": -86149000, "netIncome": 86149000, "netIncomeRatio": 0.1358285718, "eps": 0.29, "epsdiluted": 0.29, "weightedAverageShsOut": 300519767, "weightedAverageShsOutDil": 300519767, "link": "", "finalLink": "", "calculatedOtherExpenses": 499736000, "calculatedOperatingExpenses": 499736000, "calculatedNetInterest": 0, "calculatedOtherIncome": -134512000, "calculatedIncomeNonControlling": 0, "calculatedEbitda": 134512000}, {"date": "1998-12-31", "symbol": "NDAQ", "reportedCurrency": "USD", "cik": "0001120193", "fillingDate": "1998-12-31", "acceptedDate": "1998-12-30 19:00:00", "calendarYear": "1998", "period": "FY", "revenue": 450823000, "costOfRevenue": 0, "grossProfit": 450823000, "grossProfitRatio": 1, "researchAndDevelopmentExpenses": 0, "generalAndAdministrativeExpenses": 0, "sellingAndMarketingExpenses": 0, "sellingGeneralAndAdministrativeExpenses": 0, "otherExpenses": 397165000, "operatingExpenses": 397165000, "costAndExpenses": 397165000, "interestIncome": 0, "interestExpense": 0, "depreciationAndAmortization": 0, "ebitda": 53658000, "ebitdaratio": 0.1190223214, "operatingIncome": 53658000, "operatingIncomeRatio": 0.1190223214, "totalOtherIncomeExpensesNet": 0, "incomeBeforeTax": 0, "incomeBeforeTaxRatio": 0, "incomeTaxExpense": -34955000, "netIncome": 34955000, "netIncomeRatio": 0.0775359731, "eps": 0.12, "epsdiluted": 0.12, "weightedAverageShsOut": 299614286, "weightedAverageShsOutDil": 299614286, "link": "", "finalLink": "", "calculatedOtherExpenses": 397165000, "calculatedOperatingExpenses": 397165000, "calculatedNetInterest": 0, "calculatedOtherIncome": -53658000, "calculatedIncomeNonControlling": 0, "calculatedEbitda": 53658000}]}