{"originalCurrency": "USD", "convertedCurrency": "USD", "report": [{"date": "2023-12-31", "symbol": "NE", "reportedCurrency": "USD", "cik": "0001895262", "fillingDate": "2024-02-23", "acceptedDate": "2024-02-23 15:10:32", "calendarYear": "2023", "period": "FY", "revenue": 2589018000, "costOfRevenue": 1845268000, "grossProfit": 743750000, "grossProfitRatio": 0.2872710812, "researchAndDevelopmentExpenses": 0, "generalAndAdministrativeExpenses": 128413000, "sellingAndMarketingExpenses": 0, "sellingGeneralAndAdministrativeExpenses": 128413000, "otherExpenses": 0, "operatingExpenses": 128413000, "costAndExpenses": 1973681000, "interestIncome": 18069000, "interestExpense": 59139000, "depreciationAndAmortization": 301345000, "ebitda": 916682000, "ebitdaratio": 0.3540655183, "operatingIncome": 615337000, "operatingIncomeRatio": 0.2376719667, "totalOtherIncomeExpensesNet": -103093999, "incomeBeforeTax": 512243000, "incomeBeforeTaxRatio": 0.1978522359, "incomeTaxExpense": 30341000, "netIncome": 481902000, "netIncomeRatio": 0.1861331207, "eps": 3.48, "epsdiluted": 3.32, "weightedAverageShsOut": 138380000, "weightedAverageShsOutDil": 145197000, "link": "https://www.sec.gov/Archives/edgar/data/1895262/000162828024006622/0001628280-24-006622-index.htm", "finalLink": "https://www.sec.gov/Archives/edgar/data/1895262/000162828024006622/ne-20231231.htm", "calculatedOtherExpenses": 0, "calculatedOperatingExpenses": 128413000, "calculatedNetInterest": -41070000, "calculatedOtherIncome": -62024000, "calculatedIncomeNonControlling": 0, "calculatedEbitda": 916682000}, {"date": "2022-12-31", "symbol": "NE", "reportedCurrency": "USD", "cik": "0001895262", "fillingDate": "2023-03-09", "acceptedDate": "2023-03-09 14:26:52", "calendarYear": "2022", "period": "FY", "revenue": 1413847000, "costOfRevenue": 1108402000, "grossProfit": 305445000, "grossProfitRatio": 0.2160382276, "researchAndDevelopmentExpenses": 0, "generalAndAdministrativeExpenses": 82177000, "sellingAndMarketingExpenses": 0, "sellingGeneralAndAdministrativeExpenses": 82177000, "otherExpenses": 0, "operatingExpenses": 82177000, "costAndExpenses": 1190579000, "interestIncome": 14365000, "interestExpense": 42722000, "depreciationAndAmortization": 150390000, "ebitda": 379160000, "ebitdaratio": 0.2681761181, "operatingIncome": 228770000, "operatingIncomeRatio": 0.1618067584, "totalOtherIncomeExpensesNet": -37269000, "incomeBeforeTax": 191501000, "incomeBeforeTaxRatio": 0.1354467633, "incomeTaxExpense": 22553000, "netIncome": 168948000, "netIncomeRatio": 0.1194952495, "eps": 1.99, "epsdiluted": 1.73, "weightedAverageShsOut": 85055000, "weightedAverageShsOutDil": 97607000, "link": "https://www.sec.gov/Archives/edgar/data/1895262/000162828023007260/0001628280-23-007260-index.htm", "finalLink": "https://www.sec.gov/Archives/edgar/data/1169055/000162828023007260/ne-20221231.htm", "calculatedOtherExpenses": -5502000, "calculatedOperatingExpenses": 76675000, "calculatedNetInterest": -28357000, "calculatedOtherIncome": -8912000, "calculatedIncomeNonControlling": 0, "calculatedEbitda": 379160000}, {"date": "2021-12-31", "symbol": "NE", "reportedCurrency": "USD", "cik": "0001895262", "fillingDate": "2022-02-17", "acceptedDate": "2022-02-17 14:39:21", "calendarYear": "2021", "period": "FY", "revenue": 847806000, "costOfRevenue": 855133000, "grossProfit": -7327000, "grossProfitRatio": -0.0086423073, "researchAndDevelopmentExpenses": 0, "generalAndAdministrativeExpenses": 68203000, "sellingAndMarketingExpenses": -5876000, "sellingGeneralAndAdministrativeExpenses": 68203000, "otherExpenses": 0, "operatingExpenses": 68203000, "costAndExpenses": 923336000, "interestIncome": 11344000, "interestExpense": 31964000, "depreciationAndAmortization": 110157000, "ebitda": 34627000, "ebitdaratio": 0.0408430702, "operatingIncome": -75530000, "operatingIncomeRatio": -0.0890887774, "totalOtherIncomeExpensesNet": 431528000, "incomeBeforeTax": 355998000, "incomeBeforeTaxRatio": 0.4199050254, "incomeTaxExpense": 3788000, "netIncome": 352210000, "netIncomeRatio": 0.4154370221, "eps": 5.85, "epsdiluted": 5.85, "weightedAverageShsOut": 60172000, "weightedAverageShsOutDil": 60172000, "link": "https://www.sec.gov/Archives/edgar/data/1458891/000162828022003005/0001628280-22-003005-index.htm", "finalLink": "https://www.sec.gov/Archives/edgar/data/1169055/000162828022003005/ne-20211231.htm", "calculatedOtherExpenses": 0, "calculatedOperatingExpenses": 68203000, "calculatedNetInterest": -20620000, "calculatedOtherIncome": 452148000, "calculatedIncomeNonControlling": 0, "calculatedEbitda": 34627000}, {"date": "2020-12-31", "symbol": "NE", "reportedCurrency": "USD", "cik": "0001895262", "fillingDate": "2021-03-12", "acceptedDate": "2021-03-12 11:40:58", "calendarYear": "2020", "period": "FY", "revenue": 964272000, "costOfRevenue": 989804000, "grossProfit": -25532000, "grossProfitRatio": -0.0264780062, "researchAndDevelopmentExpenses": 0, "generalAndAdministrativeExpenses": 121196000, "sellingAndMarketingExpenses": 0, "sellingGeneralAndAdministrativeExpenses": 121196000, "otherExpenses": 0, "operatingExpenses": 121196000, "costAndExpenses": 1111000000, "interestIncome": 9012000, "interestExpense": 164653000, "depreciationAndAmortization": 374129000, "ebitda": 236413000, "ebitdaratio": 0.2451725239, "operatingIncome": -137716000, "operatingIncomeRatio": -0.1428186238, "totalOtherIncomeExpensesNet": -4101146000, "incomeBeforeTax": -4238862000, "incomeBeforeTaxRatio": -4.3959194086, "incomeTaxExpense": -260403000, "netIncome": -3978459000, "netIncomeRatio": -4.1258680123, "eps": -15.86, "epsdiluted": -15.86, "weightedAverageShsOut": 250792000, "weightedAverageShsOutDil": 250792000, "link": "https://www.sec.gov/Archives/edgar/data/1458891/000162828021004612/0001628280-21-004612-index.htm", "finalLink": "https://www.sec.gov/Archives/edgar/data/1169055/000162828021004612/ne-20201231.htm", "calculatedOtherExpenses": -9012000, "calculatedOperatingExpenses": 112184000, "calculatedNetInterest": -155641000, "calculatedOtherIncome": -3945505000, "calculatedIncomeNonControlling": 0, "calculatedEbitda": 236413000}, {"date": "2019-12-31", "symbol": "NE", "reportedCurrency": "USD", "cik": "0001895262", "fillingDate": "2020-02-20", "acceptedDate": "2020-02-20 16:26:20", "calendarYear": "2019", "period": "FY", "revenue": 1305438000, "costOfRevenue": 1187945000, "grossProfit": 117493000, "grossProfitRatio": 0.0900027424, "researchAndDevelopmentExpenses": 0, "generalAndAdministrativeExpenses": 168792000, "sellingAndMarketingExpenses": -100000000, "sellingGeneralAndAdministrativeExpenses": 68792000, "otherExpenses": 0, "operatingExpenses": 68792000, "costAndExpenses": 1256737000, "interestIncome": 272943000, "interestExpense": 279435000, "depreciationAndAmortization": 440221000, "ebitda": 488922000, "ebitdaratio": 0.3745271702, "operatingIncome": 48701000, "operatingIncomeRatio": 0.0373062528, "totalOtherIncomeExpensesNet": -957786000, "incomeBeforeTax": -909085000, "incomeBeforeTaxRatio": -0.6963831296, "incomeTaxExpense": -38540000, "netIncome": -700590000, "netIncomeRatio": -0.5366704508, "eps": -2.81, "epsdiluted": -2.81, "weightedAverageShsOut": 248949000, "weightedAverageShsOutDil": 248949000, "link": "https://www.sec.gov/Archives/edgar/data/1458891/000162828020001897/0001628280-20-001897-index.htm", "finalLink": "https://www.sec.gov/Archives/edgar/data/1169055/000162828020001897/a201910-kdocument.htm", "calculatedOtherExpenses": 0, "calculatedOperatingExpenses": 68792000, "calculatedNetInterest": -6492000, "calculatedOtherIncome": -951294000, "calculatedIncomeNonControlling": -169955000, "calculatedEbitda": 488922000}, {"date": "2018-12-31", "symbol": "NE", "reportedCurrency": "USD", "cik": "0001895262", "fillingDate": "2019-02-22", "acceptedDate": "2019-02-21 18:26:47", "calendarYear": "2018", "period": "FY", "revenue": 1082826000, "costOfRevenue": 1153551000, "grossProfit": -70725000, "grossProfitRatio": -0.065315203, "researchAndDevelopmentExpenses": 0, "generalAndAdministrativeExpenses": 73216000, "sellingAndMarketingExpenses": 0, "sellingGeneralAndAdministrativeExpenses": 73216000, "otherExpenses": 0, "operatingExpenses": 73216000, "costAndExpenses": 1226767000, "interestIncome": 8302000, "interestExpense": 297611000, "depreciationAndAmortization": 486530000, "ebitda": -207550000, "ebitdaratio": -0.191674378, "operatingIncome": -946074000, "operatingIncomeRatio": -0.8737082412, "totalOtherIncomeExpensesNet": -291102000, "incomeBeforeTax": -1237176000, "incomeBeforeTaxRatio": -1.1425436774, "incomeTaxExpense": -106641000, "netIncome": -885050000, "netIncomeRatio": -0.817352003, "eps": -3.59, "epsdiluted": -3.59, "weightedAverageShsOut": 246532033, "weightedAverageShsOutDil": 246614000, "link": "https://www.sec.gov/Archives/edgar/data/1458891/000162828019001707/0001628280-19-001707-index.htm", "finalLink": "https://www.sec.gov/Archives/edgar/data/1169055/000162828019001707/a4q2018-10xkdocument.htm", "calculatedOtherExpenses": 802133000, "calculatedOperatingExpenses": 875349000, "calculatedNetInterest": -289309000, "calculatedOtherIncome": -1793000, "calculatedIncomeNonControlling": -245485000, "calculatedEbitda": -459544000}, {"date": "2017-12-31", "symbol": "NE", "reportedCurrency": "USD", "cik": "0001895262", "fillingDate": "2018-02-23", "acceptedDate": "2018-02-23 15:28:00", "calendarYear": "2017", "period": "FY", "revenue": 1236915000, "costOfRevenue": 1206914000, "grossProfit": 30001000, "grossProfitRatio": 0.0242546982, "researchAndDevelopmentExpenses": 0, "generalAndAdministrativeExpenses": 71634000, "sellingAndMarketingExpenses": 0, "sellingGeneralAndAdministrativeExpenses": 71634000, "otherExpenses": 0, "operatingExpenses": 71634000, "costAndExpenses": 1278548000, "interestIncome": 5449000, "interestExpense": 291989000, "depreciationAndAmortization": 547990000, "ebitda": 366097000, "ebitdaratio": 0.2959758755, "operatingIncome": -163272000, "operatingIncomeRatio": -0.1319993694, "totalOtherIncomeExpensesNet": -286540000, "incomeBeforeTax": -449812000, "incomeBeforeTaxRatio": -0.3636563547, "incomeTaxExpense": 42629000, "netIncome": -516511000, "netIncomeRatio": -0.4175800277, "eps": -2.11, "epsdiluted": -2.11, "weightedAverageShsOut": 244743000, "weightedAverageShsOutDil": 244743000, "link": "https://www.sec.gov/Archives/edgar/data/1458891/000162828018002128/0001628280-18-002128-index.htm", "finalLink": "https://www.sec.gov/Archives/edgar/data/1169055/000162828018002128/noblecorpplc-201710xk.htm", "calculatedOtherExpenses": 121639000, "calculatedOperatingExpenses": 193273000, "calculatedNetInterest": -286540000, "calculatedOtherIncome": 0, "calculatedIncomeNonControlling": 24070000, "calculatedEbitda": 384718000}, {"date": "2016-12-31", "symbol": "NE", "reportedCurrency": "USD", "cik": "0001895262", "fillingDate": "2017-02-24", "acceptedDate": "2017-02-24 12:18:02", "calendarYear": "2016", "period": "FY", "revenue": 2302065000, "costOfRevenue": 1536004000, "grossProfit": 766061000, "grossProfitRatio": 0.3327712293, "researchAndDevelopmentExpenses": 0, "generalAndAdministrativeExpenses": 69258000, "sellingAndMarketingExpenses": 0, "sellingGeneralAndAdministrativeExpenses": 69258000, "otherExpenses": 0, "operatingExpenses": 69258000, "costAndExpenses": 1605262000, "interestIncome": 18000, "interestExpense": 222915000, "depreciationAndAmortization": 611067000, "ebitda": -204754000, "ebitdaratio": -0.0889436224, "operatingIncome": -761946000, "operatingIncomeRatio": -0.3309837038, "totalOtherIncomeExpensesNet": -205083000, "incomeBeforeTax": -967029000, "incomeBeforeTaxRatio": -0.4200702413, "incomeTaxExpense": -109156000, "netIncome": -929580000, "netIncomeRatio": -0.4038026728, "eps": -3.82, "epsdiluted": -3.82, "weightedAverageShsOut": 243127000, "weightedAverageShsOutDil": 243127000, "link": "https://www.sec.gov/Archives/edgar/data/1458891/000162828017001689/0001628280-17-001689-index.htm", "finalLink": "https://www.sec.gov/Archives/edgar/data/1458891/000162828017001689/nefy201610-k.htm", "calculatedOtherExpenses": 1458749000, "calculatedOperatingExpenses": 1528007000, "calculatedNetInterest": -222897000, "calculatedOtherIncome": 17814000, "calculatedIncomeNonControlling": 71707000, "calculatedEbitda": -150879000}, {"date": "2015-12-31", "symbol": "NE", "reportedCurrency": "USD", "cik": "0001895262", "fillingDate": "2016-02-25", "acceptedDate": "2016-02-25 12:11:13", "calendarYear": "2015", "period": "FY", "revenue": 3352252000, "costOfRevenue": 1937110000, "grossProfit": 1415142000, "grossProfitRatio": 0.4221466644, "researchAndDevelopmentExpenses": 0, "generalAndAdministrativeExpenses": 76843000, "sellingAndMarketingExpenses": 0, "sellingGeneralAndAdministrativeExpenses": 76843000, "otherExpenses": 0, "operatingExpenses": 76843000, "costAndExpenses": 2013953000, "interestIncome": 36286000, "interestExpense": 213854000, "depreciationAndAmortization": 634305000, "ebitda": 1518391000, "ebitdaratio": 0.4529465565, "operatingIncome": 920001000, "operatingIncomeRatio": 0.2744426732, "totalOtherIncomeExpensesNet": -177568000, "incomeBeforeTax": 742433000, "incomeBeforeTaxRatio": 0.2214729084, "incomeTaxExpense": 159232000, "netIncome": 511000000, "netIncomeRatio": 0.1524348408, "eps": 2.11, "epsdiluted": 2.11, "weightedAverageShsOut": 242146000, "weightedAverageShsOutDil": 242146000, "link": "https://www.sec.gov/Archives/edgar/data/1458891/000156459016013321/0001564590-16-013321-index.htm", "finalLink": "https://www.sec.gov/Archives/edgar/data/1169055/000156459016013321/ne-10k_20151231.htm", "calculatedOtherExpenses": 418298000, "calculatedOperatingExpenses": 495141000, "calculatedNetInterest": -177568000, "calculatedOtherIncome": 0, "calculatedIncomeNonControlling": 72201000, "calculatedEbitda": 1554306000}, {"date": "2014-12-31", "symbol": "NE", "reportedCurrency": "USD", "cik": "0001895262", "fillingDate": "2015-02-27", "acceptedDate": "2015-02-27 14:07:05", "calendarYear": "2014", "period": "FY", "revenue": 3232504000, "costOfRevenue": 2194363000, "grossProfit": 1038141000, "grossProfitRatio": 0.3211569112, "researchAndDevelopmentExpenses": 0, "generalAndAdministrativeExpenses": 106771000, "sellingAndMarketingExpenses": 0, "sellingGeneralAndAdministrativeExpenses": 106771000, "otherExpenses": 0, "operatingExpenses": 106771000, "costAndExpenses": 2301134000, "interestIncome": -1298000, "interestExpense": 156477000, "depreciationAndAmortization": 863547000, "ebitda": 1135166000, "ebitdaratio": 0.3511723419, "operatingIncome": 185942000, "operatingIncomeRatio": 0.0575225893, "totalOtherIncomeExpensesNet": -156477000, "incomeBeforeTax": 29465000, "incomeBeforeTaxRatio": 0.0091152246, "incomeTaxExpense": 106651000, "netIncome": 8491000, "netIncomeRatio": 0.0026267562, "eps": 0.0336, "epsdiluted": 0.0336, "weightedAverageShsOut": 252909000, "weightedAverageShsOutDil": 252909000, "link": "https://www.sec.gov/Archives/edgar/data/1458891/000119312515068812/0001193125-15-068812-index.htm", "finalLink": "https://www.sec.gov/Archives/edgar/data/1169055/000119312515068812/d837461d10k.htm", "calculatedOtherExpenses": 745428000, "calculatedOperatingExpenses": 852199000, "calculatedNetInterest": -157775000, "calculatedOtherIncome": 1298000, "calculatedIncomeNonControlling": -85677000, "calculatedEbitda": 1049489000}, {"date": "2013-12-31", "symbol": "NE", "reportedCurrency": "USD", "cik": "0001895262", "fillingDate": "2014-02-28", "acceptedDate": "2014-02-28 16:12:26", "calendarYear": "2013", "period": "FY", "revenue": 4234290000, "costOfRevenue": 3015791000, "grossProfit": 1218499000, "grossProfitRatio": 0.2877693781, "researchAndDevelopmentExpenses": 0, "generalAndAdministrativeExpenses": 117997000, "sellingAndMarketingExpenses": 0, "sellingGeneralAndAdministrativeExpenses": 117997000, "otherExpenses": 0, "operatingExpenses": 117997000, "costAndExpenses": 3133788000, "interestIncome": 2754000, "interestExpense": 106300000, "depreciationAndAmortization": 879422000, "ebitda": 1936025000, "ebitdaratio": 0.4572254144, "operatingIncome": 1121558000, "operatingIncomeRatio": 0.264875103, "totalOtherIncomeExpensesNet": -103546000, "incomeBeforeTax": 1018012000, "incomeBeforeTaxRatio": 0.2404209442, "incomeTaxExpense": 167606000, "netIncome": 782697000, "netIncomeRatio": 0.1848472825, "eps": 3.09, "epsdiluted": 3.09, "weightedAverageShsOut": 253288000, "weightedAverageShsOutDil": 253547000, "link": "https://www.sec.gov/Archives/edgar/data/1458891/000119312514076924/0001193125-14-076924-index.htm", "finalLink": "https://www.sec.gov/Archives/edgar/data/1169055/000119312514076924/d660494d10k.htm", "calculatedOtherExpenses": -21056000, "calculatedOperatingExpenses": 96941000, "calculatedNetInterest": -103546000, "calculatedOtherIncome": 0, "calculatedIncomeNonControlling": 67709000, "calculatedEbitda": 2000980000}, {"date": "2012-12-31", "symbol": "NE", "reportedCurrency": "USD", "cik": "0001895262", "fillingDate": "2013-02-25", "acceptedDate": "2013-02-25 17:20:52", "calendarYear": "2012", "period": "FY", "revenue": 3547012000, "costOfRevenue": 2676093000, "grossProfit": 870919000, "grossProfitRatio": 0.245535961, "researchAndDevelopmentExpenses": 0, "generalAndAdministrativeExpenses": 0, "sellingAndMarketingExpenses": 0, "sellingGeneralAndAdministrativeExpenses": 99990000, "otherExpenses": 0, "operatingExpenses": 99990000, "costAndExpenses": 2776083000, "interestIncome": 5188000, "interestExpense": 85763000, "depreciationAndAmortization": 758621000, "ebitda": 1513816000, "ebitdaratio": 0.426786264, "operatingIncome": 783800000, "operatingIncomeRatio": 0.2209747246, "totalOtherIncomeExpensesNet": -80575000, "incomeBeforeTax": 703225000, "incomeBeforeTaxRatio": 0.1982584215, "incomeTaxExpense": 147088000, "netIncome": 522344000, "netIncomeRatio": 0.1472631048, "eps": 2.07, "epsdiluted": 2.07, "weightedAverageShsOut": 252435000, "weightedAverageShsOutDil": 252791000, "link": "https://www.sec.gov/Archives/edgar/data/1458891/000119312513074360/0001193125-13-074360-index.htm", "finalLink": "https://www.sec.gov/Archives/edgar/data/1169055/000119312513074360/d457981d10k.htm", "calculatedOtherExpenses": -12871000, "calculatedOperatingExpenses": 87119000, "calculatedNetInterest": -80575000, "calculatedOtherIncome": 0, "calculatedIncomeNonControlling": 33793000, "calculatedEbitda": 1542421000}, {"date": "2011-12-31", "symbol": "NE", "reportedCurrency": "USD", "cik": "0001895262", "fillingDate": "2012-02-27", "acceptedDate": "2012-02-27 14:54:07", "calendarYear": "2011", "period": "FY", "revenue": 2695832000, "costOfRevenue": 1476524000, "grossProfit": 1219308000, "grossProfitRatio": 0.4522937631, "researchAndDevelopmentExpenses": 0, "generalAndAdministrativeExpenses": 0, "sellingAndMarketingExpenses": 0, "sellingGeneralAndAdministrativeExpenses": 91377000, "otherExpenses": 637438000, "operatingExpenses": 728815000, "costAndExpenses": 2205339000, "interestIncome": 1484000, "interestExpense": 55727000, "depreciationAndAmortization": 658640000, "ebitda": 1157890000, "ebitdaratio": 0.4295111862, "operatingIncome": 490493000, "operatingIncomeRatio": 0.1819449432, "totalOtherIncomeExpensesNet": -54243000, "incomeBeforeTax": 436250000, "incomeBeforeTaxRatio": 0.1618238822, "incomeTaxExpense": 72625000, "netIncome": 370898000, "netIncomeRatio": 0.1375820155, "eps": 1.48, "epsdiluted": 1.47, "weightedAverageShsOut": 251405000, "weightedAverageShsOutDil": 251989000, "link": "https://www.sec.gov/Archives/edgar/data/1458891/000095012312003293/0000950123-12-003293-index.htm", "finalLink": "https://www.sec.gov/Archives/edgar/data/1169055/000095012312003293/c25565e10vk.htm", "calculatedOtherExpenses": 637438000, "calculatedOperatingExpenses": 728815000, "calculatedNetInterest": -54243000, "calculatedOtherIncome": 0, "calculatedIncomeNonControlling": -7273000, "calculatedEbitda": 1149133000}, {"date": "2010-12-31", "symbol": "NE", "reportedCurrency": "USD", "cik": "0001895262", "fillingDate": "2011-02-25", "acceptedDate": "2011-02-25 15:10:21", "calendarYear": "2010", "period": "FY", "revenue": 2807176000, "costOfRevenue": 1259270000, "grossProfit": 1547906000, "grossProfitRatio": 0.5514103854, "researchAndDevelopmentExpenses": 0, "generalAndAdministrativeExpenses": 0, "sellingAndMarketingExpenses": 0, "sellingGeneralAndAdministrativeExpenses": 91997000, "otherExpenses": 539829000, "operatingExpenses": 631826000, "costAndExpenses": 1891096000, "interestIncome": 9886000, "interestExpense": 9457000, "depreciationAndAmortization": 539829000, "ebitda": 1465792000, "ebitdaratio": 0.5221589241, "operatingIncome": 916080000, "operatingIncomeRatio": 0.3263350784, "totalOtherIncomeExpensesNet": 429000, "incomeBeforeTax": 916509000, "incomeBeforeTaxRatio": 0.326487901, "incomeTaxExpense": 143077000, "netIncome": 773429000, "netIncomeRatio": 0.2755185282, "eps": 3.06, "epsdiluted": 3.05, "weightedAverageShsOut": 253123000, "weightedAverageShsOutDil": 253936000, "link": "https://www.sec.gov/Archives/edgar/data/1458891/000095012311018607/0000950123-11-018607-index.htm", "finalLink": "https://www.sec.gov/Archives/edgar/data/1169055/000095012311018607/c09458e10vk.htm", "calculatedOtherExpenses": 539829000, "calculatedOperatingExpenses": 631826000, "calculatedNetInterest": 429000, "calculatedOtherIncome": 0, "calculatedIncomeNonControlling": 3000, "calculatedEbitda": 1455909000}, {"date": "2009-12-31", "symbol": "NE", "reportedCurrency": "USD", "cik": "0001895262", "fillingDate": "2010-02-26", "acceptedDate": "2010-02-26 12:17:00", "calendarYear": "2009", "period": "FY", "revenue": 3640784000, "costOfRevenue": 1110626000, "grossProfit": 2530158000, "grossProfitRatio": 0.6949486704, "researchAndDevelopmentExpenses": 0, "generalAndAdministrativeExpenses": 0, "sellingAndMarketingExpenses": 0, "sellingGeneralAndAdministrativeExpenses": 80262000, "otherExpenses": 439152000, "operatingExpenses": 519414000, "costAndExpenses": 1630040000, "interestIncome": 6843000, "interestExpense": 1685000, "depreciationAndAmortization": 408313000, "ebitda": 2425900000, "ebitdaratio": 0.6663125305, "operatingIncome": 2010744000, "operatingIncomeRatio": 0.5522832445, "totalOtherIncomeExpensesNet": 5158000, "incomeBeforeTax": 2015902000, "incomeBeforeTaxRatio": 0.5536999723, "incomeTaxExpense": 337260000, "netIncome": 1678642000, "netIncomeRatio": 0.4610660781, "eps": 6.51, "epsdiluted": 6.48, "weightedAverageShsOut": 258035000, "weightedAverageShsOutDil": 258891000, "link": "https://www.sec.gov/Archives/edgar/data/1458891/000095012310017776/0000950123-10-017776-index.htm", "finalLink": "https://www.sec.gov/Archives/edgar/data/1169055/000095012310017776/c96580e10vk.htm", "calculatedOtherExpenses": 439152000, "calculatedOperatingExpenses": 519414000, "calculatedNetInterest": 5158000, "calculatedOtherIncome": 0, "calculatedIncomeNonControlling": 0, "calculatedEbitda": 2419057000}, {"date": "2008-12-31", "symbol": "NE", "reportedCurrency": "USD", "cik": "0001895262", "fillingDate": "2008-12-31", "acceptedDate": "2008-12-30 19:00:00", "calendarYear": "2008", "period": "FY", "revenue": 3446501000, "costOfRevenue": 1133782000, "grossProfit": 2312719000, "grossProfitRatio": 0.6710338979, "researchAndDevelopmentExpenses": 0, "generalAndAdministrativeExpenses": 0, "sellingAndMarketingExpenses": 0, "sellingGeneralAndAdministrativeExpenses": 74143000, "otherExpenses": 330173000, "operatingExpenses": 404316000, "costAndExpenses": 1538098000, "interestIncome": 0, "interestExpense": 0, "depreciationAndAmortization": 356658000, "ebitda": 2269116000, "ebitdaratio": 0.6583825161, "operatingIncome": 1908403000, "operatingIncomeRatio": 0.5537218762, "totalOtherIncomeExpensesNet": 4055000, "incomeBeforeTax": 1912458000, "incomeBeforeTaxRatio": 0.5548984318, "incomeTaxExpense": 351463000, "netIncome": 1560995000, "netIncomeRatio": 0.4529216733, "eps": 5.9, "epsdiluted": 5.85, "weightedAverageShsOut": 264782000, "weightedAverageShsOutDil": 266805000, "link": "", "finalLink": "", "calculatedOtherExpenses": 330173000, "calculatedOperatingExpenses": 404316000, "calculatedNetInterest": 0, "calculatedOtherIncome": 4055000, "calculatedIncomeNonControlling": 0, "calculatedEbitda": 2265061000}, {"date": "2007-12-31", "symbol": "NE", "reportedCurrency": "USD", "cik": "0001895262", "fillingDate": "2007-12-31", "acceptedDate": "2007-12-30 19:00:00", "calendarYear": "2007", "period": "FY", "revenue": 2995311000, "costOfRevenue": 1129145000, "grossProfit": 1866166000, "grossProfitRatio": 0.6230291279, "researchAndDevelopmentExpenses": 0, "generalAndAdministrativeExpenses": 0, "sellingAndMarketingExpenses": 0, "sellingGeneralAndAdministrativeExpenses": 85831000, "otherExpenses": 289473000, "operatingExpenses": 375304000, "costAndExpenses": 1504449000, "interestIncome": 0, "interestExpense": 0, "depreciationAndAmortization": 292987000, "ebitda": 1781889000, "ebitdaratio": 0.5948928175, "operatingIncome": 1490862000, "operatingIncomeRatio": 0.497731955, "totalOtherIncomeExpensesNet": -1960000, "incomeBeforeTax": 1488902000, "incomeBeforeTaxRatio": 0.497077599, "incomeTaxExpense": 282891000, "netIncome": 1206011000, "netIncomeRatio": 0.402632982, "eps": 4.52, "epsdiluted": 4.48, "weightedAverageShsOut": 266816593, "weightedAverageShsOutDil": 269198884, "link": "", "finalLink": "", "calculatedOtherExpenses": 289473000, "calculatedOperatingExpenses": 375304000, "calculatedNetInterest": 0, "calculatedOtherIncome": -1960000, "calculatedIncomeNonControlling": 0, "calculatedEbitda": 1783849000}, {"date": "2006-12-31", "symbol": "NE", "reportedCurrency": "USD", "cik": "0001895262", "fillingDate": "2006-12-31", "acceptedDate": "2006-12-30 19:00:00", "calendarYear": "2006", "period": "FY", "revenue": 2100239000, "costOfRevenue": 883916000, "grossProfit": 1216323000, "grossProfitRatio": 0.5791355174, "researchAndDevelopmentExpenses": 0, "generalAndAdministrativeExpenses": 0, "sellingAndMarketingExpenses": 0, "sellingGeneralAndAdministrativeExpenses": 46272000, "otherExpenses": 242621000, "operatingExpenses": 288893000, "costAndExpenses": 1172809000, "interestIncome": 0, "interestExpense": 0, "depreciationAndAmortization": 253325000, "ebitda": 1174612000, "ebitdaratio": 0.5592753968, "operatingIncome": 927430000, "operatingIncomeRatio": 0.441583077, "totalOtherIncomeExpensesNet": -6143000, "incomeBeforeTax": 921287000, "incomeBeforeTaxRatio": 0.4386581718, "incomeTaxExpense": 189421000, "netIncome": 731866000, "netIncomeRatio": 0.3484679601, "eps": 5.38, "epsdiluted": 5.33, "weightedAverageShsOut": 136034572, "weightedAverageShsOutDil": 137310694, "link": "", "finalLink": "", "calculatedOtherExpenses": 242621000, "calculatedOperatingExpenses": 288893000, "calculatedNetInterest": 0, "calculatedOtherIncome": -6143000, "calculatedIncomeNonControlling": 0, "calculatedEbitda": 1180755000}, {"date": "2005-12-31", "symbol": "NE", "reportedCurrency": "USD", "cik": "0001895262", "fillingDate": "2005-12-31", "acceptedDate": "2005-12-30 19:00:00", "calendarYear": "2005", "period": "FY", "revenue": 1382137000, "costOfRevenue": 756821000, "grossProfit": 625316000, "grossProfitRatio": 0.4524269302, "researchAndDevelopmentExpenses": 0, "generalAndAdministrativeExpenses": 0, "sellingAndMarketingExpenses": 0, "sellingGeneralAndAdministrativeExpenses": 40278000, "otherExpenses": 211993000, "operatingExpenses": 252271000, "costAndExpenses": 1009092000, "interestIncome": 0, "interestExpense": 0, "depreciationAndAmortization": 241752000, "ebitda": 605844000, "ebitdaratio": 0.4383386017, "operatingIncome": 373045000, "operatingIncomeRatio": 0.269904503, "totalOtherIncomeExpensesNet": -8953000, "incomeBeforeTax": 364092000, "incomeBeforeTaxRatio": 0.2634268528, "incomeTaxExpense": 67396000, "netIncome": 296696000, "netIncomeRatio": 0.2146646823, "eps": 2.18, "epsdiluted": 2.16, "weightedAverageShsOut": 136099083, "weightedAverageShsOutDil": 137359259, "link": "", "finalLink": "", "calculatedOtherExpenses": 211993000, "calculatedOperatingExpenses": 252271000, "calculatedNetInterest": 0, "calculatedOtherIncome": -8953000, "calculatedIncomeNonControlling": 0, "calculatedEbitda": 614797000}, {"date": "2004-12-31", "symbol": "NE", "reportedCurrency": "USD", "cik": "0001895262", "fillingDate": "2004-12-31", "acceptedDate": "2004-12-30 19:00:00", "calendarYear": "2004", "period": "FY", "revenue": 1066231000, "costOfRevenue": 677126000, "grossProfit": 389105000, "grossProfitRatio": 0.3649349906, "researchAndDevelopmentExpenses": 0, "generalAndAdministrativeExpenses": 0, "sellingAndMarketingExpenses": 0, "sellingGeneralAndAdministrativeExpenses": 33714000, "otherExpenses": 168219000, "operatingExpenses": 201933000, "costAndExpenses": 879059000, "interestIncome": 0, "interestExpense": 0, "depreciationAndAmortization": 209123000, "ebitda": 370940000, "ebitdaratio": 0.3478983447, "operatingIncome": 187172000, "operatingIncomeRatio": 0.1755454493, "totalOtherIncomeExpensesNet": -25355000, "incomeBeforeTax": 161817000, "incomeBeforeTaxRatio": 0.1517654242, "incomeTaxExpense": 15731000, "netIncome": 146086000, "netIncomeRatio": 0.1370115857, "eps": 1.1, "epsdiluted": 1.09, "weightedAverageShsOut": 132805455, "weightedAverageShsOutDil": 134023853, "link": "", "finalLink": "", "calculatedOtherExpenses": 168219000, "calculatedOperatingExpenses": 201933000, "calculatedNetInterest": 0, "calculatedOtherIncome": -25355000, "calculatedIncomeNonControlling": 0, "calculatedEbitda": 396295000}, {"date": "2003-12-31", "symbol": "NE", "reportedCurrency": "USD", "cik": "0001895262", "fillingDate": "2003-12-31", "acceptedDate": "2003-12-30 19:00:00", "calendarYear": "2003", "period": "FY", "revenue": 987380000, "costOfRevenue": 594953000, "grossProfit": 392427000, "grossProfitRatio": 0.3974427272, "researchAndDevelopmentExpenses": 0, "generalAndAdministrativeExpenses": 0, "sellingAndMarketingExpenses": 0, "sellingGeneralAndAdministrativeExpenses": 26634000, "otherExpenses": 144655000, "operatingExpenses": 171289000, "costAndExpenses": 766242000, "interestIncome": 0, "interestExpense": 0, "depreciationAndAmortization": 182590000, "ebitda": 369574000, "ebitdaratio": 0.3742976362, "operatingIncome": 221138000, "operatingIncomeRatio": 0.2239644311, "totalOtherIncomeExpensesNet": -34154000, "incomeBeforeTax": 186984000, "incomeBeforeTaxRatio": 0.1893738986, "incomeTaxExpense": 20568000, "netIncome": 166416000, "netIncomeRatio": 0.1685430128, "eps": 1.26, "epsdiluted": 1.25, "weightedAverageShsOut": 132076190, "weightedAverageShsOutDil": 133132800, "link": "", "finalLink": "", "calculatedOtherExpenses": 144655000, "calculatedOperatingExpenses": 171289000, "calculatedNetInterest": 0, "calculatedOtherIncome": -34154000, "calculatedIncomeNonControlling": 0, "calculatedEbitda": 403728000}, {"date": "2002-12-31", "symbol": "NE", "reportedCurrency": "USD", "cik": "0001895262", "fillingDate": "2002-12-31", "acceptedDate": "2002-12-30 19:00:00", "calendarYear": "2002", "period": "FY", "revenue": 986356000, "costOfRevenue": 559262000, "grossProfit": 427094000, "grossProfitRatio": 0.4330018776, "researchAndDevelopmentExpenses": 0, "generalAndAdministrativeExpenses": 0, "sellingAndMarketingExpenses": 0, "sellingGeneralAndAdministrativeExpenses": 26939000, "otherExpenses": 125154000, "operatingExpenses": 152093000, "costAndExpenses": 711355000, "interestIncome": 0, "interestExpense": 0, "depreciationAndAmortization": 154469000, "ebitda": 397794000, "ebitdaratio": 0.4032965785, "operatingIncome": 275001000, "operatingIncomeRatio": 0.2788050156, "totalOtherIncomeExpensesNet": -31676000, "incomeBeforeTax": 243325000, "incomeBeforeTaxRatio": 0.24669085, "incomeTaxExpense": 33822000, "netIncome": 209503000, "netIncomeRatio": 0.2124009992, "eps": 1.58, "epsdiluted": 1.57, "weightedAverageShsOut": 132596835, "weightedAverageShsOutDil": 133441401, "link": "", "finalLink": "", "calculatedOtherExpenses": 125154000, "calculatedOperatingExpenses": 152093000, "calculatedNetInterest": 0, "calculatedOtherIncome": -31676000, "calculatedIncomeNonControlling": 0, "calculatedEbitda": 429470000}, {"date": "2001-12-31", "symbol": "NE", "reportedCurrency": "USD", "cik": "0001895262", "fillingDate": "2001-12-31", "acceptedDate": "2001-12-30 19:00:00", "calendarYear": "2001", "period": "FY", "revenue": 1002329000, "costOfRevenue": 475170000, "grossProfit": 527159000, "grossProfitRatio": 0.5259340995, "researchAndDevelopmentExpenses": 0, "generalAndAdministrativeExpenses": 0, "sellingAndMarketingExpenses": 0, "sellingGeneralAndAdministrativeExpenses": 24297000, "otherExpenses": 118575000, "operatingExpenses": 142872000, "costAndExpenses": 618042000, "interestIncome": 0, "interestExpense": 0, "depreciationAndAmortization": 141502000, "ebitda": 490506000, "ebitdaratio": 0.489366266, "operatingIncome": 384287000, "operatingIncomeRatio": 0.3833940752, "totalOtherIncomeExpensesNet": -34295000, "incomeBeforeTax": 349992000, "incomeBeforeTaxRatio": 0.3491787627, "incomeTaxExpense": 86082000, "netIncome": 262922000, "netIncomeRatio": 0.2623110775, "eps": 1.98, "epsdiluted": 1.96, "weightedAverageShsOut": 132788889, "weightedAverageShsOutDil": 134143878, "link": "", "finalLink": "", "calculatedOtherExpenses": 118575000, "calculatedOperatingExpenses": 142872000, "calculatedNetInterest": 0, "calculatedOtherIncome": -34295000, "calculatedIncomeNonControlling": 988000, "calculatedEbitda": 525789000}, {"date": "2000-12-31", "symbol": "NE", "reportedCurrency": "USD", "cik": "0001895262", "fillingDate": "2000-12-31", "acceptedDate": "2000-12-30 19:00:00", "calendarYear": "2000", "period": "FY", "revenue": 882600000, "costOfRevenue": 479406000, "grossProfit": 403194000, "grossProfitRatio": 0.4568252889, "researchAndDevelopmentExpenses": 0, "generalAndAdministrativeExpenses": 0, "sellingAndMarketingExpenses": 0, "sellingGeneralAndAdministrativeExpenses": 23783000, "otherExpenses": 110787000, "operatingExpenses": 134570000, "costAndExpenses": 613976000, "interestIncome": 0, "interestExpense": 0, "depreciationAndAmortization": 110787000, "ebitda": 337094000, "ebitdaratio": 0.3819329254, "operatingIncome": 268624000, "operatingIncomeRatio": 0.3043553138, "totalOtherIncomeExpensesNet": -42317000, "incomeBeforeTax": 226307000, "incomeBeforeTaxRatio": 0.256409472, "incomeTaxExpense": 60753000, "netIncome": 165554000, "netIncomeRatio": 0.1875753456, "eps": 0.62, "epsdiluted": 0.61, "weightedAverageShsOut": 266554000, "weightedAverageShsOutDil": 270792000, "link": "", "finalLink": "", "calculatedOtherExpenses": 110787000, "calculatedOperatingExpenses": 134570000, "calculatedNetInterest": 0, "calculatedOtherIncome": -42317000, "calculatedIncomeNonControlling": 0, "calculatedEbitda": 379411000}, {"date": "1999-12-31", "symbol": "NE", "reportedCurrency": "USD", "cik": "0001895262", "fillingDate": "1999-12-31", "acceptedDate": "1999-12-30 19:00:00", "calendarYear": "1999", "period": "FY", "revenue": 705900000, "costOfRevenue": 422900000, "grossProfit": 283000000, "grossProfitRatio": 0.400906644, "researchAndDevelopmentExpenses": 0, "generalAndAdministrativeExpenses": 0, "sellingAndMarketingExpenses": 0, "sellingGeneralAndAdministrativeExpenses": 35800000, "otherExpenses": 89000000, "operatingExpenses": 124800000, "costAndExpenses": 547700000, "interestIncome": 0, "interestExpense": 0, "depreciationAndAmortization": 89000000, "ebitda": 203700000, "ebitdaratio": 0.2885677858, "operatingIncome": 158200000, "operatingIncomeRatio": 0.2241110639, "totalOtherIncomeExpensesNet": -32700000, "incomeBeforeTax": 125500000, "incomeBeforeTaxRatio": 0.177787222, "incomeTaxExpense": 30200000, "netIncome": 84500000, "netIncomeRatio": 0.1197053407, "eps": 0.32, "epsdiluted": 0.32, "weightedAverageShsOut": 264062500, "weightedAverageShsOutDil": 264062500, "link": "", "finalLink": "", "calculatedOtherExpenses": 89000000, "calculatedOperatingExpenses": 124800000, "calculatedNetInterest": 0, "calculatedOtherIncome": -32700000, "calculatedIncomeNonControlling": 10800000, "calculatedEbitda": 247200000}, {"date": "1998-12-31", "symbol": "NE", "reportedCurrency": "USD", "cik": "0001895262", "fillingDate": "1998-12-31", "acceptedDate": "1998-12-30 19:00:00", "calendarYear": "1998", "period": "FY", "revenue": 788200000, "costOfRevenue": 456500000, "grossProfit": 331700000, "grossProfitRatio": 0.4208322761, "researchAndDevelopmentExpenses": 0, "generalAndAdministrativeExpenses": 0, "sellingAndMarketingExpenses": 0, "sellingGeneralAndAdministrativeExpenses": 30300000, "otherExpenses": 71700000, "operatingExpenses": 102000000, "costAndExpenses": 558500000, "interestIncome": 0, "interestExpense": 0, "depreciationAndAmortization": 71700000, "ebitda": 302600000, "ebitdaratio": 0.3839127125, "operatingIncome": 229700000, "operatingIncomeRatio": 0.2914234966, "totalOtherIncomeExpensesNet": 1200000, "incomeBeforeTax": 230900000, "incomeBeforeTaxRatio": 0.2929459528, "incomeTaxExpense": 68900000, "netIncome": 162000000, "netIncomeRatio": 0.205531591, "eps": 0.62, "epsdiluted": 0.62, "weightedAverageShsOut": 261290323, "weightedAverageShsOutDil": 263414634, "link": "", "finalLink": "", "calculatedOtherExpenses": 71700000, "calculatedOperatingExpenses": 102000000, "calculatedNetInterest": 0, "calculatedOtherIncome": 1200000, "calculatedIncomeNonControlling": 0, "calculatedEbitda": 301400000}, {"date": "1997-12-31", "symbol": "NE", "reportedCurrency": "USD", "cik": "0001895262", "fillingDate": "1997-12-31", "acceptedDate": "1997-12-30 19:00:00", "calendarYear": "1997", "period": "FY", "revenue": 713200000, "costOfRevenue": 387100000, "grossProfit": 326100000, "grossProfitRatio": 0.4572349972, "researchAndDevelopmentExpenses": 0, "generalAndAdministrativeExpenses": 0, "sellingAndMarketingExpenses": 0, "sellingGeneralAndAdministrativeExpenses": 64800000, "otherExpenses": 77900000, "operatingExpenses": 142700000, "costAndExpenses": 529800000, "interestIncome": 0, "interestExpense": 0, "depreciationAndAmortization": 77900000, "ebitda": 450800000, "ebitdaratio": 0.6320807628, "operatingIncome": 183400000, "operatingIncomeRatio": 0.2571508693, "totalOtherIncomeExpensesNet": 196200000, "incomeBeforeTax": 379600000, "incomeBeforeTaxRatio": 0.5322490185, "incomeTaxExpense": 115700000, "netIncome": 257200000, "netIncomeRatio": 0.3606281548, "eps": 0.97, "epsdiluted": 0.97, "weightedAverageShsOut": 263794872, "weightedAverageShsOutDil": 266528497, "link": "", "finalLink": "", "calculatedOtherExpenses": 77900000, "calculatedOperatingExpenses": 142700000, "calculatedNetInterest": 0, "calculatedOtherIncome": 196200000, "calculatedIncomeNonControlling": 6700000, "calculatedEbitda": 261300000}, {"date": "1996-12-31", "symbol": "NE", "reportedCurrency": "USD", "cik": "0001895262", "fillingDate": "1996-12-31", "acceptedDate": "1996-12-30 19:00:00", "calendarYear": "1996", "period": "FY", "revenue": 514300000, "costOfRevenue": 331500000, "grossProfit": 182800000, "grossProfitRatio": 0.3554345713, "researchAndDevelopmentExpenses": 0, "generalAndAdministrativeExpenses": 0, "sellingAndMarketingExpenses": 0, "sellingGeneralAndAdministrativeExpenses": 54500000, "otherExpenses": 52200000, "operatingExpenses": 106700000, "costAndExpenses": 438200000, "interestIncome": 0, "interestExpense": 0, "depreciationAndAmortization": 52200000, "ebitda": 153500000, "ebitdaratio": 0.2984639316, "operatingIncome": 76100000, "operatingIncomeRatio": 0.147968112, "totalOtherIncomeExpensesNet": 25900000, "incomeBeforeTax": 102000000, "incomeBeforeTaxRatio": 0.1983278242, "incomeTaxExpense": 22700000, "netIncome": 78600000, "netIncomeRatio": 0.1528290881, "eps": 0.36, "epsdiluted": 0.36, "weightedAverageShsOut": 216716418, "weightedAverageShsOutDil": 220000000, "link": "", "finalLink": "", "calculatedOtherExpenses": 52200000, "calculatedOperatingExpenses": 106700000, "calculatedNetInterest": 0, "calculatedOtherIncome": 25900000, "calculatedIncomeNonControlling": 700000, "calculatedEbitda": 128300000}, {"date": "1995-12-31", "symbol": "NE", "reportedCurrency": "USD", "cik": "0001895262", "fillingDate": "1995-12-31", "acceptedDate": "1995-12-30 19:00:00", "calendarYear": "1995", "period": "FY", "revenue": 328000000, "costOfRevenue": 240000000, "grossProfit": 88000000, "grossProfitRatio": 0.2682926829, "researchAndDevelopmentExpenses": 0, "generalAndAdministrativeExpenses": 0, "sellingAndMarketingExpenses": 0, "sellingGeneralAndAdministrativeExpenses": 40100000, "otherExpenses": 36500000, "operatingExpenses": 76600000, "costAndExpenses": 316600000, "interestIncome": 0, "interestExpense": 0, "depreciationAndAmortization": 36500000, "ebitda": 41400000, "ebitdaratio": 0.1262195122, "operatingIncome": 11400000, "operatingIncomeRatio": 0.0347560976, "totalOtherIncomeExpensesNet": -6500000, "incomeBeforeTax": 4900000, "incomeBeforeTaxRatio": 0.0149390244, "incomeTaxExpense": 3300000, "netIncome": 1600000, "netIncomeRatio": 0.0048780488, "eps": 0.0114, "epsdiluted": 0.0114, "weightedAverageShsOut": 140000000, "weightedAverageShsOutDil": 140000000, "link": "", "finalLink": "", "calculatedOtherExpenses": 36500000, "calculatedOperatingExpenses": 76600000, "calculatedNetInterest": 0, "calculatedOtherIncome": -6500000, "calculatedIncomeNonControlling": 0, "calculatedEbitda": 47900000}, {"date": "1994-12-31", "symbol": "NE", "reportedCurrency": "USD", "cik": "0001895262", "fillingDate": "1994-12-31", "acceptedDate": "1994-12-30 19:00:00", "calendarYear": "1994", "period": "FY", "revenue": 352000000, "costOfRevenue": 243200000, "grossProfit": 108800000, "grossProfitRatio": 0.3090909091, "researchAndDevelopmentExpenses": 0, "generalAndAdministrativeExpenses": 0, "sellingAndMarketingExpenses": 0, "sellingGeneralAndAdministrativeExpenses": 51300000, "otherExpenses": 39500000, "operatingExpenses": 90800000, "costAndExpenses": 334000000, "interestIncome": 0, "interestExpense": 0, "depreciationAndAmortization": 39500000, "ebitda": 66700000, "ebitdaratio": 0.1894886364, "operatingIncome": 18000000, "operatingIncomeRatio": 0.0511363636, "totalOtherIncomeExpensesNet": 9200000, "incomeBeforeTax": 27200000, "incomeBeforeTaxRatio": 0.0772727273, "incomeTaxExpense": 5700000, "netIncome": 21500000, "netIncomeRatio": 0.0610795455, "eps": 0.14, "epsdiluted": 0.14, "weightedAverageShsOut": 158181818, "weightedAverageShsOutDil": 158181818, "link": "", "finalLink": "", "calculatedOtherExpenses": 39500000, "calculatedOperatingExpenses": 90800000, "calculatedNetInterest": 0, "calculatedOtherIncome": 9200000, "calculatedIncomeNonControlling": 0, "calculatedEbitda": 57500000}, {"date": "1993-12-31", "symbol": "NE", "reportedCurrency": "USD", "cik": "0001895262", "fillingDate": "1993-12-31", "acceptedDate": "1993-12-30 19:00:00", "calendarYear": "1993", "period": "FY", "revenue": 194900000, "costOfRevenue": 128600000, "grossProfit": 66300000, "grossProfitRatio": 0.3401744484, "researchAndDevelopmentExpenses": 0, "generalAndAdministrativeExpenses": 0, "sellingAndMarketingExpenses": 0, "sellingGeneralAndAdministrativeExpenses": 22400000, "otherExpenses": 20500000, "operatingExpenses": 42900000, "costAndExpenses": 171500000, "interestIncome": 0, "interestExpense": 0, "depreciationAndAmortization": 20500000, "ebitda": 43900000, "ebitdaratio": 0.2252437147, "operatingIncome": 23400000, "operatingIncomeRatio": 0.12006157, "totalOtherIncomeExpensesNet": -1800000, "incomeBeforeTax": 21600000, "incomeBeforeTaxRatio": 0.1108260646, "incomeTaxExpense": 2500000, "netIncome": 20900000, "netIncomeRatio": 0.1072344792, "eps": 0.17, "epsdiluted": 0.17, "weightedAverageShsOut": 123478261, "weightedAverageShsOutDil": 123478261, "link": "", "finalLink": "", "calculatedOtherExpenses": 20500000, "calculatedOperatingExpenses": 42900000, "calculatedNetInterest": 0, "calculatedOtherIncome": -1800000, "calculatedIncomeNonControlling": -1800000, "calculatedEbitda": 43900000}, {"date": "1992-12-31", "symbol": "NE", "reportedCurrency": "USD", "cik": "0001895262", "fillingDate": "1992-12-31", "acceptedDate": "1992-12-30 19:00:00", "calendarYear": "1992", "period": "FY", "revenue": 139700000, "costOfRevenue": 103900000, "grossProfit": 35800000, "grossProfitRatio": 0.2562634216, "researchAndDevelopmentExpenses": 0, "generalAndAdministrativeExpenses": 0, "sellingAndMarketingExpenses": 0, "sellingGeneralAndAdministrativeExpenses": 22600000, "otherExpenses": 17700000, "operatingExpenses": 40300000, "costAndExpenses": 144200000, "interestIncome": 0, "interestExpense": 0, "depreciationAndAmortization": 17700000, "ebitda": 8400000, "ebitdaratio": 0.0601288475, "operatingIncome": -4500000, "operatingIncomeRatio": -0.0322118826, "totalOtherIncomeExpensesNet": -1400000, "incomeBeforeTax": -5900000, "incomeBeforeTaxRatio": -0.0422333572, "incomeTaxExpense": 2200000, "netIncome": -11500000, "netIncomeRatio": -0.0823192555, "eps": -0.17, "epsdiluted": -0.17, "weightedAverageShsOut": 68679245, "weightedAverageShsOutDil": 68679245, "link": "", "finalLink": "", "calculatedOtherExpenses": 17700000, "calculatedOperatingExpenses": 40300000, "calculatedNetInterest": 0, "calculatedOtherIncome": -1400000, "calculatedIncomeNonControlling": 3400000, "calculatedEbitda": 13200000}, {"date": "1991-12-31", "symbol": "NE", "reportedCurrency": "USD", "cik": "0001895262", "fillingDate": "1991-12-31", "acceptedDate": "1991-12-30 19:00:00", "calendarYear": "1991", "period": "FY", "revenue": 177400000, "costOfRevenue": 131400000, "grossProfit": 46000000, "grossProfitRatio": 0.2593010147, "researchAndDevelopmentExpenses": 0, "generalAndAdministrativeExpenses": 0, "sellingAndMarketingExpenses": 0, "sellingGeneralAndAdministrativeExpenses": 30200000, "otherExpenses": 19900000, "operatingExpenses": 50100000, "costAndExpenses": 181500000, "interestIncome": 0, "interestExpense": 0, "depreciationAndAmortization": 19900000, "ebitda": 6800000, "ebitdaratio": 0.0383314543, "operatingIncome": -4100000, "operatingIncomeRatio": -0.0231116122, "totalOtherIncomeExpensesNet": -7200000, "incomeBeforeTax": -11300000, "incomeBeforeTaxRatio": -0.0636978579, "incomeTaxExpense": 2100000, "netIncome": -15200000, "netIncomeRatio": -0.0856820744, "eps": -0.22, "epsdiluted": -0.22, "weightedAverageShsOut": 67659574, "weightedAverageShsOutDil": 67659574, "link": "", "finalLink": "", "calculatedOtherExpenses": 19900000, "calculatedOperatingExpenses": 50100000, "calculatedNetInterest": 0, "calculatedOtherIncome": -7200000, "calculatedIncomeNonControlling": 1800000, "calculatedEbitda": 15800000}, {"date": "1990-12-31", "symbol": "NE", "reportedCurrency": "USD", "cik": "0001895262", "fillingDate": "1990-12-31", "acceptedDate": "1990-12-30 19:00:00", "calendarYear": "1990", "period": "FY", "revenue": 136200000, "costOfRevenue": 112100000, "grossProfit": 24100000, "grossProfitRatio": 0.1769456681, "researchAndDevelopmentExpenses": 0, "generalAndAdministrativeExpenses": 0, "sellingAndMarketingExpenses": 0, "sellingGeneralAndAdministrativeExpenses": 17100000, "otherExpenses": 14400000, "operatingExpenses": 31500000, "costAndExpenses": 143600000, "interestIncome": 0, "interestExpense": 0, "depreciationAndAmortization": 14400000, "ebitda": 7000000, "ebitdaratio": 0.0513950073, "operatingIncome": -7400000, "operatingIncomeRatio": -0.0543318649, "totalOtherIncomeExpensesNet": 0, "incomeBeforeTax": -7400000, "incomeBeforeTaxRatio": -0.0543318649, "incomeTaxExpense": 1400000, "netIncome": -8800000, "netIncomeRatio": -0.0646108664, "eps": -0.18, "epsdiluted": -0.18, "weightedAverageShsOut": 50285714, "weightedAverageShsOutDil": 50285714, "link": "", "finalLink": "", "calculatedOtherExpenses": 14400000, "calculatedOperatingExpenses": 31500000, "calculatedNetInterest": 0, "calculatedOtherIncome": 0, "calculatedIncomeNonControlling": 0, "calculatedEbitda": 7000000}, {"date": "1989-12-31", "symbol": "NE", "reportedCurrency": "USD", "cik": "0001895262", "fillingDate": "1989-12-31", "acceptedDate": "1989-12-30 19:00:00", "calendarYear": "1989", "period": "FY", "revenue": 103700000, "costOfRevenue": 81800000, "grossProfit": 21900000, "grossProfitRatio": 0.2111861138, "researchAndDevelopmentExpenses": 0, "generalAndAdministrativeExpenses": 0, "sellingAndMarketingExpenses": 0, "sellingGeneralAndAdministrativeExpenses": 18200000, "otherExpenses": 14200000, "operatingExpenses": 32400000, "costAndExpenses": 114200000, "interestIncome": 0, "interestExpense": 0, "depreciationAndAmortization": 14200000, "ebitda": 4500000, "ebitdaratio": 0.0433944069, "operatingIncome": -10500000, "operatingIncomeRatio": -0.1012536162, "totalOtherIncomeExpensesNet": 800000, "incomeBeforeTax": -9700000, "incomeBeforeTaxRatio": -0.093539055, "incomeTaxExpense": 800000, "netIncome": -10500000, "netIncomeRatio": -0.1012536162, "eps": -0.25, "epsdiluted": -0.25, "weightedAverageShsOut": 42000000, "weightedAverageShsOutDil": 42000000, "link": "", "finalLink": "", "calculatedOtherExpenses": 14200000, "calculatedOperatingExpenses": 32400000, "calculatedNetInterest": 0, "calculatedOtherIncome": 800000, "calculatedIncomeNonControlling": 0, "calculatedEbitda": 3700000}, {"date": "1988-12-31", "symbol": "NE", "reportedCurrency": "USD", "cik": "0001895262", "fillingDate": "1988-12-31", "acceptedDate": "1988-12-30 19:00:00", "calendarYear": "1988", "period": "FY", "revenue": 44000000, "costOfRevenue": 37300000, "grossProfit": 6700000, "grossProfitRatio": 0.1522727273, "researchAndDevelopmentExpenses": 0, "generalAndAdministrativeExpenses": 0, "sellingAndMarketingExpenses": 0, "sellingGeneralAndAdministrativeExpenses": 7500000, "otherExpenses": 12100000, "operatingExpenses": 19600000, "costAndExpenses": 56900000, "interestIncome": 0, "interestExpense": 0, "depreciationAndAmortization": 12100000, "ebitda": -1200000, "ebitdaratio": -0.0272727273, "operatingIncome": -12900000, "operatingIncomeRatio": -0.2931818182, "totalOtherIncomeExpensesNet": -400000, "incomeBeforeTax": -13300000, "incomeBeforeTaxRatio": -0.3022727273, "incomeTaxExpense": -4900000, "netIncome": -8400000, "netIncomeRatio": -0.1909090909, "eps": -0.21, "epsdiluted": -0.21, "weightedAverageShsOut": 40000000, "weightedAverageShsOutDil": 40000000, "link": "", "finalLink": "", "calculatedOtherExpenses": 12100000, "calculatedOperatingExpenses": 19600000, "calculatedNetInterest": 0, "calculatedOtherIncome": -400000, "calculatedIncomeNonControlling": 0, "calculatedEbitda": -800000}, {"date": "1987-12-31", "symbol": "NE", "reportedCurrency": "USD", "cik": "0001895262", "fillingDate": "1987-12-31", "acceptedDate": "1987-12-30 19:00:00", "calendarYear": "1987", "period": "FY", "revenue": 28800000, "costOfRevenue": 25400000, "grossProfit": 3400000, "grossProfitRatio": 0.1180555556, "researchAndDevelopmentExpenses": 0, "generalAndAdministrativeExpenses": 0, "sellingAndMarketingExpenses": 0, "sellingGeneralAndAdministrativeExpenses": 4500000, "otherExpenses": 14500000, "operatingExpenses": 19000000, "costAndExpenses": 44400000, "interestIncome": 0, "interestExpense": 0, "depreciationAndAmortization": 14500000, "ebitda": -2300000, "ebitdaratio": -0.0798611111, "operatingIncome": -15600000, "operatingIncomeRatio": -0.5416666667, "totalOtherIncomeExpensesNet": -1200000, "incomeBeforeTax": -16800000, "incomeBeforeTaxRatio": -0.5833333333, "incomeTaxExpense": -6700000, "netIncome": -10100000, "netIncomeRatio": -0.3506944444, "eps": -0.36, "epsdiluted": -0.36, "weightedAverageShsOut": 28450704, "weightedAverageShsOutDil": 28450704, "link": "", "finalLink": "", "calculatedOtherExpenses": 14500000, "calculatedOperatingExpenses": 19000000, "calculatedNetInterest": 0, "calculatedOtherIncome": -1200000, "calculatedIncomeNonControlling": 0, "calculatedEbitda": -1100000}, {"date": "1986-12-31", "symbol": "NE", "reportedCurrency": "USD", "cik": "0001895262", "fillingDate": "1986-12-31", "acceptedDate": "1986-12-30 19:00:00", "calendarYear": "1986", "period": "FY", "revenue": 34700000, "costOfRevenue": 29600000, "grossProfit": 5100000, "grossProfitRatio": 0.1469740634, "researchAndDevelopmentExpenses": 0, "generalAndAdministrativeExpenses": 0, "sellingAndMarketingExpenses": 0, "sellingGeneralAndAdministrativeExpenses": 6200000, "otherExpenses": 28000000, "operatingExpenses": 34200000, "costAndExpenses": 63800000, "interestIncome": 0, "interestExpense": 0, "depreciationAndAmortization": 28000000, "ebitda": -54100000, "ebitdaratio": -1.5590778098, "operatingIncome": -29100000, "operatingIncomeRatio": -0.8386167147, "totalOtherIncomeExpensesNet": -53000000, "incomeBeforeTax": -82100000, "incomeBeforeTaxRatio": -2.3659942363, "incomeTaxExpense": -38100000, "netIncome": -44000000, "netIncomeRatio": -1.2680115274, "eps": -1.95, "epsdiluted": -1.95, "weightedAverageShsOut": 22564103, "weightedAverageShsOutDil": 22564103, "link": "", "finalLink": "", "calculatedOtherExpenses": 28000000, "calculatedOperatingExpenses": 34200000, "calculatedNetInterest": 0, "calculatedOtherIncome": -53000000, "calculatedIncomeNonControlling": 0, "calculatedEbitda": -1100000}, {"date": "1985-12-31", "symbol": "NE", "reportedCurrency": "USD", "cik": "0001895262", "fillingDate": "1985-12-31", "acceptedDate": "1985-12-30 19:00:00", "calendarYear": "1985", "period": "FY", "revenue": 71600000, "costOfRevenue": 54900000, "grossProfit": 16700000, "grossProfitRatio": 0.2332402235, "researchAndDevelopmentExpenses": 0, "generalAndAdministrativeExpenses": 0, "sellingAndMarketingExpenses": 0, "sellingGeneralAndAdministrativeExpenses": 8600000, "otherExpenses": 34700000, "operatingExpenses": 43300000, "costAndExpenses": 98200000, "interestIncome": 0, "interestExpense": 0, "depreciationAndAmortization": 34700000, "ebitda": 3700000, "ebitdaratio": 0.0516759777, "operatingIncome": -26600000, "operatingIncomeRatio": -0.3715083799, "totalOtherIncomeExpensesNet": -4400000, "incomeBeforeTax": -31000000, "incomeBeforeTaxRatio": -0.4329608939, "incomeTaxExpense": -14500000, "netIncome": -16500000, "netIncomeRatio": -0.2304469274, "eps": -0.71, "epsdiluted": -0.71, "weightedAverageShsOut": 23404255, "weightedAverageShsOutDil": 23404255, "link": "", "finalLink": "", "calculatedOtherExpenses": 34700000, "calculatedOperatingExpenses": 43300000, "calculatedNetInterest": 0, "calculatedOtherIncome": -4400000, "calculatedIncomeNonControlling": 0, "calculatedEbitda": 8100000}]}