{"originalCurrency": "USD", "convertedCurrency": "USD", "report": [{"date": "2023-12-31", "symbol": "NEM", "reportedCurrency": "USD", "cik": "0001164727", "fillingDate": "2024-02-29", "acceptedDate": "2024-02-29 07:51:31", "calendarYear": "2023", "period": "FY", "revenue": 11775000000, "costOfRevenue": 10605000000, "grossProfit": 1170000000, "grossProfitRatio": 0.0993630573, "researchAndDevelopmentExpenses": 200000000, "generalAndAdministrativeExpenses": 299000000, "sellingAndMarketingExpenses": 0, "sellingGeneralAndAdministrativeExpenses": 299000000, "otherExpenses": -21000000, "operatingExpenses": 520000000, "costAndExpenses": 11125000000, "interestIncome": 148000000, "interestExpense": 337000000, "depreciationAndAmortization": 3641000000, "ebitda": 4291000000, "ebitdaratio": 0.3644161359, "operatingIncome": 650000000, "operatingIncomeRatio": 0.0552016985, "totalOtherIncomeExpensesNet": -2681000000, "incomeBeforeTax": -2031000000, "incomeBeforeTaxRatio": -0.1724840764, "incomeTaxExpense": 526000000, "netIncome": -2521000000, "netIncomeRatio": -0.2140976645, "eps": -3, "epsdiluted": -3, "weightedAverageShsOut": 841000000, "weightedAverageShsOutDil": 841000000, "link": "https://www.sec.gov/Archives/edgar/data/1164727/000116472724000016/0001164727-24-000016-index.htm", "finalLink": "https://www.sec.gov/Archives/edgar/data/1164727/000116472724000016/nem-20231231.htm", "calculatedOtherExpenses": 21000000, "calculatedOperatingExpenses": 520000000, "calculatedNetInterest": -189000000, "calculatedOtherIncome": -2492000000, "calculatedIncomeNonControlling": -36000000, "calculatedEbitda": 4291000000}, {"date": "2022-12-31", "symbol": "NEM", "reportedCurrency": "USD", "cik": "0001164727", "fillingDate": "2023-02-23", "acceptedDate": "2023-02-23 07:11:58", "calendarYear": "2022", "period": "FY", "revenue": 11915000000, "costOfRevenue": 8653000000, "grossProfit": 3262000000, "grossProfitRatio": 0.2737725556, "researchAndDevelopmentExpenses": 229000000, "generalAndAdministrativeExpenses": 276000000, "sellingAndMarketingExpenses": 0, "sellingGeneralAndAdministrativeExpenses": 276000000, "otherExpenses": 1152000000, "operatingExpenses": 1657000000, "costAndExpenses": 10310000000, "interestIncome": 78000000, "interestExpense": 227000000, "depreciationAndAmortization": 2185000000, "ebitda": 3646000000, "ebitdaratio": 0.3060008393, "operatingIncome": 1461000000, "operatingIncomeRatio": 0.122618548, "totalOtherIncomeExpensesNet": -1512000000, "incomeBeforeTax": -51000000, "incomeBeforeTaxRatio": -0.0042803189, "incomeTaxExpense": 455000000, "netIncome": -506000000, "netIncomeRatio": -0.042467478, "eps": -0.64, "epsdiluted": -0.64, "weightedAverageShsOut": 794000000, "weightedAverageShsOutDil": 795000000, "link": "https://www.sec.gov/Archives/edgar/data/1164727/000116472723000011/0001164727-23-000011-index.htm", "finalLink": "https://www.sec.gov/Archives/edgar/data/1164727/000116472723000011/nem-20221231.htm", "calculatedOtherExpenses": 1296000000, "calculatedOperatingExpenses": 1801000000, "calculatedNetInterest": -149000000, "calculatedOtherIncome": -1363000000, "calculatedIncomeNonControlling": 0, "calculatedEbitda": 3646000000}, {"date": "2021-12-31", "symbol": "NEM", "reportedCurrency": "USD", "cik": "0001164727", "fillingDate": "2022-02-24", "acceptedDate": "2022-02-24 07:05:54", "calendarYear": "2021", "period": "FY", "revenue": 12222000000, "costOfRevenue": 7758000000, "grossProfit": 4464000000, "grossProfitRatio": 0.3652430044, "researchAndDevelopmentExpenses": 154000000, "generalAndAdministrativeExpenses": 259000000, "sellingAndMarketingExpenses": 0, "sellingGeneralAndAdministrativeExpenses": 259000000, "otherExpenses": 2063000000, "operatingExpenses": 2476000000, "costAndExpenses": 10234000000, "interestIncome": 18000000, "interestExpense": 274000000, "depreciationAndAmortization": 2323000000, "ebitda": 4064000000, "ebitdaratio": 0.3325151366, "operatingIncome": 1741000000, "operatingIncomeRatio": 0.1424480445, "totalOtherIncomeExpensesNet": -633000000, "incomeBeforeTax": 1108000000, "incomeBeforeTaxRatio": 0.0906561937, "incomeTaxExpense": 1098000000, "netIncome": 10000000, "netIncomeRatio": 0.0008181967, "eps": 0.0125, "epsdiluted": 0.0125, "weightedAverageShsOut": 799000000, "weightedAverageShsOutDil": 801000000, "link": "https://www.sec.gov/Archives/edgar/data/1164727/000116472722000007/0001164727-22-000007-index.htm", "finalLink": "https://www.sec.gov/Archives/edgar/data/1164727/000116472722000007/nem-20211231.htm", "calculatedOtherExpenses": 2310000000, "calculatedOperatingExpenses": 2723000000, "calculatedNetInterest": -256000000, "calculatedOtherIncome": -377000000, "calculatedIncomeNonControlling": 0, "calculatedEbitda": 4064000000}, {"date": "2020-12-31", "symbol": "NEM", "reportedCurrency": "USD", "cik": "0001164727", "fillingDate": "2021-02-18", "acceptedDate": "2021-02-18 07:06:48", "calendarYear": "2020", "period": "FY", "revenue": 11497000000, "costOfRevenue": 7314000000, "grossProfit": 4183000000, "grossProfitRatio": 0.3638340437, "researchAndDevelopmentExpenses": 122000000, "generalAndAdministrativeExpenses": 269000000, "sellingAndMarketingExpenses": 0, "sellingGeneralAndAdministrativeExpenses": 269000000, "otherExpenses": 731000000, "operatingExpenses": 1122000000, "costAndExpenses": 8436000000, "interestIncome": 24000000, "interestExpense": 308000000, "depreciationAndAmortization": 2300000000, "ebitda": 5123000000, "ebitdaratio": 0.4455945029, "operatingIncome": 2823000000, "operatingIncomeRatio": 0.2455423154, "totalOtherIncomeExpensesNet": 320000000, "incomeBeforeTax": 3143000000, "incomeBeforeTaxRatio": 0.2733756632, "incomeTaxExpense": 704000000, "netIncome": 2829000000, "netIncomeRatio": 0.2460641907, "eps": 3.52, "epsdiluted": 3.51, "weightedAverageShsOut": 804000000, "weightedAverageShsOutDil": 806000000, "link": "https://www.sec.gov/Archives/edgar/data/1164727/000116472721000027/0001164727-21-000027-index.htm", "finalLink": "https://www.sec.gov/Archives/edgar/data/1164727/000116472721000027/nem-20201231.htm", "calculatedOtherExpenses": 969000000, "calculatedOperatingExpenses": 1360000000, "calculatedNetInterest": -284000000, "calculatedOtherIncome": 604000000, "calculatedIncomeNonControlling": -390000000, "calculatedEbitda": 5123000000}, {"date": "2019-12-31", "symbol": "NEM", "reportedCurrency": "USD", "cik": "0001164727", "fillingDate": "2020-02-20", "acceptedDate": "2020-02-20 07:08:38", "calendarYear": "2019", "period": "FY", "revenue": 9740000000, "costOfRevenue": 7155000000, "grossProfit": 2585000000, "grossProfitRatio": 0.2654004107, "researchAndDevelopmentExpenses": 150000000, "generalAndAdministrativeExpenses": 313000000, "sellingAndMarketingExpenses": 0, "sellingGeneralAndAdministrativeExpenses": 313000000, "otherExpenses": 545000000, "operatingExpenses": 1008000000, "costAndExpenses": 8163000000, "interestIncome": 57000000, "interestExpense": 301000000, "depreciationAndAmortization": 1960000000, "ebitda": 5959000000, "ebitdaratio": 0.6118069815, "operatingIncome": 3999000000, "operatingIncomeRatio": 0.4105749487, "totalOtherIncomeExpensesNet": -306000000, "incomeBeforeTax": 3693000000, "incomeBeforeTaxRatio": 0.3791581109, "incomeTaxExpense": 832000000, "netIncome": 2805000000, "netIncomeRatio": 0.2879876797, "eps": 3.82, "epsdiluted": 3.81, "weightedAverageShsOut": 735000000, "weightedAverageShsOutDil": 737000000, "link": "https://www.sec.gov/Archives/edgar/data/1164727/000155837020001041/0001558370-20-001041-index.htm", "finalLink": "https://www.sec.gov/Archives/edgar/data/1164727/000155837020001041/nem-20191231x10k047aaa.htm", "calculatedOtherExpenses": -1877000000, "calculatedOperatingExpenses": -1414000000, "calculatedNetInterest": -244000000, "calculatedOtherIncome": -62000000, "calculatedIncomeNonControlling": 56000000, "calculatedEbitda": 5959000000}, {"date": "2018-12-31", "symbol": "NEM", "reportedCurrency": "USD", "cik": "0001164727", "fillingDate": "2019-02-21", "acceptedDate": "2019-02-21 07:08:32", "calendarYear": "2018", "period": "FY", "revenue": 7253000000, "costOfRevenue": 5308000000, "grossProfit": 1945000000, "grossProfitRatio": 0.2681648973, "researchAndDevelopmentExpenses": 153000000, "generalAndAdministrativeExpenses": 244000000, "sellingAndMarketingExpenses": 0, "sellingGeneralAndAdministrativeExpenses": 244000000, "otherExpenses": 126000000, "operatingExpenses": 757000000, "costAndExpenses": 6065000000, "interestIncome": 56000000, "interestExpense": 207000000, "depreciationAndAmortization": 1215000000, "ebitda": 2529000000, "ebitdaratio": 0.3486833035, "operatingIncome": 1188000000, "operatingIncomeRatio": 0.163794292, "totalOtherIncomeExpensesNet": -243000000, "incomeBeforeTax": 738000000, "incomeBeforeTaxRatio": 0.1017509996, "incomeTaxExpense": 386000000, "netIncome": 341000000, "netIncomeRatio": 0.0470150283, "eps": 0.64, "epsdiluted": 0.64, "weightedAverageShsOut": 533000000, "weightedAverageShsOutDil": 535000000, "link": "https://www.sec.gov/Archives/edgar/data/1164727/000155837019000806/0001558370-19-000806-index.htm", "finalLink": "https://www.sec.gov/Archives/edgar/data/1164727/000155837019000806/nem-20181231x10k.htm", "calculatedOtherExpenses": 360000000, "calculatedOperatingExpenses": 757000000, "calculatedNetInterest": -151000000, "calculatedOtherIncome": -299000000, "calculatedIncomeNonControlling": 11000000, "calculatedEbitda": 2403000000}, {"date": "2017-12-31", "symbol": "NEM", "reportedCurrency": "USD", "cik": "0001164727", "fillingDate": "2018-02-22", "acceptedDate": "2018-02-22 07:37:20", "calendarYear": "2017", "period": "FY", "revenue": 7379000000, "costOfRevenue": 5323000000, "grossProfit": 2056000000, "grossProfitRatio": 0.2786285405, "researchAndDevelopmentExpenses": 143000000, "generalAndAdministrativeExpenses": 237000000, "sellingAndMarketingExpenses": 0, "sellingGeneralAndAdministrativeExpenses": 237000000, "otherExpenses": 2000000, "operatingExpenses": 751000000, "costAndExpenses": 6074000000, "interestIncome": 28000000, "interestExpense": 241000000, "depreciationAndAmortization": 1261000000, "ebitda": 2596000000, "ebitdaratio": 0.3518091882, "operatingIncome": 1325000000, "operatingIncomeRatio": 0.1795636265, "totalOtherIncomeExpensesNet": -20000000, "incomeBeforeTax": 1072000000, "incomeBeforeTaxRatio": 0.1452771378, "incomeTaxExpense": 1127000000, "netIncome": -114000000, "netIncomeRatio": -0.0154492479, "eps": -0.21, "epsdiluted": -0.21, "weightedAverageShsOut": 533000000, "weightedAverageShsOutDil": 535000000, "link": "https://www.sec.gov/Archives/edgar/data/1164727/000155837018000894/0001558370-18-000894-index.htm", "finalLink": "https://www.sec.gov/Archives/edgar/data/1164727/000155837018000894/nem-20171231x10k.htm", "calculatedOtherExpenses": 351000000, "calculatedOperatingExpenses": 731000000, "calculatedNetInterest": -213000000, "calculatedOtherIncome": -40000000, "calculatedIncomeNonControlling": 59000000, "calculatedEbitda": 2586000000}, {"date": "2016-12-31", "symbol": "NEM", "reportedCurrency": "USD", "cik": "0001164727", "fillingDate": "2017-02-21", "acceptedDate": "2017-02-21 17:29:57", "calendarYear": "2016", "period": "FY", "revenue": 6711000000, "costOfRevenue": 4992000000, "grossProfit": 1719000000, "grossProfitRatio": 0.2561466249, "researchAndDevelopmentExpenses": 134000000, "generalAndAdministrativeExpenses": 233000000, "sellingAndMarketingExpenses": 0, "sellingGeneralAndAdministrativeExpenses": 233000000, "otherExpenses": 11000000, "operatingExpenses": 694000000, "costAndExpenses": 5686000000, "interestIncome": 0, "interestExpense": 273000000, "depreciationAndAmortization": 1220000000, "ebitda": 2256000000, "ebitdaratio": 0.336164506, "operatingIncome": 1023000000, "operatingIncomeRatio": 0.1524362986, "totalOtherIncomeExpensesNet": -966000000, "incomeBeforeTax": -214000000, "incomeBeforeTaxRatio": -0.0318879452, "incomeTaxExpense": 563000000, "netIncome": -627000000, "netIncomeRatio": -0.0934286992, "eps": -1.18, "epsdiluted": -1.18, "weightedAverageShsOut": 530000000, "weightedAverageShsOutDil": 531355932, "link": "https://www.sec.gov/Archives/edgar/data/1164727/000155837017000729/0001558370-17-000729-index.htm", "finalLink": "https://www.sec.gov/Archives/edgar/data/1164727/000155837017000729/nem-20161231x10k.htm", "calculatedOtherExpenses": 329000000, "calculatedOperatingExpenses": 696000000, "calculatedNetInterest": -273000000, "calculatedOtherIncome": -964000000, "calculatedIncomeNonControlling": -150000000, "calculatedEbitda": 2243000000}, {"date": "2015-12-31", "symbol": "NEM", "reportedCurrency": "USD", "cik": "0001164727", "fillingDate": "2016-02-17", "acceptedDate": "2016-02-17 17:05:16", "calendarYear": "2015", "period": "FY", "revenue": 7729000000, "costOfRevenue": 5551000000, "grossProfit": 2178000000, "grossProfitRatio": 0.2817958339, "researchAndDevelopmentExpenses": 133000000, "generalAndAdministrativeExpenses": 183000000, "sellingAndMarketingExpenses": 0, "sellingGeneralAndAdministrativeExpenses": 183000000, "otherExpenses": -93000000, "operatingExpenses": 738000000, "costAndExpenses": 6289000000, "interestIncome": 0, "interestExpense": 325000000, "depreciationAndAmortization": 1239000000, "ebitda": 2586000000, "ebitdaratio": 0.3345840342, "operatingIncome": 1301000000, "operatingIncomeRatio": 0.1683270798, "totalOtherIncomeExpensesNet": -149000000, "incomeBeforeTax": 966000000, "incomeBeforeTaxRatio": 0.1249838271, "incomeTaxExpense": 644000000, "netIncome": 220000000, "netIncomeRatio": 0.0284642256, "eps": 0.43, "epsdiluted": 0.43, "weightedAverageShsOut": 511627907, "weightedAverageShsOutDil": 511627907, "link": "https://www.sec.gov/Archives/edgar/data/1164727/000155837016003258/0001558370-16-003258-index.htm", "finalLink": "https://www.sec.gov/Archives/edgar/data/1164727/000155837016003258/nem-20151231x10k.htm", "calculatedOtherExpenses": 561000000, "calculatedOperatingExpenses": 877000000, "calculatedNetInterest": -325000000, "calculatedOtherIncome": -10000000, "calculatedIncomeNonControlling": 102000000, "calculatedEbitda": 2540000000}, {"date": "2014-12-31", "symbol": "NEM", "reportedCurrency": "USD", "cik": "0001164727", "fillingDate": "2015-02-20", "acceptedDate": "2015-02-19 21:44:44", "calendarYear": "2014", "period": "FY", "revenue": 7292000000, "costOfRevenue": 5686000000, "grossProfit": 1606000000, "grossProfitRatio": 0.2202413604, "researchAndDevelopmentExpenses": 161000000, "generalAndAdministrativeExpenses": 186000000, "sellingAndMarketingExpenses": 0, "sellingGeneralAndAdministrativeExpenses": 186000000, "otherExpenses": -48000000, "operatingExpenses": 665000000, "costAndExpenses": 6351000000, "interestIncome": 4000000, "interestExpense": 361000000, "depreciationAndAmortization": 1229000000, "ebitda": 2122000000, "ebitdaratio": 0.2910038398, "operatingIncome": 421000000, "operatingIncomeRatio": 0.0577345036, "totalOtherIncomeExpensesNet": -74000000, "incomeBeforeTax": 506000000, "incomeBeforeTaxRatio": 0.0693911135, "incomeTaxExpense": 133000000, "netIncome": 508000000, "netIncomeRatio": 0.0696653867, "eps": 1.02, "epsdiluted": 1.02, "weightedAverageShsOut": 498039216, "weightedAverageShsOutDil": 498039216, "link": "https://www.sec.gov/Archives/edgar/data/1164727/000156459015000777/0001564590-15-000777-index.htm", "finalLink": "https://www.sec.gov/Archives/edgar/data/1164727/000156459015000777/nem-10k_20141231.htm", "calculatedOtherExpenses": 838000000, "calculatedOperatingExpenses": 1185000000, "calculatedNetInterest": -357000000, "calculatedOtherIncome": 442000000, "calculatedIncomeNonControlling": -135000000, "calculatedEbitda": 1650000000}, {"date": "2013-12-31", "symbol": "NEM", "reportedCurrency": "USD", "cik": "0001164727", "fillingDate": "2014-02-21", "acceptedDate": "2014-02-20 19:49:17", "calendarYear": "2013", "period": "FY", "revenue": 8322000000, "costOfRevenue": 6548000000, "grossProfit": 1774000000, "grossProfitRatio": 0.2131699111, "researchAndDevelopmentExpenses": 222000000, "generalAndAdministrativeExpenses": 203000000, "sellingAndMarketingExpenses": 0, "sellingGeneralAndAdministrativeExpenses": 203000000, "otherExpenses": 49000000, "operatingExpenses": 753000000, "costAndExpenses": 7301000000, "interestIncome": 13000000, "interestExpense": 303000000, "depreciationAndAmortization": 1362000000, "ebitda": 2432000000, "ebitdaratio": 0.2922374429, "operatingIncome": 863000000, "operatingIncomeRatio": 0.1037010334, "totalOtherIncomeExpensesNet": -4303000000, "incomeBeforeTax": -3585000000, "incomeBeforeTaxRatio": -0.4307858688, "incomeTaxExpense": -813000000, "netIncome": -2462000000, "netIncomeRatio": -0.2958423456, "eps": -4.94, "epsdiluted": -4.94, "weightedAverageShsOut": 498000035, "weightedAverageShsOutDil": 498380567, "link": "https://www.sec.gov/Archives/edgar/data/1164727/000119312514061205/0001193125-14-061205-index.htm", "finalLink": "https://www.sec.gov/Archives/edgar/data/1164727/000119312514061205/d653301d10k.htm", "calculatedOtherExpenses": 486000000, "calculatedOperatingExpenses": 911000000, "calculatedNetInterest": -290000000, "calculatedOtherIncome": -4158000000, "calculatedIncomeNonControlling": -310000000, "calculatedEbitda": 2225000000}, {"date": "2012-12-31", "symbol": "NEM", "reportedCurrency": "USD", "cik": "0001164727", "fillingDate": "2013-02-22", "acceptedDate": "2013-02-22 06:12:37", "calendarYear": "2012", "period": "FY", "revenue": 9868000000, "costOfRevenue": 5270000000, "grossProfit": 4598000000, "grossProfitRatio": 0.4659505472, "researchAndDevelopmentExpenses": 348000000, "generalAndAdministrativeExpenses": 212000000, "sellingAndMarketingExpenses": 0, "sellingGeneralAndAdministrativeExpenses": 212000000, "otherExpenses": -3000000, "operatingExpenses": 1248000000, "costAndExpenses": 6518000000, "interestIncome": 12000000, "interestExpense": 249000000, "depreciationAndAmortization": 1032000000, "ebitda": 4418000000, "ebitdaratio": 0.447709769, "operatingIncome": 3350000000, "operatingIncomeRatio": 0.3394811512, "totalOtherIncomeExpensesNet": 1000000, "incomeBeforeTax": 3114000000, "incomeBeforeTaxRatio": 0.3155654641, "incomeTaxExpense": 869000000, "netIncome": 1809000000, "netIncomeRatio": 0.1833198216, "eps": 3.64, "epsdiluted": 3.61, "weightedAverageShsOut": 496000000, "weightedAverageShsOutDil": 499000000, "link": "https://www.sec.gov/Archives/edgar/data/1164727/000119312513070256/0001193125-13-070256-index.htm", "finalLink": "https://www.sec.gov/Archives/edgar/data/1164727/000119312513070256/d462654d10k.htm", "calculatedOtherExpenses": 688000000, "calculatedOperatingExpenses": 1248000000, "calculatedNetInterest": -237000000, "calculatedOtherIncome": 1000000, "calculatedIncomeNonControlling": 436000000, "calculatedEbitda": 4382000000}, {"date": "2011-12-31", "symbol": "NEM", "reportedCurrency": "USD", "cik": "0001164727", "fillingDate": "2012-02-24", "acceptedDate": "2012-02-23 19:51:28", "calendarYear": "2011", "period": "FY", "revenue": 10358000000, "costOfRevenue": 4240000000, "grossProfit": 6118000000, "grossProfitRatio": 0.5906545665, "researchAndDevelopmentExpenses": 373000000, "generalAndAdministrativeExpenses": 318000000, "sellingAndMarketingExpenses": 0, "sellingGeneralAndAdministrativeExpenses": 318000000, "otherExpenses": 1301000000, "operatingExpenses": 1992000000, "costAndExpenses": 6232000000, "interestIncome": 0, "interestExpense": 244000000, "depreciationAndAmortization": 1036000000, "ebitda": 5162000000, "ebitdaratio": 0.4983587565, "operatingIncome": 4126000000, "operatingIncomeRatio": 0.3983394478, "totalOtherIncomeExpensesNet": -2072000000, "incomeBeforeTax": 1810000000, "incomeBeforeTaxRatio": 0.1747441591, "incomeTaxExpense": 713000000, "netIncome": 366000000, "netIncomeRatio": 0.0353350068, "eps": 0.74, "epsdiluted": 0.73, "weightedAverageShsOut": 494000000, "weightedAverageShsOutDil": 504000000, "link": "https://www.sec.gov/Archives/edgar/data/1164727/000119312512075918/0001193125-12-075918-index.htm", "finalLink": "https://www.sec.gov/Archives/edgar/data/1164727/000119312512075918/d263670d10k.htm", "calculatedOtherExpenses": 1301000000, "calculatedOperatingExpenses": 1992000000, "calculatedNetInterest": -244000000, "calculatedOtherIncome": -2072000000, "calculatedIncomeNonControlling": 731000000, "calculatedEbitda": 5162000000}, {"date": "2010-12-31", "symbol": "NEM", "reportedCurrency": "USD", "cik": "0001164727", "fillingDate": "2011-02-24", "acceptedDate": "2011-02-23 20:54:35", "calendarYear": "2010", "period": "FY", "revenue": 9540000000, "costOfRevenue": 3484000000, "grossProfit": 6056000000, "grossProfitRatio": 0.6348008386, "researchAndDevelopmentExpenses": 216000000, "generalAndAdministrativeExpenses": 178000000, "sellingAndMarketingExpenses": 0, "sellingGeneralAndAdministrativeExpenses": 178000000, "otherExpenses": 1424000000, "operatingExpenses": 1818000000, "costAndExpenses": 5302000000, "interestIncome": 11000000, "interestExpense": 279000000, "depreciationAndAmortization": 945000000, "ebitda": 5194000000, "ebitdaratio": 0.5444444444, "operatingIncome": 4238000000, "operatingIncomeRatio": 0.4442348008, "totalOtherIncomeExpensesNet": 27000000, "incomeBeforeTax": 3997000000, "incomeBeforeTaxRatio": 0.4189727463, "incomeTaxExpense": 856000000, "netIncome": 2277000000, "netIncomeRatio": 0.2386792453, "eps": 4.63, "epsdiluted": 4.55, "weightedAverageShsOut": 492000000, "weightedAverageShsOutDil": 500000000, "link": "https://www.sec.gov/Archives/edgar/data/1164727/000095012311017350/0000950123-11-017350-index.htm", "finalLink": "https://www.sec.gov/Archives/edgar/data/1164727/000095012311017350/d79003e10vk.htm", "calculatedOtherExpenses": 1424000000, "calculatedOperatingExpenses": 1818000000, "calculatedNetInterest": -268000000, "calculatedOtherIncome": 27000000, "calculatedIncomeNonControlling": 864000000, "calculatedEbitda": 5183000000}, {"date": "2009-12-31", "symbol": "NEM", "reportedCurrency": "USD", "cik": "0001164727", "fillingDate": "2010-02-25", "acceptedDate": "2010-02-25 06:06:09", "calendarYear": "2009", "period": "FY", "revenue": 7705000000, "costOfRevenue": 3236000000, "grossProfit": 4469000000, "grossProfitRatio": 0.5800129786, "researchAndDevelopmentExpenses": 135000000, "generalAndAdministrativeExpenses": 193000000, "sellingAndMarketingExpenses": 0, "sellingGeneralAndAdministrativeExpenses": 193000000, "otherExpenses": 1189000000, "operatingExpenses": 1517000000, "costAndExpenses": 4753000000, "interestIncome": 16000000, "interestExpense": 120000000, "depreciationAndAmortization": 806000000, "ebitda": 3774000000, "ebitdaratio": 0.4898118105, "operatingIncome": 2952000000, "operatingIncomeRatio": 0.3831278391, "totalOtherIncomeExpensesNet": 65000000, "incomeBeforeTax": 2913000000, "incomeBeforeTaxRatio": 0.3780661908, "incomeTaxExpense": 788000000, "netIncome": 1297000000, "netIncomeRatio": 0.1683322518, "eps": 2.66, "epsdiluted": 2.66, "weightedAverageShsOut": 487000000, "weightedAverageShsOutDil": 487000000, "link": "https://www.sec.gov/Archives/edgar/data/1164727/000095012310016613/0000950123-10-016613-index.htm", "finalLink": "https://www.sec.gov/Archives/edgar/data/1164727/000095012310016613/d70495e10vk.htm", "calculatedOtherExpenses": 1189000000, "calculatedOperatingExpenses": 1517000000, "calculatedNetInterest": -104000000, "calculatedOtherIncome": 65000000, "calculatedIncomeNonControlling": 828000000, "calculatedEbitda": 3758000000}, {"date": "2008-12-31", "symbol": "NEM", "reportedCurrency": "USD", "cik": "0001164727", "fillingDate": "2009-02-19", "acceptedDate": "2009-02-19 00:00:00", "calendarYear": "2008", "period": "FY", "revenue": 6199000000, "costOfRevenue": 3358000000, "grossProfit": 2841000000, "grossProfitRatio": 0.4582997258, "researchAndDevelopmentExpenses": 166000000, "generalAndAdministrativeExpenses": 176000000, "sellingAndMarketingExpenses": 0, "sellingGeneralAndAdministrativeExpenses": 176000000, "otherExpenses": 1107000000, "operatingExpenses": 1449000000, "costAndExpenses": 4807000000, "interestIncome": 29000000, "interestExpense": 102000000, "depreciationAndAmortization": 747000000, "ebitda": 2278000000, "ebitdaratio": 0.3674786256, "operatingIncome": 1392000000, "operatingIncomeRatio": 0.2245523472, "totalOtherIncomeExpensesNet": -153000000, "incomeBeforeTax": 1276000000, "incomeBeforeTaxRatio": 0.2058396516, "incomeTaxExpense": 113000000, "netIncome": 853000000, "netIncomeRatio": 0.1376028392, "eps": 1.83, "epsdiluted": 1.83, "weightedAverageShsOut": 454000000, "weightedAverageShsOutDil": 455000000, "link": "https://www.sec.gov/Archives/edgar/data/1164727/000095013409003236/0000950134-09-003236-index.htm", "finalLink": "https://www.sec.gov/Archives/edgar/data/1164727/000095013409003236/d65086e10vk.htm", "calculatedOtherExpenses": 1107000000, "calculatedOperatingExpenses": 1449000000, "calculatedNetInterest": -73000000, "calculatedOtherIncome": -43000000, "calculatedIncomeNonControlling": 310000000, "calculatedEbitda": 2139000000}, {"date": "2007-12-31", "symbol": "NEM", "reportedCurrency": "USD", "cik": "0001164727", "fillingDate": "2008-02-21", "acceptedDate": "2008-02-21 14:14:16", "calendarYear": "2007", "period": "FY", "revenue": 5526000000, "costOfRevenue": 2978000000, "grossProfit": 2548000000, "grossProfitRatio": 0.4610930148, "researchAndDevelopmentExpenses": 62000000, "generalAndAdministrativeExpenses": 143000000, "sellingAndMarketingExpenses": 325000000, "sellingGeneralAndAdministrativeExpenses": 468000000, "otherExpenses": 695000000, "operatingExpenses": 1225000000, "costAndExpenses": 4203000000, "interestIncome": 0, "interestExpense": -105000000, "depreciationAndAmortization": 695000000, "ebitda": 4810000000, "ebitdaratio": 0.8704306913, "operatingIncome": 1323000000, "operatingIncomeRatio": 0.2394136808, "totalOtherIncomeExpensesNet": -2793000000, "incomeBeforeTax": -763000000, "incomeBeforeTaxRatio": -0.1380745566, "incomeTaxExpense": 200000000, "netIncome": -1886000000, "netIncomeRatio": -0.3412956931, "eps": -4.17, "epsdiluted": -4.17, "weightedAverageShsOut": 452000000, "weightedAverageShsOutDil": 452000000, "link": "https://www.sec.gov/Archives/edgar/data/1164727/000119312508035169/0001193125-08-035169-index.htm", "finalLink": "https://www.sec.gov/Archives/edgar/data/1164727/000119312508035169/d10k.htm", "calculatedOtherExpenses": 695000000, "calculatedOperatingExpenses": 1225000000, "calculatedNetInterest": 105000000, "calculatedOtherIncome": -2191000000, "calculatedIncomeNonControlling": 923000000, "calculatedEbitda": 2018000000}, {"date": "2006-12-31", "symbol": "NEM", "reportedCurrency": "USD", "cik": "0001164727", "fillingDate": "2007-02-26", "acceptedDate": "2007-02-23 18:17:03", "calendarYear": "2006", "period": "FY", "revenue": 4987000000, "costOfRevenue": 2685000000, "grossProfit": 2302000000, "grossProfitRatio": 0.4616001604, "researchAndDevelopmentExpenses": 94000000, "generalAndAdministrativeExpenses": 149000000, "sellingAndMarketingExpenses": 0, "sellingGeneralAndAdministrativeExpenses": 149000000, "otherExpenses": 636000000, "operatingExpenses": 879000000, "costAndExpenses": 3564000000, "interestIncome": 0, "interestExpense": -97000000, "depreciationAndAmortization": 636000000, "ebitda": 1870000000, "ebitdaratio": 0.3749749348, "operatingIncome": 1423000000, "operatingIncomeRatio": 0.2853418889, "totalOtherIncomeExpensesNet": 191000000, "incomeBeforeTax": 1625000000, "incomeBeforeTaxRatio": 0.3258472027, "incomeTaxExpense": 424000000, "netIncome": 791000000, "netIncomeRatio": 0.1586123922, "eps": 1.76, "epsdiluted": 1.75, "weightedAverageShsOut": 450000000, "weightedAverageShsOutDil": 452000000, "link": "https://www.sec.gov/Archives/edgar/data/1164727/000119312507038537/0001193125-07-038537-index.htm", "finalLink": "https://www.sec.gov/Archives/edgar/data/1164727/000119312507038537/d10k.htm", "calculatedOtherExpenses": 636000000, "calculatedOperatingExpenses": 879000000, "calculatedNetInterest": 97000000, "calculatedOtherIncome": 105000000, "calculatedIncomeNonControlling": 410000000, "calculatedEbitda": 2059000000}, {"date": "2005-12-31", "symbol": "NEM", "reportedCurrency": "USD", "cik": "0001164727", "fillingDate": "2006-03-02", "acceptedDate": "2006-03-02 10:44:05", "calendarYear": "2005", "period": "FY", "revenue": 4406000000, "costOfRevenue": 2578000000, "grossProfit": 1828000000, "grossProfitRatio": 0.414888788, "researchAndDevelopmentExpenses": 73000000, "generalAndAdministrativeExpenses": 134000000, "sellingAndMarketingExpenses": 0, "sellingGeneralAndAdministrativeExpenses": 134000000, "otherExpenses": 644000000, "operatingExpenses": 851000000, "costAndExpenses": 3429000000, "interestIncome": 0, "interestExpense": -98000000, "depreciationAndAmortization": 615000000, "ebitda": 1520000000, "ebitdaratio": 0.3449841126, "operatingIncome": 977000000, "operatingIncomeRatio": 0.2217430776, "totalOtherIncomeExpensesNet": 105000000, "incomeBeforeTax": 1064000000, "incomeBeforeTaxRatio": 0.2414888788, "incomeTaxExpense": 314000000, "netIncome": 322000000, "netIncomeRatio": 0.0730821607, "eps": 0.72, "epsdiluted": 0.72, "weightedAverageShsOut": 446000000, "weightedAverageShsOutDil": 449000000, "link": "https://www.sec.gov/Archives/edgar/data/1164727/000119312506043441/0001193125-06-043441-index.htm", "finalLink": "https://www.sec.gov/Archives/edgar/data/1164727/000119312506043441/d10k.htm", "calculatedOtherExpenses": 644000000, "calculatedOperatingExpenses": 851000000, "calculatedNetInterest": 98000000, "calculatedOtherIncome": -11000000, "calculatedIncomeNonControlling": 428000000, "calculatedEbitda": 1592000000}, {"date": "2004-12-31", "symbol": "NEM", "reportedCurrency": "USD", "cik": "0001164727", "fillingDate": "2005-03-15", "acceptedDate": "2005-03-15 14:59:33", "calendarYear": "2004", "period": "FY", "revenue": 4524185000, "costOfRevenue": 2495639000, "grossProfit": 2028546000, "grossProfitRatio": 0.4483782162, "researchAndDevelopmentExpenses": 192409000, "generalAndAdministrativeExpenses": 115848000, "sellingAndMarketingExpenses": 0, "sellingGeneralAndAdministrativeExpenses": 115848000, "otherExpenses": 696522000, "operatingExpenses": 812370000, "costAndExpenses": 3308009000, "interestIncome": 0, "interestExpense": -97610000, "depreciationAndAmortization": 700615000, "ebitda": 2104537000, "ebitdaratio": 0.4651748326, "operatingIncome": 1216176000, "operatingIncomeRatio": 0.2688165935, "totalOtherIncomeExpensesNet": -185105000, "incomeBeforeTax": 1099005000, "incomeBeforeTaxRatio": 0.2429177852, "incomeTaxExpense": 275882000, "netIncome": 443327000, "netIncomeRatio": 0.0979904668, "eps": 1, "epsdiluted": 0.99, "weightedAverageShsOut": 443000000, "weightedAverageShsOutDil": 447000000, "link": "https://www.sec.gov/Archives/edgar/data/1164727/000119312505050868/0001193125-05-050868-index.htm", "finalLink": "https://www.sec.gov/Archives/edgar/data/1164727/000119312505050868/d10k.htm", "calculatedOtherExpenses": 504113000, "calculatedOperatingExpenses": 812370000, "calculatedNetInterest": 97610000, "calculatedOtherIncome": -214781000, "calculatedIncomeNonControlling": 379796000, "calculatedEbitda": 1916791000}, {"date": "2003-12-31", "symbol": "NEM", "reportedCurrency": "USD", "cik": "0001164727", "fillingDate": "2004-03-15", "acceptedDate": "2004-03-15 16:11:13", "calendarYear": "2003", "period": "FY", "revenue": 3214000000, "costOfRevenue": 1816000000, "grossProfit": 1398000000, "grossProfitRatio": 0.4349719975, "researchAndDevelopmentExpenses": 115238000, "generalAndAdministrativeExpenses": 130292000, "sellingAndMarketingExpenses": -292000, "sellingGeneralAndAdministrativeExpenses": 130000000, "otherExpenses": 564000000, "operatingExpenses": 694000000, "costAndExpenses": 2510000000, "interestIncome": 0, "interestExpense": 0, "depreciationAndAmortization": 528000000, "ebitda": 792000000, "ebitdaratio": 0.2464219042, "operatingIncome": 704000000, "operatingIncomeRatio": 0.2190416926, "totalOtherIncomeExpensesNet": 441000000, "incomeBeforeTax": 925000000, "incomeBeforeTaxRatio": 0.2878033603, "incomeTaxExpense": 207000000, "netIncome": 475000000, "netIncomeRatio": 0.1477909147, "eps": 1.16, "epsdiluted": 1.15, "weightedAverageShsOut": 410344828, "weightedAverageShsOutDil": 413913043, "link": "https://www.sec.gov/Archives/edgar/data/1164727/000119312504042223/0001193125-04-042223-index.htm", "finalLink": "https://www.sec.gov/Archives/edgar/data/1164727/000119312504042223/d10k.htm", "calculatedOtherExpenses": 448762000, "calculatedOperatingExpenses": 694000000, "calculatedNetInterest": 0, "calculatedOtherIncome": 221000000, "calculatedIncomeNonControlling": 243000000, "calculatedEbitda": 1232000000}, {"date": "2002-12-31", "symbol": "NEM", "reportedCurrency": "USD", "cik": "0001164727", "fillingDate": "2003-03-27", "acceptedDate": "2003-03-27 17:28:26", "calendarYear": "2002", "period": "FY", "revenue": 2745000000, "costOfRevenue": 1660834000, "grossProfit": 1084166000, "grossProfitRatio": 0.3949602914, "researchAndDevelopmentExpenses": 0, "generalAndAdministrativeExpenses": 115252000, "sellingAndMarketingExpenses": 29536000, "sellingGeneralAndAdministrativeExpenses": 144788000, "otherExpenses": 635156000, "operatingExpenses": 779944000, "costAndExpenses": 2440778000, "interestIncome": 0, "interestExpense": 0, "depreciationAndAmortization": 542793000, "ebitda": 860149000, "ebitdaratio": 0.313351184, "operatingIncome": 304222000, "operatingIncomeRatio": 0.1108276867, "totalOtherIncomeExpensesNet": 38242000, "incomeBeforeTax": 170260000, "incomeBeforeTaxRatio": 0.0620255009, "incomeTaxExpense": 19900000, "netIncome": 158061000, "netIncomeRatio": 0.0575814208, "eps": 0.42, "epsdiluted": 0.41, "weightedAverageShsOut": 366666667, "weightedAverageShsOutDil": 375609756, "link": "https://www.sec.gov/Archives/edgar/data/1164727/000104596903000796/0001045969-03-000796-index.htm", "finalLink": "https://www.sec.gov/Archives/edgar/data/1164727/000104596903000796/d10k.htm", "calculatedOtherExpenses": 635156000, "calculatedOperatingExpenses": 779944000, "calculatedNetInterest": 0, "calculatedOtherIncome": -133962000, "calculatedIncomeNonControlling": -7701000, "calculatedEbitda": 847015000}, {"date": "2001-12-31", "symbol": "NEM", "reportedCurrency": "USD", "cik": "0001164727", "fillingDate": "2002-03-27", "acceptedDate": "2002-03-27 00:00:00", "calendarYear": "2001", "period": "FY", "revenue": 1656000000, "costOfRevenue": 1148000000, "grossProfit": 508000000, "grossProfitRatio": 0.306763285, "researchAndDevelopmentExpenses": 0, "generalAndAdministrativeExpenses": 61153000, "sellingAndMarketingExpenses": 11847000, "sellingGeneralAndAdministrativeExpenses": 73000000, "otherExpenses": 419000000, "operatingExpenses": 492000000, "costAndExpenses": 1640000000, "interestIncome": 0, "interestExpense": 0, "depreciationAndAmortization": 349000000, "ebitda": 465000000, "ebitdaratio": 0.2807971014, "operatingIncome": 16000000, "operatingIncomeRatio": 0.0096618357, "totalOtherIncomeExpensesNet": -67000000, "incomeBeforeTax": -76000000, "incomeBeforeTaxRatio": -0.0458937198, "incomeTaxExpense": -53000000, "netIncome": -23000000, "netIncomeRatio": -0.0138888889, "eps": -0.12, "epsdiluted": -0.12, "weightedAverageShsOut": 193282143, "weightedAverageShsOutDil": 193282143, "link": "https://www.sec.gov/Archives/edgar/data/1164727/000089924302000771/0000899243-02-000771-index.htm", "finalLink": "https://www.sec.gov/Archives/edgar/data/1164727/000089924302000771/d10k.txt", "calculatedOtherExpenses": 419000000, "calculatedOperatingExpenses": 492000000, "calculatedNetInterest": 0, "calculatedOtherIncome": -92000000, "calculatedIncomeNonControlling": 0, "calculatedEbitda": 365000000}, {"date": "2000-12-31", "symbol": "NEM", "reportedCurrency": "USD", "cik": "0001164727", "fillingDate": "2000-12-31", "acceptedDate": "2000-12-30 19:00:00", "calendarYear": "2000", "period": "FY", "revenue": 1566673000, "costOfRevenue": 908522000, "grossProfit": 658151000, "grossProfitRatio": 0.4200946847, "researchAndDevelopmentExpenses": 0, "generalAndAdministrativeExpenses": 0, "sellingAndMarketingExpenses": 0, "sellingGeneralAndAdministrativeExpenses": 118540000, "otherExpenses": 398888000, "operatingExpenses": 517428000, "costAndExpenses": 1425950000, "interestIncome": 0, "interestExpense": 0, "depreciationAndAmortization": 415349000, "ebitda": 640208000, "ebitdaratio": 0.4086417523, "operatingIncome": 140723000, "operatingIncomeRatio": 0.0898228284, "totalOtherIncomeExpensesNet": -94059000, "incomeBeforeTax": 770000, "incomeBeforeTaxRatio": 0.0004914874, "incomeTaxExpense": 11310000, "netIncome": -18947000, "netIncomeRatio": -0.0120937809, "eps": -0.0996, "epsdiluted": -0.0996, "weightedAverageShsOut": 190196078, "weightedAverageShsOutDil": 190196078, "link": "", "finalLink": "", "calculatedOtherExpenses": 398888000, "calculatedOperatingExpenses": 517428000, "calculatedNetInterest": 0, "calculatedOtherIncome": -139953000, "calculatedIncomeNonControlling": 8407000, "calculatedEbitda": 556072000}, {"date": "1999-12-31", "symbol": "NEM", "reportedCurrency": "USD", "cik": "0001164727", "fillingDate": "1999-12-31", "acceptedDate": "1999-12-30 19:00:00", "calendarYear": "1999", "period": "FY", "revenue": 1398900000, "costOfRevenue": 775200000, "grossProfit": 623700000, "grossProfitRatio": 0.445850311, "researchAndDevelopmentExpenses": 0, "generalAndAdministrativeExpenses": 0, "sellingAndMarketingExpenses": 0, "sellingGeneralAndAdministrativeExpenses": 110200000, "otherExpenses": 296400000, "operatingExpenses": 406600000, "costAndExpenses": 1181800000, "interestIncome": 0, "interestExpense": 0, "depreciationAndAmortization": 296400000, "ebitda": 589100000, "ebitdaratio": 0.4211165916, "operatingIncome": 217100000, "operatingIncomeRatio": 0.1551933662, "totalOtherIncomeExpensesNet": -75600000, "incomeBeforeTax": 39200000, "incomeBeforeTaxRatio": 0.0280220173, "incomeTaxExpense": 14400000, "netIncome": 24800000, "netIncomeRatio": 0.017728215, "eps": -0.62, "epsdiluted": -0.62, "weightedAverageShsOut": 164580645, "weightedAverageShsOutDil": 164580645, "link": "", "finalLink": "", "calculatedOtherExpenses": 296400000, "calculatedOperatingExpenses": 406600000, "calculatedNetInterest": 0, "calculatedOtherIncome": -177900000, "calculatedIncomeNonControlling": 0, "calculatedEbitda": 513500000}, {"date": "1998-12-31", "symbol": "NEM", "reportedCurrency": "USD", "cik": "0001164727", "fillingDate": "1998-12-31", "acceptedDate": "1998-12-30 19:00:00", "calendarYear": "1998", "period": "FY", "revenue": 1453900000, "costOfRevenue": 851700000, "grossProfit": 602200000, "grossProfitRatio": 0.4141962996, "researchAndDevelopmentExpenses": 0, "generalAndAdministrativeExpenses": 0, "sellingAndMarketingExpenses": 0, "sellingGeneralAndAdministrativeExpenses": 664600000, "otherExpenses": 341700000, "operatingExpenses": 1006300000, "costAndExpenses": 1858000000, "interestIncome": 0, "interestExpense": 0, "depreciationAndAmortization": 341700000, "ebitda": -74300000, "ebitdaratio": -0.0511039274, "operatingIncome": -404100000, "operatingIncomeRatio": -0.2779420868, "totalOtherIncomeExpensesNet": 11900000, "incomeBeforeTax": -541400000, "incomeBeforeTaxRatio": -0.3723777426, "incomeTaxExpense": -180900000, "netIncome": -393400000, "netIncomeRatio": -0.270582571, "eps": -2.47, "epsdiluted": -2.47, "weightedAverageShsOut": 159271255, "weightedAverageShsOutDil": 159271255, "link": "", "finalLink": "", "calculatedOtherExpenses": 341700000, "calculatedOperatingExpenses": 1006300000, "calculatedNetInterest": 0, "calculatedOtherIncome": -137300000, "calculatedIncomeNonControlling": 32900000, "calculatedEbitda": -62400000}, {"date": "1997-12-31", "symbol": "NEM", "reportedCurrency": "USD", "cik": "0001164727", "fillingDate": "1997-12-31", "acceptedDate": "1997-12-30 19:00:00", "calendarYear": "1997", "period": "FY", "revenue": 1572800000, "costOfRevenue": 744800000, "grossProfit": 828000000, "grossProfitRatio": 0.5264496439, "researchAndDevelopmentExpenses": 98400000, "generalAndAdministrativeExpenses": 0, "sellingAndMarketingExpenses": 0, "sellingGeneralAndAdministrativeExpenses": 66400000, "otherExpenses": 321000000, "operatingExpenses": 485800000, "costAndExpenses": 1230600000, "interestIncome": 0, "interestExpense": 0, "depreciationAndAmortization": 321000000, "ebitda": 959100000, "ebitdaratio": 0.6098041709, "operatingIncome": 342200000, "operatingIncomeRatio": 0.2175737538, "totalOtherIncomeExpensesNet": -295900000, "incomeBeforeTax": 60500000, "incomeBeforeTaxRatio": 0.0384664293, "incomeTaxExpense": -7900000, "netIncome": 68400000, "netIncomeRatio": 0.0434893184, "eps": 0.44, "epsdiluted": 0.44, "weightedAverageShsOut": 155454545, "weightedAverageShsOutDil": 155454545, "link": "", "finalLink": "", "calculatedOtherExpenses": 321000000, "calculatedOperatingExpenses": 485800000, "calculatedNetInterest": 0, "calculatedOtherIncome": -281700000, "calculatedIncomeNonControlling": 0, "calculatedEbitda": 663200000}, {"date": "1996-12-31", "symbol": "NEM", "reportedCurrency": "USD", "cik": "0001164727", "fillingDate": "1996-12-31", "acceptedDate": "1996-12-30 19:00:00", "calendarYear": "1996", "period": "FY", "revenue": 768500000, "costOfRevenue": 476100000, "grossProfit": 292400000, "grossProfitRatio": 0.3804814574, "researchAndDevelopmentExpenses": 0, "generalAndAdministrativeExpenses": 0, "sellingAndMarketingExpenses": 0, "sellingGeneralAndAdministrativeExpenses": 120700000, "otherExpenses": 124800000, "operatingExpenses": 245500000, "costAndExpenses": 721600000, "interestIncome": 0, "interestExpense": 0, "depreciationAndAmortization": 124800000, "ebitda": 100000000, "ebitdaratio": 0.1301236174, "operatingIncome": 46900000, "operatingIncomeRatio": 0.0610279766, "totalOtherIncomeExpensesNet": 71700000, "incomeBeforeTax": 65700000, "incomeBeforeTaxRatio": 0.0854912167, "incomeTaxExpense": -19400000, "netIncome": 85100000, "netIncomeRatio": 0.1107351984, "eps": 0.63, "epsdiluted": 0.63, "weightedAverageShsOut": 120800000, "weightedAverageShsOutDil": 120800000, "link": "", "finalLink": "", "calculatedOtherExpenses": 124800000, "calculatedOperatingExpenses": 245500000, "calculatedNetInterest": 0, "calculatedOtherIncome": 18800000, "calculatedIncomeNonControlling": 0, "calculatedEbitda": 171700000}, {"date": "1995-12-31", "symbol": "NEM", "reportedCurrency": "USD", "cik": "0001164727", "fillingDate": "1995-12-31", "acceptedDate": "1995-12-30 19:00:00", "calendarYear": "1995", "period": "FY", "revenue": 636200000, "costOfRevenue": 370600000, "grossProfit": 265600000, "grossProfitRatio": 0.4174787803, "researchAndDevelopmentExpenses": 0, "generalAndAdministrativeExpenses": 0, "sellingAndMarketingExpenses": 0, "sellingGeneralAndAdministrativeExpenses": 164700000, "otherExpenses": 106800000, "operatingExpenses": 271500000, "costAndExpenses": 642100000, "interestIncome": 0, "interestExpense": 0, "depreciationAndAmortization": 106800000, "ebitda": -83300000, "ebitdaratio": -0.1309336687, "operatingIncome": -5900000, "operatingIncomeRatio": -0.0092738133, "totalOtherIncomeExpensesNet": 184200000, "incomeBeforeTax": 129600000, "incomeBeforeTaxRatio": 0.2037095253, "incomeTaxExpense": 17000000, "netIncome": 112600000, "netIncomeRatio": 0.1769883684, "eps": 0.95, "epsdiluted": 0.95, "weightedAverageShsOut": 86339286, "weightedAverageShsOutDil": 86339286, "link": "", "finalLink": "", "calculatedOtherExpenses": 106800000, "calculatedOperatingExpenses": 271500000, "calculatedNetInterest": 0, "calculatedOtherIncome": 135500000, "calculatedIncomeNonControlling": 0, "calculatedEbitda": 100900000}, {"date": "1994-12-31", "symbol": "NEM", "reportedCurrency": "USD", "cik": "0001164727", "fillingDate": "1994-12-31", "acceptedDate": "1994-12-30 19:00:00", "calendarYear": "1994", "period": "FY", "revenue": 597400000, "costOfRevenue": 326400000, "grossProfit": 271000000, "grossProfitRatio": 0.4536324071, "researchAndDevelopmentExpenses": 0, "generalAndAdministrativeExpenses": 0, "sellingAndMarketingExpenses": 0, "sellingGeneralAndAdministrativeExpenses": 153700000, "otherExpenses": 91100000, "operatingExpenses": 244800000, "costAndExpenses": 571200000, "interestIncome": 0, "interestExpense": 0, "depreciationAndAmortization": 91100000, "ebitda": 79600000, "ebitdaratio": 0.1332440576, "operatingIncome": 26200000, "operatingIncomeRatio": 0.0438567124, "totalOtherIncomeExpensesNet": 37700000, "incomeBeforeTax": 46800000, "incomeBeforeTaxRatio": 0.078339471, "incomeTaxExpense": -29300000, "netIncome": 76100000, "netIncomeRatio": 0.1273853365, "eps": 0.8, "epsdiluted": 0.8, "weightedAverageShsOut": 75375000, "weightedAverageShsOutDil": 75375000, "link": "", "finalLink": "", "calculatedOtherExpenses": 91100000, "calculatedOperatingExpenses": 244800000, "calculatedNetInterest": 0, "calculatedOtherIncome": 20600000, "calculatedIncomeNonControlling": 0, "calculatedEbitda": 117300000}, {"date": "1993-12-31", "symbol": "NEM", "reportedCurrency": "USD", "cik": "0001164727", "fillingDate": "1993-12-31", "acceptedDate": "1993-12-30 19:00:00", "calendarYear": "1993", "period": "FY", "revenue": 634300000, "costOfRevenue": 339200000, "grossProfit": 295100000, "grossProfitRatio": 0.4652372694, "researchAndDevelopmentExpenses": 0, "generalAndAdministrativeExpenses": 0, "sellingAndMarketingExpenses": 0, "sellingGeneralAndAdministrativeExpenses": 103000000, "otherExpenses": 110000000, "operatingExpenses": 213000000, "costAndExpenses": 552200000, "interestIncome": 0, "interestExpense": 0, "depreciationAndAmortization": 110000000, "ebitda": 137500000, "ebitdaratio": 0.216774397, "operatingIncome": 82100000, "operatingIncomeRatio": 0.1294340218, "totalOtherIncomeExpensesNet": 54600000, "incomeBeforeTax": 113300000, "incomeBeforeTaxRatio": 0.1786221031, "incomeTaxExpense": 18600000, "netIncome": 133200000, "netIncomeRatio": 0.2099952704, "eps": 2.02, "epsdiluted": 2.02, "weightedAverageShsOut": 85491803, "weightedAverageShsOutDil": 85491803, "link": "", "finalLink": "", "calculatedOtherExpenses": 110000000, "calculatedOperatingExpenses": 213000000, "calculatedNetInterest": 0, "calculatedOtherIncome": 31200000, "calculatedIncomeNonControlling": -38500000, "calculatedEbitda": 192100000}, {"date": "1992-12-31", "symbol": "NEM", "reportedCurrency": "USD", "cik": "0001164727", "fillingDate": "1992-12-31", "acceptedDate": "1992-12-30 19:00:00", "calendarYear": "1992", "period": "FY", "revenue": 613200000, "costOfRevenue": 323300000, "grossProfit": 289900000, "grossProfitRatio": 0.4727658187, "researchAndDevelopmentExpenses": 0, "generalAndAdministrativeExpenses": 0, "sellingAndMarketingExpenses": 0, "sellingGeneralAndAdministrativeExpenses": 87400000, "otherExpenses": 98800000, "operatingExpenses": 186200000, "costAndExpenses": 509500000, "interestIncome": 0, "interestExpense": 0, "depreciationAndAmortization": 98800000, "ebitda": 190800000, "ebitdaratio": 0.3111545988, "operatingIncome": 103700000, "operatingIncomeRatio": 0.1691128506, "totalOtherIncomeExpensesNet": 11700000, "incomeBeforeTax": 93400000, "incomeBeforeTaxRatio": 0.1523157208, "incomeTaxExpense": 2800000, "netIncome": 79000000, "netIncomeRatio": 0.1288323549, "eps": 0.9, "epsdiluted": 0.9, "weightedAverageShsOut": 85888889, "weightedAverageShsOutDil": 85888889, "link": "", "finalLink": "", "calculatedOtherExpenses": 98800000, "calculatedOperatingExpenses": 186200000, "calculatedNetInterest": 0, "calculatedOtherIncome": -10300000, "calculatedIncomeNonControlling": 11600000, "calculatedEbitda": 202500000}, {"date": "1991-12-31", "symbol": "NEM", "reportedCurrency": "USD", "cik": "0001164727", "fillingDate": "1991-12-31", "acceptedDate": "1991-12-30 19:00:00", "calendarYear": "1991", "period": "FY", "revenue": 622800000, "costOfRevenue": 302100000, "grossProfit": 320700000, "grossProfitRatio": 0.5149325626, "researchAndDevelopmentExpenses": 0, "generalAndAdministrativeExpenses": 0, "sellingAndMarketingExpenses": 0, "sellingGeneralAndAdministrativeExpenses": 83800000, "otherExpenses": 94000000, "operatingExpenses": 177800000, "costAndExpenses": 479900000, "interestIncome": 0, "interestExpense": 0, "depreciationAndAmortization": 94000000, "ebitda": 232100000, "ebitdaratio": 0.3726718048, "operatingIncome": 142900000, "operatingIncomeRatio": 0.2294476557, "totalOtherIncomeExpensesNet": 4800000, "incomeBeforeTax": 122200000, "incomeBeforeTaxRatio": 0.1962106615, "incomeTaxExpense": 27900000, "netIncome": 94300000, "netIncomeRatio": 0.1514129737, "eps": 1.11, "epsdiluted": 1.11, "weightedAverageShsOut": 84954955, "weightedAverageShsOutDil": 84954955, "link": "", "finalLink": "", "calculatedOtherExpenses": 94000000, "calculatedOperatingExpenses": 177800000, "calculatedNetInterest": 0, "calculatedOtherIncome": -20700000, "calculatedIncomeNonControlling": 0, "calculatedEbitda": 236900000}, {"date": "1990-12-31", "symbol": "NEM", "reportedCurrency": "USD", "cik": "0001164727", "fillingDate": "1990-12-31", "acceptedDate": "1990-12-30 19:00:00", "calendarYear": "1990", "period": "FY", "revenue": 683500000, "costOfRevenue": 357000000, "grossProfit": 326500000, "grossProfitRatio": 0.4776883687, "researchAndDevelopmentExpenses": 0, "generalAndAdministrativeExpenses": 0, "sellingAndMarketingExpenses": 0, "sellingGeneralAndAdministrativeExpenses": 82500000, "otherExpenses": 84800000, "operatingExpenses": 167300000, "costAndExpenses": 524300000, "interestIncome": 0, "interestExpense": 0, "depreciationAndAmortization": 84800000, "ebitda": 106400000, "ebitdaratio": 0.1556693489, "operatingIncome": 159200000, "operatingIncomeRatio": 0.2329188003, "totalOtherIncomeExpensesNet": 137600000, "incomeBeforeTax": 240500000, "incomeBeforeTaxRatio": 0.3518653987, "incomeTaxExpense": 72000000, "netIncome": 342600000, "netIncomeRatio": 0.5012435991, "eps": 4.05, "epsdiluted": 4.05, "weightedAverageShsOut": 84592593, "weightedAverageShsOutDil": 84592593, "link": "", "finalLink": "", "calculatedOtherExpenses": 84800000, "calculatedOperatingExpenses": 167300000, "calculatedNetInterest": 0, "calculatedOtherIncome": 81300000, "calculatedIncomeNonControlling": -174100000, "calculatedEbitda": 244000000}, {"date": "1989-12-31", "symbol": "NEM", "reportedCurrency": "USD", "cik": "0001164727", "fillingDate": "1989-12-31", "acceptedDate": "1989-12-30 19:00:00", "calendarYear": "1989", "period": "FY", "revenue": 582100000, "costOfRevenue": 322600000, "grossProfit": 259500000, "grossProfitRatio": 0.4457996908, "researchAndDevelopmentExpenses": 0, "generalAndAdministrativeExpenses": 0, "sellingAndMarketingExpenses": 0, "sellingGeneralAndAdministrativeExpenses": 69000000, "otherExpenses": 69300000, "operatingExpenses": 138300000, "costAndExpenses": 460900000, "interestIncome": 0, "interestExpense": 0, "depreciationAndAmortization": 69300000, "ebitda": 56900000, "ebitdaratio": 0.0977495276, "operatingIncome": 121200000, "operatingIncomeRatio": 0.2082116475, "totalOtherIncomeExpensesNet": 133600000, "incomeBeforeTax": 155700000, "incomeBeforeTaxRatio": 0.2674798145, "incomeTaxExpense": 26200000, "netIncome": 125900000, "netIncomeRatio": 0.2162858615, "eps": 1.5, "epsdiluted": 1.5, "weightedAverageShsOut": 83933333, "weightedAverageShsOutDil": 83933333, "link": "", "finalLink": "", "calculatedOtherExpenses": 69300000, "calculatedOperatingExpenses": 138300000, "calculatedNetInterest": 0, "calculatedOtherIncome": 34500000, "calculatedIncomeNonControlling": 3600000, "calculatedEbitda": 190500000}, {"date": "1988-12-31", "symbol": "NEM", "reportedCurrency": "USD", "cik": "0001164727", "fillingDate": "1988-12-31", "acceptedDate": "1988-12-30 19:00:00", "calendarYear": "1988", "period": "FY", "revenue": 500100000, "costOfRevenue": 279900000, "grossProfit": 220200000, "grossProfitRatio": 0.4403119376, "researchAndDevelopmentExpenses": 0, "generalAndAdministrativeExpenses": 0, "sellingAndMarketingExpenses": 0, "sellingGeneralAndAdministrativeExpenses": 45100000, "otherExpenses": 40400000, "operatingExpenses": 85500000, "costAndExpenses": 365400000, "interestIncome": 0, "interestExpense": 0, "depreciationAndAmortization": 40400000, "ebitda": 48200000, "ebitdaratio": 0.0963807239, "operatingIncome": 134700000, "operatingIncomeRatio": 0.2693461308, "totalOtherIncomeExpensesNet": 126900000, "incomeBeforeTax": 138200000, "incomeBeforeTaxRatio": 0.2763447311, "incomeTaxExpense": 46100000, "netIncome": 174900000, "netIncomeRatio": 0.349730054, "eps": 3.05, "epsdiluted": 3.05, "weightedAverageShsOut": 84045000, "weightedAverageShsOutDil": 84045000, "link": "", "finalLink": "", "calculatedOtherExpenses": 40400000, "calculatedOperatingExpenses": 85500000, "calculatedNetInterest": 0, "calculatedOtherIncome": 3500000, "calculatedIncomeNonControlling": -82800000, "calculatedEbitda": 175100000}, {"date": "1987-12-31", "symbol": "NEM", "reportedCurrency": "USD", "cik": "0001164727", "fillingDate": "1987-12-31", "acceptedDate": "1987-12-30 19:00:00", "calendarYear": "1987", "period": "FY", "revenue": 514000000, "costOfRevenue": 232700000, "grossProfit": 281300000, "grossProfitRatio": 0.5472762646, "researchAndDevelopmentExpenses": 0, "generalAndAdministrativeExpenses": 0, "sellingAndMarketingExpenses": 0, "sellingGeneralAndAdministrativeExpenses": 31600000, "otherExpenses": 70300000, "operatingExpenses": 101900000, "costAndExpenses": 334600000, "interestIncome": 0, "interestExpense": 0, "depreciationAndAmortization": 70300000, "ebitda": -66000000, "ebitdaratio": -0.1284046693, "operatingIncome": 179400000, "operatingIncomeRatio": 0.3490272374, "totalOtherIncomeExpensesNet": 315700000, "incomeBeforeTax": 449100000, "incomeBeforeTaxRatio": 0.8737354086, "incomeTaxExpense": 111500000, "netIncome": 337600000, "netIncomeRatio": 0.6568093385, "eps": 4.21, "epsdiluted": 4.21, "weightedAverageShsOut": 80190024, "weightedAverageShsOutDil": 80190024, "link": "", "finalLink": "", "calculatedOtherExpenses": 70300000, "calculatedOperatingExpenses": 101900000, "calculatedNetInterest": 0, "calculatedOtherIncome": 269700000, "calculatedIncomeNonControlling": 0, "calculatedEbitda": 249700000}, {"date": "1986-12-31", "symbol": "NEM", "reportedCurrency": "USD", "cik": "0001164727", "fillingDate": "1986-12-31", "acceptedDate": "1986-12-30 19:00:00", "calendarYear": "1986", "period": "FY", "revenue": 380800000, "costOfRevenue": 204900000, "grossProfit": 175900000, "grossProfitRatio": 0.4619222689, "researchAndDevelopmentExpenses": 0, "generalAndAdministrativeExpenses": 0, "sellingAndMarketingExpenses": 0, "sellingGeneralAndAdministrativeExpenses": 28200000, "otherExpenses": 71100000, "operatingExpenses": 99300000, "costAndExpenses": 304200000, "interestIncome": 0, "interestExpense": 0, "depreciationAndAmortization": 71100000, "ebitda": 91600000, "ebitdaratio": 0.2405462185, "operatingIncome": 76600000, "operatingIncomeRatio": 0.2011554622, "totalOtherIncomeExpensesNet": 56100000, "incomeBeforeTax": 114600000, "incomeBeforeTaxRatio": 0.3009453782, "incomeTaxExpense": 46100000, "netIncome": 67800000, "netIncomeRatio": 0.1780462185, "eps": 0.36, "epsdiluted": 0.36, "weightedAverageShsOut": 76022000, "weightedAverageShsOutDil": 76022000, "link": "", "finalLink": "", "calculatedOtherExpenses": 71100000, "calculatedOperatingExpenses": 99300000, "calculatedNetInterest": 0, "calculatedOtherIncome": 38000000, "calculatedIncomeNonControlling": 700000, "calculatedEbitda": 147700000}, {"date": "1985-12-31", "symbol": "NEM", "reportedCurrency": "USD", "cik": "0001164727", "fillingDate": "1985-12-31", "acceptedDate": "1985-12-30 19:00:00", "calendarYear": "1985", "period": "FY", "revenue": 686100000, "costOfRevenue": 632800000, "grossProfit": 53300000, "grossProfitRatio": 0.0776854686, "researchAndDevelopmentExpenses": 0, "generalAndAdministrativeExpenses": 0, "sellingAndMarketingExpenses": 0, "sellingGeneralAndAdministrativeExpenses": 25600000, "otherExpenses": 76100000, "operatingExpenses": 101700000, "costAndExpenses": 734500000, "interestIncome": 0, "interestExpense": 0, "depreciationAndAmortization": 76100000, "ebitda": 68300000, "ebitdaratio": 0.0995481708, "operatingIncome": -48400000, "operatingIncomeRatio": -0.0705436525, "totalOtherIncomeExpensesNet": -40600000, "incomeBeforeTax": -38600000, "incomeBeforeTaxRatio": -0.0562600204, "incomeTaxExpense": -53500000, "netIncome": 16000000, "netIncomeRatio": 0.0233202157, "eps": 0.22, "epsdiluted": 0.22, "weightedAverageShsOut": 72727273, "weightedAverageShsOutDil": 72727273, "link": "", "finalLink": "", "calculatedOtherExpenses": 76100000, "calculatedOperatingExpenses": 101700000, "calculatedNetInterest": 0, "calculatedOtherIncome": 9800000, "calculatedIncomeNonControlling": -1100000, "calculatedEbitda": 27700000}]}