{"originalCurrency": "USD", "convertedCurrency": "USD", "report": [{"date": "2023-05-31", "symbol": "NEOG", "reportedCurrency": "USD", "cik": "0000711377", "fillingDate": "2023-08-15", "acceptedDate": "2023-08-15 17:01:17", "calendarYear": "2023", "period": "FY", "revenue": 822447000, "costOfRevenue": 416492000, "grossProfit": 405955000, "grossProfitRatio": 0.4935941161, "researchAndDevelopmentExpenses": 26039000, "generalAndAdministrativeExpenses": 201179000, "sellingAndMarketingExpenses": 141222000, "sellingGeneralAndAdministrativeExpenses": 342401000, "otherExpenses": -59557000, "operatingExpenses": 368440000, "costAndExpenses": 784932000, "interestIncome": 3166000, "interestExpense": 55961000, "depreciationAndAmortization": 88377000, "ebitda": 37515000, "ebitdaratio": 0.0456138815, "operatingIncome": 37515000, "operatingIncomeRatio": 0.0456138815, "totalOtherIncomeExpensesNet": -59557000, "incomeBeforeTax": -22042000, "incomeBeforeTaxRatio": -0.0268005112, "incomeTaxExpense": 828000, "netIncome": -22870000, "netIncomeRatio": -0.027807263, "eps": -0.12, "epsdiluted": -0.12, "weightedAverageShsOut": 188881000, "weightedAverageShsOutDil": 188881000, "link": "https://www.sec.gov/Archives/edgar/data/711377/000095017023042861/0000950170-23-042861-index.htm", "finalLink": "https://www.sec.gov/Archives/edgar/data/711377/000095017023042861/neog-20230531.htm", "calculatedOtherExpenses": 0, "calculatedOperatingExpenses": 368440000, "calculatedNetInterest": -52795000, "calculatedOtherIncome": -6762000, "calculatedIncomeNonControlling": 0, "calculatedEbitda": 125892000}, {"date": "2022-05-31", "symbol": "NEOG", "reportedCurrency": "USD", "cik": "0000711377", "fillingDate": "2022-07-27", "acceptedDate": "2022-07-27 10:25:12", "calendarYear": "2022", "period": "FY", "revenue": 527159000, "costOfRevenue": 284146000, "grossProfit": 243013000, "grossProfitRatio": 0.4609861541, "researchAndDevelopmentExpenses": 17049000, "generalAndAdministrativeExpenses": 82742000, "sellingAndMarketingExpenses": 84604000, "sellingGeneralAndAdministrativeExpenses": 167346000, "otherExpenses": 1589000, "operatingExpenses": 184395000, "costAndExpenses": 468541000, "interestIncome": 1267000, "interestExpense": 1267000, "depreciationAndAmortization": 23694000, "ebitda": 58618000, "ebitdaratio": 0.1111960528, "operatingIncome": 34924000, "operatingIncomeRatio": 0.0662494617, "totalOtherIncomeExpensesNet": 25283000, "incomeBeforeTax": 60207000, "incomeBeforeTaxRatio": 0.1142103236, "incomeTaxExpense": 11900000, "netIncome": 48307000, "netIncomeRatio": 0.0916364892, "eps": 0.45, "epsdiluted": 0.45, "weightedAverageShsOut": 107684000, "weightedAverageShsOutDil": 108020000, "link": "https://www.sec.gov/Archives/edgar/data/711377/000119312522202902/0001193125-22-202902-index.htm", "finalLink": "https://www.sec.gov/Archives/edgar/data/711377/000119312522202902/d366491d10k.htm", "calculatedOtherExpenses": 23694000, "calculatedOperatingExpenses": 208089000, "calculatedNetInterest": 0, "calculatedOtherIncome": 25283000, "calculatedIncomeNonControlling": 0, "calculatedEbitda": 58618000}, {"date": "2021-05-31", "symbol": "NEOG", "reportedCurrency": "USD", "cik": "0000711377", "fillingDate": "2021-07-30", "acceptedDate": "2021-07-30 14:13:30", "calendarYear": "2021", "period": "FY", "revenue": 468459000, "costOfRevenue": 253403000, "grossProfit": 215056000, "grossProfitRatio": 0.4590711247, "researchAndDevelopmentExpenses": 16247000, "generalAndAdministrativeExpenses": 51197000, "sellingAndMarketingExpenses": 73443000, "sellingGeneralAndAdministrativeExpenses": 124640000, "otherExpenses": 1099000, "operatingExpenses": 140887000, "costAndExpenses": 394290000, "interestIncome": 1614000, "interestExpense": 78000, "depreciationAndAmortization": 21041000, "ebitda": 74169000, "ebitdaratio": 0.1583254885, "operatingIncome": 53128000, "operatingIncomeRatio": 0.1134101383, "totalOtherIncomeExpensesNet": 22140000, "incomeBeforeTax": 75268000, "incomeBeforeTaxRatio": 0.1606714782, "incomeTaxExpense": 14386000, "netIncome": 60882000, "netIncomeRatio": 0.1299622806, "eps": 0.57, "epsdiluted": 0.57, "weightedAverageShsOut": 106499000, "weightedAverageShsOutDil": 107120000, "link": "https://www.sec.gov/Archives/edgar/data/711377/000119312521230829/0001193125-21-230829-index.htm", "finalLink": "https://www.sec.gov/Archives/edgar/data/711377/000119312521230829/d175265d10k.htm", "calculatedOtherExpenses": 21041000, "calculatedOperatingExpenses": 161928000, "calculatedNetInterest": 1536000, "calculatedOtherIncome": 20604000, "calculatedIncomeNonControlling": 0, "calculatedEbitda": 74169000}, {"date": "2020-05-31", "symbol": "NEOG", "reportedCurrency": "USD", "cik": "0000711377", "fillingDate": "2020-07-30", "acceptedDate": "2020-07-30 18:05:14", "calendarYear": "2020", "period": "FY", "revenue": 418170000, "costOfRevenue": 221891000, "grossProfit": 196279000, "grossProfitRatio": 0.4693760911, "researchAndDevelopmentExpenses": 14750000, "generalAndAdministrativeExpenses": 44331000, "sellingAndMarketingExpenses": 69675000, "sellingGeneralAndAdministrativeExpenses": 114006000, "otherExpenses": 4782000, "operatingExpenses": 128756000, "costAndExpenses": 350647000, "interestIncome": 5992000, "interestExpense": 0, "depreciationAndAmortization": 18396000, "ebitda": 67523000, "ebitdaratio": 0.1614726068, "operatingIncome": 49127000, "operatingIncomeRatio": 0.1174809288, "totalOtherIncomeExpensesNet": 23178000, "incomeBeforeTax": 72305000, "incomeBeforeTaxRatio": 0.1729081474, "incomeTaxExpense": 12830000, "netIncome": 59475000, "netIncomeRatio": 0.1422268455, "eps": 0.57, "epsdiluted": 0.56, "weightedAverageShsOut": 105100000, "weightedAverageShsOutDil": 105720000, "link": "https://www.sec.gov/Archives/edgar/data/711377/000119312520204007/0001193125-20-204007-index.htm", "finalLink": "https://www.sec.gov/Archives/edgar/data/711377/000119312520204007/d925387d10k.htm", "calculatedOtherExpenses": 18396000, "calculatedOperatingExpenses": 147152000, "calculatedNetInterest": 5992000, "calculatedOtherIncome": 17186000, "calculatedIncomeNonControlling": 0, "calculatedEbitda": 67523000}, {"date": "2019-05-31", "symbol": "NEOG", "reportedCurrency": "USD", "cik": "0000711377", "fillingDate": "2019-07-30", "acceptedDate": "2019-07-30 15:07:59", "calendarYear": "2019", "period": "FY", "revenue": 414186000, "costOfRevenue": 222266000, "grossProfit": 191920000, "grossProfitRatio": 0.4633667, "researchAndDevelopmentExpenses": 12805000, "generalAndAdministrativeExpenses": 40791000, "sellingAndMarketingExpenses": 70230000, "sellingGeneralAndAdministrativeExpenses": 111021000, "otherExpenses": 4865000, "operatingExpenses": 123826000, "costAndExpenses": 346092000, "interestIncome": 4683000, "interestExpense": -22489000, "depreciationAndAmortization": 17624000, "ebitda": 68094000, "ebitdaratio": 0.164404398, "operatingIncome": 50470000, "operatingIncomeRatio": 0.1218534668, "totalOtherIncomeExpensesNet": 22489000, "incomeBeforeTax": 72959000, "incomeBeforeTaxRatio": 0.1761503286, "incomeTaxExpense": 12783000, "netIncome": 60176000, "netIncomeRatio": 0.145287383, "eps": 0.58, "epsdiluted": 0.57, "weightedAverageShsOut": 103776000, "weightedAverageShsOutDil": 104850000, "link": "https://www.sec.gov/Archives/edgar/data/711377/000119312519206929/0001193125-19-206929-index.htm", "finalLink": "https://www.sec.gov/Archives/edgar/data/711377/000119312519206929/d761557d10k.htm", "calculatedOtherExpenses": 17624000, "calculatedOperatingExpenses": 141450000, "calculatedNetInterest": 27172000, "calculatedOtherIncome": -4683000, "calculatedIncomeNonControlling": 0, "calculatedEbitda": 68094000}, {"date": "2018-05-31", "symbol": "NEOG", "reportedCurrency": "USD", "cik": "0000711377", "fillingDate": "2018-07-27", "acceptedDate": "2018-07-27 16:00:21", "calendarYear": "2018", "period": "FY", "revenue": 402252000, "costOfRevenue": 212000000, "grossProfit": 190252000, "grossProfitRatio": 0.4729671947, "researchAndDevelopmentExpenses": 10855000, "generalAndAdministrativeExpenses": 38294000, "sellingAndMarketingExpenses": 70909000, "sellingGeneralAndAdministrativeExpenses": 109203000, "otherExpenses": 3271000, "operatingExpenses": 120058000, "costAndExpenses": 332058000, "interestIncome": 2043000, "interestExpense": 0, "depreciationAndAmortization": 17058000, "ebitda": 70194000, "ebitdaratio": 0.1745025506, "operatingIncome": 70194000, "operatingIncomeRatio": 0.1745025506, "totalOtherIncomeExpensesNet": 3271000, "incomeBeforeTax": 73465000, "incomeBeforeTaxRatio": 0.1826342691, "incomeTaxExpense": 10250000, "netIncome": 63145000, "netIncomeRatio": 0.1569787099, "eps": 0.61, "epsdiluted": 0.6, "weightedAverageShsOut": 103471464, "weightedAverageShsOutDil": 104371901, "link": "https://www.sec.gov/Archives/edgar/data/711377/000119312518229573/0001193125-18-229573-index.htm", "finalLink": "https://www.sec.gov/Archives/edgar/data/711377/000119312518229573/d552969d10k.htm", "calculatedOtherExpenses": 0, "calculatedOperatingExpenses": 120058000, "calculatedNetInterest": 2043000, "calculatedOtherIncome": 1228000, "calculatedIncomeNonControlling": 70000, "calculatedEbitda": 87252000}, {"date": "2017-05-31", "symbol": "NEOG", "reportedCurrency": "USD", "cik": "0000711377", "fillingDate": "2017-07-28", "acceptedDate": "2017-07-28 14:18:44", "calendarYear": "2017", "period": "FY", "revenue": 361594000, "costOfRevenue": 189626000, "grossProfit": 171968000, "grossProfitRatio": 0.4755831126, "researchAndDevelopmentExpenses": 10385000, "generalAndAdministrativeExpenses": 34214000, "sellingAndMarketingExpenses": 62424000, "sellingGeneralAndAdministrativeExpenses": 96638000, "otherExpenses": 872000, "operatingExpenses": 107023000, "costAndExpenses": 296649000, "interestIncome": 838000, "interestExpense": 0, "depreciationAndAmortization": 14691000, "ebitda": 64945000, "ebitdaratio": 0.1796075156, "operatingIncome": 64945000, "operatingIncomeRatio": 0.1796075156, "totalOtherIncomeExpensesNet": 1728000, "incomeBeforeTax": 66673000, "incomeBeforeTaxRatio": 0.184386356, "incomeTaxExpense": 22700000, "netIncome": 43793000, "netIncomeRatio": 0.1211109698, "eps": 0.43, "epsdiluted": 0.43, "weightedAverageShsOut": 101864953, "weightedAverageShsOutDil": 102330641, "link": "https://www.sec.gov/Archives/edgar/data/711377/000119312517240208/0001193125-17-240208-index.htm", "finalLink": "https://www.sec.gov/Archives/edgar/data/711377/000119312517240208/d385764d10k.htm", "calculatedOtherExpenses": 0, "calculatedOperatingExpenses": 107023000, "calculatedNetInterest": 838000, "calculatedOtherIncome": 890000, "calculatedIncomeNonControlling": 180000, "calculatedEbitda": 79636000}, {"date": "2016-05-31", "symbol": "NEOG", "reportedCurrency": "USD", "cik": "0000711377", "fillingDate": "2016-07-29", "acceptedDate": "2016-07-29 14:00:14", "calendarYear": "2016", "period": "FY", "revenue": 321275000, "costOfRevenue": 168211000, "grossProfit": 153064000, "grossProfitRatio": 0.4764267372, "researchAndDevelopmentExpenses": 9890000, "generalAndAdministrativeExpenses": 29189000, "sellingAndMarketingExpenses": 57599000, "sellingGeneralAndAdministrativeExpenses": 86788000, "otherExpenses": -1195000, "operatingExpenses": 96678000, "costAndExpenses": 264889000, "interestIncome": 322000, "interestExpense": 0, "depreciationAndAmortization": 12540000, "ebitda": 56386000, "ebitdaratio": 0.1755069644, "operatingIncome": 56386000, "operatingIncomeRatio": 0.1755069644, "totalOtherIncomeExpensesNet": -873000, "incomeBeforeTax": 55513000, "incomeBeforeTaxRatio": 0.1727896662, "incomeTaxExpense": 18975000, "netIncome": 36564000, "netIncomeRatio": 0.1138090421, "eps": 0.36, "epsdiluted": 0.36, "weightedAverageShsOut": 100180478, "weightedAverageShsOutDil": 100999974, "link": "https://www.sec.gov/Archives/edgar/data/711377/000119312516664134/0001193125-16-664134-index.htm", "finalLink": "https://www.sec.gov/Archives/edgar/data/711377/000119312516664134/d223408d10k.htm", "calculatedOtherExpenses": 0, "calculatedOperatingExpenses": 96678000, "calculatedNetInterest": 322000, "calculatedOtherIncome": -1195000, "calculatedIncomeNonControlling": -26000, "calculatedEbitda": 68926000}, {"date": "2015-05-31", "symbol": "NEOG", "reportedCurrency": "USD", "cik": "0000711377", "fillingDate": "2015-07-30", "acceptedDate": "2015-07-30 17:05:35", "calendarYear": "2015", "period": "FY", "revenue": 283074000, "costOfRevenue": 143389000, "grossProfit": 139685000, "grossProfitRatio": 0.4934575411, "researchAndDevelopmentExpenses": 9577000, "generalAndAdministrativeExpenses": 25233000, "sellingAndMarketingExpenses": 51757000, "sellingGeneralAndAdministrativeExpenses": 76990000, "otherExpenses": -973000, "operatingExpenses": 86567000, "costAndExpenses": 229956000, "interestIncome": 228000, "interestExpense": 0, "depreciationAndAmortization": 10649000, "ebitda": 53118000, "ebitdaratio": 0.1876470464, "operatingIncome": 53118000, "operatingIncomeRatio": 0.1876470464, "totalOtherIncomeExpensesNet": -1042000, "incomeBeforeTax": 52076000, "incomeBeforeTaxRatio": 0.1839660301, "incomeTaxExpense": 18500000, "netIncome": 33526000, "netIncomeRatio": 0.1184354621, "eps": 0.34, "epsdiluted": 0.34, "weightedAverageShsOut": 99008692, "weightedAverageShsOutDil": 99850641, "link": "https://www.sec.gov/Archives/edgar/data/711377/000119312515271129/0001193125-15-271129-index.htm", "finalLink": "https://www.sec.gov/Archives/edgar/data/711377/000119312515271129/d941892d10k.htm", "calculatedOtherExpenses": 0, "calculatedOperatingExpenses": 86567000, "calculatedNetInterest": 228000, "calculatedOtherIncome": -1270000, "calculatedIncomeNonControlling": 50000, "calculatedEbitda": 63767000}, {"date": "2014-05-31", "symbol": "NEOG", "reportedCurrency": "USD", "cik": "0000711377", "fillingDate": "2014-07-30", "acceptedDate": "2014-07-30 16:28:03", "calendarYear": "2014", "period": "FY", "revenue": 247405000, "costOfRevenue": 124807000, "grossProfit": 122598000, "grossProfitRatio": 0.4955356602, "researchAndDevelopmentExpenses": 8326000, "generalAndAdministrativeExpenses": 24449000, "sellingAndMarketingExpenses": 46432000, "sellingGeneralAndAdministrativeExpenses": 70881000, "otherExpenses": -513000, "operatingExpenses": 79207000, "costAndExpenses": 204014000, "interestIncome": 115000, "interestExpense": 0, "depreciationAndAmortization": 9180000, "ebitda": 43391000, "ebitdaratio": 0.175384491, "operatingIncome": 43391000, "operatingIncomeRatio": 0.175384491, "totalOtherIncomeExpensesNet": -360000, "incomeBeforeTax": 43031000, "incomeBeforeTaxRatio": 0.173929387, "incomeTaxExpense": 15000000, "netIncome": 28158000, "netIncomeRatio": 0.1138133829, "eps": 0.29, "epsdiluted": 0.28, "weightedAverageShsOut": 97952810, "weightedAverageShsOutDil": 99378641, "link": "https://www.sec.gov/Archives/edgar/data/711377/000119312514286974/0001193125-14-286974-index.htm", "finalLink": "https://www.sec.gov/Archives/edgar/data/711377/000119312514286974/d715487d10k.htm", "calculatedOtherExpenses": 0, "calculatedOperatingExpenses": 79207000, "calculatedNetInterest": 115000, "calculatedOtherIncome": -475000, "calculatedIncomeNonControlling": -127000, "calculatedEbitda": 52571000}, {"date": "2013-05-31", "symbol": "NEOG", "reportedCurrency": "USD", "cik": "0000711377", "fillingDate": "2013-07-30", "acceptedDate": "2013-07-30 13:51:12", "calendarYear": "2013", "period": "FY", "revenue": 207528000, "costOfRevenue": 98034000, "grossProfit": 109494000, "grossProfitRatio": 0.527610732, "researchAndDevelopmentExpenses": 7781000, "generalAndAdministrativeExpenses": 20216000, "sellingAndMarketingExpenses": 40791000, "sellingGeneralAndAdministrativeExpenses": 61007000, "otherExpenses": 305000, "operatingExpenses": 68788000, "costAndExpenses": 166822000, "interestIncome": 144000, "interestExpense": 0, "depreciationAndAmortization": 7411000, "ebitda": 40706000, "ebitdaratio": 0.1961470259, "operatingIncome": 40706000, "operatingIncomeRatio": 0.1961470259, "totalOtherIncomeExpensesNet": 435000, "incomeBeforeTax": 41141000, "incomeBeforeTaxRatio": 0.1982431286, "incomeTaxExpense": 14100000, "netIncome": 27190000, "netIncomeRatio": 0.131018465, "eps": 0.28, "epsdiluted": 0.28, "weightedAverageShsOut": 96224031, "weightedAverageShsOutDil": 97307975, "link": "https://www.sec.gov/Archives/edgar/data/711377/000119312513309676/0001193125-13-309676-index.htm", "finalLink": "https://www.sec.gov/Archives/edgar/data/711377/000119312513309676/d547899d10k.htm", "calculatedOtherExpenses": 0, "calculatedOperatingExpenses": 68788000, "calculatedNetInterest": 144000, "calculatedOtherIncome": 291000, "calculatedIncomeNonControlling": -149000, "calculatedEbitda": 48117000}, {"date": "2012-05-31", "symbol": "NEOG", "reportedCurrency": "USD", "cik": "0000711377", "fillingDate": "2012-07-30", "acceptedDate": "2012-07-30 16:56:55", "calendarYear": "2012", "period": "FY", "revenue": 184046000, "costOfRevenue": 91621000, "grossProfit": 92425000, "grossProfitRatio": 0.5021842365, "researchAndDevelopmentExpenses": 6636000, "generalAndAdministrativeExpenses": 17024000, "sellingAndMarketingExpenses": 35026000, "sellingGeneralAndAdministrativeExpenses": 52050000, "otherExpenses": -37000, "operatingExpenses": 58686000, "costAndExpenses": 150307000, "interestIncome": 107000, "interestExpense": 0, "depreciationAndAmortization": 6173000, "ebitda": 33739000, "ebitdaratio": 0.1833183009, "operatingIncome": 33739000, "operatingIncomeRatio": 0.1833183009, "totalOtherIncomeExpensesNet": 224000, "incomeBeforeTax": 33963000, "incomeBeforeTaxRatio": 0.1845353879, "incomeTaxExpense": 11450000, "netIncome": 22513000, "netIncomeRatio": 0.1223226802, "eps": 0.24, "epsdiluted": 0.24, "weightedAverageShsOut": 94479020, "weightedAverageShsOutDil": 96075975, "link": "https://www.sec.gov/Archives/edgar/data/711377/000119312512322702/0001193125-12-322702-index.htm", "finalLink": "https://www.sec.gov/Archives/edgar/data/711377/000119312512322702/d362802d10k.htm", "calculatedOtherExpenses": 0, "calculatedOperatingExpenses": 58686000, "calculatedNetInterest": 107000, "calculatedOtherIncome": 117000, "calculatedIncomeNonControlling": 0, "calculatedEbitda": 39912000}, {"date": "2011-05-31", "symbol": "NEOG", "reportedCurrency": "USD", "cik": "0000711377", "fillingDate": "2011-07-29", "acceptedDate": "2011-07-29 16:01:50", "calendarYear": "2011", "period": "FY", "revenue": 172683000, "costOfRevenue": 84891000, "grossProfit": 87792000, "grossProfitRatio": 0.5083997846, "researchAndDevelopmentExpenses": 6825000, "generalAndAdministrativeExpenses": 15112000, "sellingAndMarketingExpenses": 30020000, "sellingGeneralAndAdministrativeExpenses": 45132000, "otherExpenses": 0, "operatingExpenses": 51957000, "costAndExpenses": 136848000, "interestIncome": 95000, "interestExpense": 0, "depreciationAndAmortization": 5329000, "ebitda": 41855000, "ebitdaratio": 0.242380547, "operatingIncome": 35835000, "operatingIncomeRatio": 0.2075189799, "totalOtherIncomeExpensesNet": -691000, "incomeBeforeTax": 35239000, "incomeBeforeTaxRatio": 0.2040675689, "incomeTaxExpense": 12400000, "netIncome": 22839000, "netIncomeRatio": 0.1322596897, "eps": 0.25, "epsdiluted": 0.24, "weightedAverageShsOut": 92027976, "weightedAverageShsOutDil": 95163976, "link": "https://www.sec.gov/Archives/edgar/data/711377/000119312511202797/0001193125-11-202797-index.htm", "finalLink": "https://www.sec.gov/Archives/edgar/data/711377/000119312511202797/d10k.htm", "calculatedOtherExpenses": 0, "calculatedOperatingExpenses": 51957000, "calculatedNetInterest": 95000, "calculatedOtherIncome": -691000, "calculatedIncomeNonControlling": 0, "calculatedEbitda": 41164000}, {"date": "2010-05-31", "symbol": "NEOG", "reportedCurrency": "USD", "cik": "0000711377", "fillingDate": "2010-08-16", "acceptedDate": "2010-08-16 14:17:54", "calendarYear": "2010", "period": "FY", "revenue": 140509000, "costOfRevenue": 67534000, "grossProfit": 72975000, "grossProfitRatio": 0.5193617491, "researchAndDevelopmentExpenses": 6258000, "generalAndAdministrativeExpenses": 13488000, "sellingAndMarketingExpenses": 26350000, "sellingGeneralAndAdministrativeExpenses": 39838000, "otherExpenses": 0, "operatingExpenses": 46096000, "costAndExpenses": 113630000, "interestIncome": 81000, "interestExpense": 0, "depreciationAndAmortization": 4435000, "ebitda": 26437000, "ebitdaratio": 0.1881516486, "operatingIncome": 26879000, "operatingIncomeRatio": 0.1912973546, "totalOtherIncomeExpensesNet": 442000, "incomeBeforeTax": 27321000, "incomeBeforeTaxRatio": 0.1944430606, "incomeTaxExpense": 9800000, "netIncome": 17521000, "netIncomeRatio": 0.1246966386, "eps": 0.19, "epsdiluted": 0.19, "weightedAverageShsOut": 89463977, "weightedAverageShsOutDil": 92363976, "link": "https://www.sec.gov/Archives/edgar/data/711377/000119312510189979/0001193125-10-189979-index.htm", "finalLink": "https://www.sec.gov/Archives/edgar/data/711377/000119312510189979/d10k.htm", "calculatedOtherExpenses": 0, "calculatedOperatingExpenses": 46096000, "calculatedNetInterest": 81000, "calculatedOtherIncome": 361000, "calculatedIncomeNonControlling": 0, "calculatedEbitda": 31314000}, {"date": "2009-05-31", "symbol": "NEOG", "reportedCurrency": "USD", "cik": "0000711377", "fillingDate": "2009-08-14", "acceptedDate": "2009-08-14 13:23:56", "calendarYear": "2009", "period": "FY", "revenue": 118721000, "costOfRevenue": 59288000, "grossProfit": 59433000, "grossProfitRatio": 0.5006106754, "researchAndDevelopmentExpenses": 4555000, "generalAndAdministrativeExpenses": 11484000, "sellingAndMarketingExpenses": 22906000, "sellingGeneralAndAdministrativeExpenses": 34390000, "otherExpenses": 0, "operatingExpenses": 38945000, "costAndExpenses": 98233000, "interestIncome": 248000, "interestExpense": 0, "depreciationAndAmortization": 3890000, "ebitda": 19352000, "ebitdaratio": 0.1630040178, "operatingIncome": 20488000, "operatingIncomeRatio": 0.1725726704, "totalOtherIncomeExpensesNet": 1136000, "incomeBeforeTax": 21624000, "incomeBeforeTaxRatio": 0.1821413229, "incomeTaxExpense": 7750000, "netIncome": 13874000, "netIncomeRatio": 0.1168622232, "eps": 0.16, "epsdiluted": 0.15, "weightedAverageShsOut": 87143978, "weightedAverageShsOutDil": 90482586, "link": "https://www.sec.gov/Archives/edgar/data/711377/000119312509175691/0001193125-09-175691-index.htm", "finalLink": "https://www.sec.gov/Archives/edgar/data/711377/000119312509175691/d10k.htm", "calculatedOtherExpenses": 0, "calculatedOperatingExpenses": 38945000, "calculatedNetInterest": 248000, "calculatedOtherIncome": 888000, "calculatedIncomeNonControlling": 0, "calculatedEbitda": 24378000}, {"date": "2008-05-31", "symbol": "NEOG", "reportedCurrency": "USD", "cik": "0000711377", "fillingDate": "2008-08-14", "acceptedDate": "2008-08-14 12:52:30", "calendarYear": "2008", "period": "FY", "revenue": 102418000, "costOfRevenue": 49185000, "grossProfit": 53233000, "grossProfitRatio": 0.5197621512, "researchAndDevelopmentExpenses": 3639000, "generalAndAdministrativeExpenses": 31575000, "sellingAndMarketingExpenses": 20648000000, "sellingGeneralAndAdministrativeExpenses": 31575000, "otherExpenses": 0, "operatingExpenses": 35214000, "costAndExpenses": 84399000, "interestIncome": 442000000, "interestExpense": 0, "depreciationAndAmortization": 3516000, "ebitda": 21498000, "ebitdaratio": 0.209904509, "operatingIncome": 18019000, "operatingIncomeRatio": 0.1759358706, "totalOtherIncomeExpensesNet": 37000, "incomeBeforeTax": 18498000, "incomeBeforeTaxRatio": 0.1806127829, "incomeTaxExpense": 6400000, "netIncome": 12098000, "netIncomeRatio": 0.1181237673, "eps": 0.14, "epsdiluted": 0.14, "weightedAverageShsOut": 86843978, "weightedAverageShsOutDil": 89993977, "link": "https://www.sec.gov/Archives/edgar/data/711377/000119312508177895/0001193125-08-177895-index.htm", "finalLink": "https://www.sec.gov/Archives/edgar/data/711377/000119312508177895/d10k.htm", "calculatedOtherExpenses": 0, "calculatedOperatingExpenses": 35214000, "calculatedNetInterest": 442000000, "calculatedOtherIncome": -441521000, "calculatedIncomeNonControlling": 0, "calculatedEbitda": 21535000}, {"date": "2007-05-31", "symbol": "NEOG", "reportedCurrency": "USD", "cik": "0000711377", "fillingDate": "2007-08-14", "acceptedDate": "2007-08-14 16:07:30", "calendarYear": "2007", "period": "FY", "revenue": 86138000, "costOfRevenue": 41575000, "grossProfit": 44563000, "grossProfitRatio": 0.5173442615, "researchAndDevelopmentExpenses": 3295000, "generalAndAdministrativeExpenses": 27764000, "sellingAndMarketingExpenses": 18463000000, "sellingGeneralAndAdministrativeExpenses": 27764000, "otherExpenses": 0, "operatingExpenses": 31059000, "costAndExpenses": 72634000, "interestIncome": 373000000, "interestExpense": -15000000, "depreciationAndAmortization": 2840000, "ebitda": 16331000, "ebitdaratio": 0.1895911212, "operatingIncome": 13504000, "operatingIncomeRatio": 0.1567716919, "totalOtherIncomeExpensesNet": 13000, "incomeBeforeTax": 13875000, "incomeBeforeTaxRatio": 0.1610787341, "incomeTaxExpense": 4750000, "netIncome": 9125000, "netIncomeRatio": 0.105934663, "eps": 0.11, "epsdiluted": 0.11, "weightedAverageShsOut": 82745979, "weightedAverageShsOutDil": 84968978, "link": "https://www.sec.gov/Archives/edgar/data/711377/000119312507182686/0001193125-07-182686-index.htm", "finalLink": "https://www.sec.gov/Archives/edgar/data/711377/000119312507182686/d10k.htm", "calculatedOtherExpenses": 0, "calculatedOperatingExpenses": 31059000, "calculatedNetInterest": 388000000, "calculatedOtherIncome": -387629000, "calculatedIncomeNonControlling": 0, "calculatedEbitda": 16344000}, {"date": "2006-05-31", "symbol": "NEOG", "reportedCurrency": "USD", "cik": "0000711377", "fillingDate": "2006-08-14", "acceptedDate": "2006-08-14 16:34:12", "calendarYear": "2006", "period": "FY", "revenue": 72433000, "costOfRevenue": 35427000, "grossProfit": 37006000, "grossProfitRatio": 0.510899728, "researchAndDevelopmentExpenses": 2988000, "generalAndAdministrativeExpenses": 21973000, "sellingAndMarketingExpenses": 15799000000, "sellingGeneralAndAdministrativeExpenses": 21973000, "otherExpenses": 0, "operatingExpenses": 24961000, "costAndExpenses": 60388000, "interestIncome": 80000000, "interestExpense": -283000000, "depreciationAndAmortization": 2417000, "ebitda": 14213000, "ebitdaratio": 0.1962227162, "operatingIncome": 12045000, "operatingIncomeRatio": 0.1662916074, "totalOtherIncomeExpensesNet": 249000, "incomeBeforeTax": 12091000, "incomeBeforeTaxRatio": 0.1669266771, "incomeTaxExpense": 4150000, "netIncome": 7941000, "netIncomeRatio": 0.1096323499, "eps": 0.0944, "epsdiluted": 0.0922, "weightedAverageShsOut": 84081155, "weightedAverageShsOutDil": 86107207, "link": "https://www.sec.gov/Archives/edgar/data/711377/000119312506172719/0001193125-06-172719-index.htm", "finalLink": "https://www.sec.gov/Archives/edgar/data/711377/000119312506172719/d10k.htm", "calculatedOtherExpenses": 0, "calculatedOperatingExpenses": 24961000, "calculatedNetInterest": 363000000, "calculatedOtherIncome": -362954000, "calculatedIncomeNonControlling": 0, "calculatedEbitda": 14462000}, {"date": "2005-05-31", "symbol": "NEOG", "reportedCurrency": "USD", "cik": "0000711377", "fillingDate": "2005-08-15", "acceptedDate": "2005-08-15 15:32:39", "calendarYear": "2005", "period": "FY", "revenue": 62756000, "costOfRevenue": 32153000, "grossProfit": 30603000, "grossProfitRatio": 0.4876505832, "researchAndDevelopmentExpenses": 2729000, "generalAndAdministrativeExpenses": 19105000, "sellingAndMarketingExpenses": 13484000000, "sellingGeneralAndAdministrativeExpenses": 19105000, "otherExpenses": 0, "operatingExpenses": 21834000, "costAndExpenses": 53987000, "interestIncome": 7000000, "interestExpense": -83000000, "depreciationAndAmortization": 1703000, "ebitda": 10249000, "ebitdaratio": 0.1633150615, "operatingIncome": 8769000, "operatingIncomeRatio": 0.1397316591, "totalOtherIncomeExpensesNet": 223000, "incomeBeforeTax": 8916000, "incomeBeforeTaxRatio": 0.1420740646, "incomeTaxExpense": 3000000, "netIncome": 5916000, "netIncomeRatio": 0.0942698706, "eps": 0.0683, "epsdiluted": 0.065, "weightedAverageShsOut": 86575588, "weightedAverageShsOutDil": 91015362, "link": "https://www.sec.gov/Archives/edgar/data/711377/000119312505168470/0001193125-05-168470-index.htm", "finalLink": "https://www.sec.gov/Archives/edgar/data/711377/000119312505168470/d10k.htm", "calculatedOtherExpenses": 0, "calculatedOperatingExpenses": 21834000, "calculatedNetInterest": 90000000, "calculatedOtherIncome": -89853000, "calculatedIncomeNonControlling": 0, "calculatedEbitda": 10472000}, {"date": "2004-05-31", "symbol": "NEOG", "reportedCurrency": "USD", "cik": "0000711377", "fillingDate": "2004-08-16", "acceptedDate": "2004-08-16 15:51:00", "calendarYear": "2004", "period": "FY", "revenue": 55498000, "costOfRevenue": 27989000, "grossProfit": 27509000, "grossProfitRatio": 0.4956755198, "researchAndDevelopmentExpenses": 2893000, "generalAndAdministrativeExpenses": 17074000, "sellingAndMarketingExpenses": 12052000000, "sellingGeneralAndAdministrativeExpenses": 17074000, "otherExpenses": 0, "operatingExpenses": 19967000, "costAndExpenses": 47956000, "interestIncome": 48000000, "interestExpense": -61000000, "depreciationAndAmortization": 1402000, "ebitda": 8799000, "ebitdaratio": 0.1585462539, "operatingIncome": 7542000, "operatingIncomeRatio": 0.1358967891, "totalOtherIncomeExpensesNet": 145000, "incomeBeforeTax": 7674000, "incomeBeforeTaxRatio": 0.1382752532, "incomeTaxExpense": 2575000, "netIncome": 5099000, "netIncomeRatio": 0.0918771848, "eps": 0.0583, "epsdiluted": 0.0567, "weightedAverageShsOut": 87411407, "weightedAverageShsOutDil": 89982330, "link": "https://www.sec.gov/Archives/edgar/data/711377/000119312504141736/0001193125-04-141736-index.htm", "finalLink": "https://www.sec.gov/Archives/edgar/data/711377/000119312504141736/d10k.htm", "calculatedOtherExpenses": 0, "calculatedOperatingExpenses": 19967000, "calculatedNetInterest": 109000000, "calculatedOtherIncome": -108868000, "calculatedIncomeNonControlling": 0, "calculatedEbitda": 8944000}, {"date": "2003-05-31", "symbol": "NEOG", "reportedCurrency": "USD", "cik": "0000711377", "fillingDate": "2003-08-29", "acceptedDate": "2003-08-29 11:46:03", "calendarYear": "2003", "period": "FY", "revenue": 46488000, "costOfRevenue": 21763000, "grossProfit": 24725000, "grossProfitRatio": 0.5318576837, "researchAndDevelopmentExpenses": 2914000, "generalAndAdministrativeExpenses": 15026000, "sellingAndMarketingExpenses": 10880000000, "sellingGeneralAndAdministrativeExpenses": 15026000, "otherExpenses": 0, "operatingExpenses": 17940000, "costAndExpenses": 39703000, "interestIncome": 98000000, "interestExpense": 0, "depreciationAndAmortization": 1136000, "ebitda": 7531000, "ebitdaratio": 0.1619987954, "operatingIncome": 6785000, "operatingIncomeRatio": 0.1459516434, "totalOtherIncomeExpensesNet": 390000, "incomeBeforeTax": 7273000, "incomeBeforeTaxRatio": 0.1564489761, "incomeTaxExpense": 2486000, "netIncome": 4787000, "netIncomeRatio": 0.1029728102, "eps": 0.0567, "epsdiluted": 0.0556, "weightedAverageShsOut": 84476449, "weightedAverageShsOutDil": 86165978, "link": "https://www.sec.gov/Archives/edgar/data/711377/000119312503043705/0001193125-03-043705-index.htm", "finalLink": "https://www.sec.gov/Archives/edgar/data/711377/000119312503043705/d10k.htm", "calculatedOtherExpenses": 0, "calculatedOperatingExpenses": 17940000, "calculatedNetInterest": 98000000, "calculatedOtherIncome": -97512000, "calculatedIncomeNonControlling": 0, "calculatedEbitda": 7921000}, {"date": "2002-05-31", "symbol": "NEOG", "reportedCurrency": "USD", "cik": "0000711377", "fillingDate": "2002-08-29", "acceptedDate": "2002-08-29 12:24:20", "calendarYear": "2002", "period": "FY", "revenue": 41097000, "costOfRevenue": 20196000, "grossProfit": 20901000, "grossProfitRatio": 0.5085772684, "researchAndDevelopmentExpenses": 2252000, "generalAndAdministrativeExpenses": 13149000, "sellingAndMarketingExpenses": 0, "sellingGeneralAndAdministrativeExpenses": 13149000, "otherExpenses": 0, "operatingExpenses": 15401000, "costAndExpenses": 35597000, "interestIncome": 0, "interestExpense": 0, "depreciationAndAmortization": 1071000, "ebitda": 6240000, "ebitdaratio": 0.1518359004, "operatingIncome": 5500000, "operatingIncomeRatio": 0.1338297199, "totalOtherIncomeExpensesNet": 331000, "incomeBeforeTax": 5960000, "incomeBeforeTaxRatio": 0.1450227511, "incomeTaxExpense": 2015000, "netIncome": 3945000, "netIncomeRatio": 0.0959924082, "eps": 0.0587, "epsdiluted": 0.0551, "weightedAverageShsOut": 67244301, "weightedAverageShsOutDil": 71582643, "link": "https://www.sec.gov/Archives/edgar/data/711377/000095013102003395/0000950131-02-003395-index.htm", "finalLink": "https://www.sec.gov/Archives/edgar/data/711377/000095013102003395/d10k.txt", "calculatedOtherExpenses": 0, "calculatedOperatingExpenses": 15401000, "calculatedNetInterest": 0, "calculatedOtherIncome": 460000, "calculatedIncomeNonControlling": 0, "calculatedEbitda": 6571000}, {"date": "2001-05-31", "symbol": "NEOG", "reportedCurrency": "USD", "cik": "0000711377", "fillingDate": "2001-08-28", "acceptedDate": "2001-08-28 00:00:00", "calendarYear": "2001", "period": "FY", "revenue": 34895000, "costOfRevenue": 17157000, "grossProfit": 17738000, "grossProfitRatio": 0.5083249749, "researchAndDevelopmentExpenses": 1838000, "generalAndAdministrativeExpenses": 11635000, "sellingAndMarketingExpenses": 0, "sellingGeneralAndAdministrativeExpenses": 11635000, "otherExpenses": 0, "operatingExpenses": 13473000, "costAndExpenses": 30630000, "interestIncome": 0, "interestExpense": 0, "depreciationAndAmortization": 1302000, "ebitda": 5306000, "ebitdaratio": 0.1520561685, "operatingIncome": 4265000, "operatingIncomeRatio": 0.1222238143, "totalOtherIncomeExpensesNet": 261000, "incomeBeforeTax": 4870000, "incomeBeforeTaxRatio": 0.1395615418, "incomeTaxExpense": 1700000, "netIncome": 3170000, "netIncomeRatio": 0.0908439605, "eps": 0.0489, "epsdiluted": 0.048, "weightedAverageShsOut": 64840893, "weightedAverageShsOutDil": 66041650, "link": "https://www.sec.gov/Archives/edgar/data/711377/000104596901500986/0001045969-01-500986-index.htm", "finalLink": "https://www.sec.gov/Archives/edgar/data/711377/000104596901500986/d10k.txt", "calculatedOtherExpenses": 0, "calculatedOperatingExpenses": 13473000, "calculatedNetInterest": 0, "calculatedOtherIncome": 605000, "calculatedIncomeNonControlling": 0, "calculatedEbitda": 5567000}, {"date": "2000-05-31", "symbol": "NEOG", "reportedCurrency": "USD", "cik": "0000711377", "fillingDate": "2000-08-14", "acceptedDate": "2000-08-14 00:00:00", "calendarYear": "2000", "period": "FY", "revenue": 23512000, "costOfRevenue": 9914000, "grossProfit": 13598000, "grossProfitRatio": 0.5783429738, "researchAndDevelopmentExpenses": 1600000, "generalAndAdministrativeExpenses": 8689000, "sellingAndMarketingExpenses": 0, "sellingGeneralAndAdministrativeExpenses": 8689000, "otherExpenses": 946000, "operatingExpenses": 11235000, "costAndExpenses": 21149000, "interestIncome": 0, "interestExpense": 0, "depreciationAndAmortization": 946000, "ebitda": 1937000, "ebitdaratio": 0.0823834638, "operatingIncome": 2363000, "operatingIncomeRatio": 0.1005018714, "totalOtherIncomeExpensesNet": 1372000, "incomeBeforeTax": 4284000, "incomeBeforeTaxRatio": 0.1822048316, "incomeTaxExpense": 1210000, "netIncome": 3074000, "netIncomeRatio": 0.1307417489, "eps": 0.0462, "epsdiluted": 0.0462, "weightedAverageShsOut": 66504791, "weightedAverageShsOutDil": 66504791, "link": "https://www.sec.gov/Archives/edgar/data/711377/000106731200000335/0001067312-00-000335-index.htm", "finalLink": "https://www.sec.gov/Archives/edgar/data/711377/000106731200000335/0001067312-00-000335-0001.txt", "calculatedOtherExpenses": 946000, "calculatedOperatingExpenses": 11235000, "calculatedNetInterest": 0, "calculatedOtherIncome": 1921000, "calculatedIncomeNonControlling": 0, "calculatedEbitda": 3309000}, {"date": "1999-05-31", "symbol": "NEOG", "reportedCurrency": "USD", "cik": "0000711377", "fillingDate": "1999-08-27", "acceptedDate": "1999-08-27 00:00:00", "calendarYear": "1999", "period": "FY", "revenue": 22200000, "costOfRevenue": 8600000, "grossProfit": 13600000, "grossProfitRatio": 0.6126126126, "researchAndDevelopmentExpenses": 1600000, "generalAndAdministrativeExpenses": 8500000, "sellingAndMarketingExpenses": 0, "sellingGeneralAndAdministrativeExpenses": 8500000, "otherExpenses": 900000, "operatingExpenses": 11000000, "costAndExpenses": 19600000, "interestIncome": 0, "interestExpense": 0, "depreciationAndAmortization": 900000, "ebitda": 3800000, "ebitdaratio": 0.1711711712, "operatingIncome": 2600000, "operatingIncomeRatio": 0.1171171171, "totalOtherIncomeExpensesNet": -300000, "incomeBeforeTax": 2700000, "incomeBeforeTaxRatio": 0.1216216216, "incomeTaxExpense": 400000, "netIncome": 2300000, "netIncomeRatio": 0.1036036036, "eps": 0.0329, "epsdiluted": 0.0329, "weightedAverageShsOut": 69932415, "weightedAverageShsOutDil": 69932415, "link": "https://www.sec.gov/Archives/edgar/data/711377/000088969799000140/0000889697-99-000140-index.html", "finalLink": "https://www.sec.gov/Archives/edgar/data/711377/000088969799000140/", "calculatedOtherExpenses": 900000, "calculatedOperatingExpenses": 11000000, "calculatedNetInterest": 0, "calculatedOtherIncome": 100000, "calculatedIncomeNonControlling": 0, "calculatedEbitda": 3500000}, {"date": "1998-05-31", "symbol": "NEOG", "reportedCurrency": "USD", "cik": "0000711377", "fillingDate": "1998-08-21", "acceptedDate": "1998-08-21 00:00:00", "calendarYear": "1998", "period": "FY", "revenue": 18500000, "costOfRevenue": 7200000, "grossProfit": 11300000, "grossProfitRatio": 0.6108108108, "researchAndDevelopmentExpenses": 1400000, "generalAndAdministrativeExpenses": 7600000, "sellingAndMarketingExpenses": 0, "sellingGeneralAndAdministrativeExpenses": 7600000, "otherExpenses": 700000, "operatingExpenses": 9700000, "costAndExpenses": 16900000, "interestIncome": 0, "interestExpense": 0, "depreciationAndAmortization": 700000, "ebitda": 1400000, "ebitdaratio": 0.0756756757, "operatingIncome": 1600000, "operatingIncomeRatio": 0.0864864865, "totalOtherIncomeExpensesNet": 900000, "incomeBeforeTax": 2300000, "incomeBeforeTaxRatio": 0.1243243243, "incomeTaxExpense": 100000, "netIncome": 2200000, "netIncomeRatio": 0.1189189189, "eps": 0.032, "epsdiluted": 0.0311, "weightedAverageShsOut": 68749983, "weightedAverageShsOutDil": 70714268, "link": "https://www.sec.gov/Archives/edgar/data/711377/000088969798000271/0000889697-98-000271-index.html", "finalLink": "https://www.sec.gov/Archives/edgar/data/711377/", "calculatedOtherExpenses": 700000, "calculatedOperatingExpenses": 9700000, "calculatedNetInterest": 0, "calculatedOtherIncome": 700000, "calculatedIncomeNonControlling": 0, "calculatedEbitda": 2300000}, {"date": "1997-05-31", "symbol": "NEOG", "reportedCurrency": "USD", "cik": "0000711377", "fillingDate": "1997-08-21", "acceptedDate": "1997-08-21 00:00:00", "calendarYear": "1997", "period": "FY", "revenue": 15300000, "costOfRevenue": 5600000, "grossProfit": 9700000, "grossProfitRatio": 0.6339869281, "researchAndDevelopmentExpenses": 1300000, "generalAndAdministrativeExpenses": 6400000, "sellingAndMarketingExpenses": 0, "sellingGeneralAndAdministrativeExpenses": 6400000, "otherExpenses": 600000, "operatingExpenses": 8300000, "costAndExpenses": 13900000, "interestIncome": 0, "interestExpense": 0, "depreciationAndAmortization": 600000, "ebitda": 1400000, "ebitdaratio": 0.091503268, "operatingIncome": 1400000, "operatingIncomeRatio": 0.091503268, "totalOtherIncomeExpensesNet": 600000, "incomeBeforeTax": 1900000, "incomeBeforeTaxRatio": 0.1241830065, "incomeTaxExpense": 100000, "netIncome": 1800000, "netIncomeRatio": 0.1176470588, "eps": 0.0284, "epsdiluted": 0.0284, "weightedAverageShsOut": 63281234, "weightedAverageShsOutDil": 63281234, "link": "https://www.sec.gov/Archives/edgar/data/711377/000095012497004433/0000950124-97-004433-index.html", "finalLink": "https://www.sec.gov/Archives/edgar/data/711377/", "calculatedOtherExpenses": 600000, "calculatedOperatingExpenses": 8300000, "calculatedNetInterest": 0, "calculatedOtherIncome": 500000, "calculatedIncomeNonControlling": 0, "calculatedEbitda": 2000000}, {"date": "1996-05-31", "symbol": "NEOG", "reportedCurrency": "USD", "cik": "0000711377", "fillingDate": "1996-08-26", "acceptedDate": "1996-08-26 00:00:00", "calendarYear": "1996", "period": "FY", "revenue": 12500000, "costOfRevenue": 5000000, "grossProfit": 7500000, "grossProfitRatio": 0.6, "researchAndDevelopmentExpenses": 1200000, "generalAndAdministrativeExpenses": 5300000, "sellingAndMarketingExpenses": 0, "sellingGeneralAndAdministrativeExpenses": 5300000, "otherExpenses": 500000, "operatingExpenses": 7000000, "costAndExpenses": 12000000, "interestIncome": 0, "interestExpense": 0, "depreciationAndAmortization": 500000, "ebitda": 1500000, "ebitdaratio": 0.12, "operatingIncome": 500000, "operatingIncomeRatio": 0.04, "totalOtherIncomeExpensesNet": -500000, "incomeBeforeTax": 0, "incomeBeforeTaxRatio": 0, "incomeTaxExpense": 700000, "netIncome": -200000, "netIncomeRatio": -0.016, "eps": -0.0056, "epsdiluted": -0.0036, "weightedAverageShsOut": 35999991, "weightedAverageShsOutDil": 56221875, "link": "https://www.sec.gov/Archives/edgar/data/711377/000095012496003762/0000950124-96-003762-index.html", "finalLink": "https://www.sec.gov/Archives/edgar/data/711377/", "calculatedOtherExpenses": 500000, "calculatedOperatingExpenses": 7000000, "calculatedNetInterest": 0, "calculatedOtherIncome": -500000, "calculatedIncomeNonControlling": -500000, "calculatedEbitda": 1000000}, {"date": "1995-05-31", "symbol": "NEOG", "reportedCurrency": "USD", "cik": "0000711377", "fillingDate": "1995-05-31", "acceptedDate": "1995-05-30 20:00:00", "calendarYear": "1995", "period": "FY", "revenue": 11700000, "costOfRevenue": 4700000, "grossProfit": 7000000, "grossProfitRatio": 0.5982905983, "researchAndDevelopmentExpenses": 0, "generalAndAdministrativeExpenses": 0, "sellingAndMarketingExpenses": 0, "sellingGeneralAndAdministrativeExpenses": 5900000, "otherExpenses": 500000, "operatingExpenses": 6400000, "costAndExpenses": 11100000, "interestIncome": 0, "interestExpense": 0, "depreciationAndAmortization": 500000, "ebitda": 900000, "ebitdaratio": 0.0769230769, "operatingIncome": 600000, "operatingIncomeRatio": 0.0512820513, "totalOtherIncomeExpensesNet": 200000, "incomeBeforeTax": 800000, "incomeBeforeTaxRatio": 0.0683760684, "incomeTaxExpense": -100000, "netIncome": 700000, "netIncomeRatio": 0.0598290598, "eps": 0.0133, "epsdiluted": 0.0133, "weightedAverageShsOut": 52473750, "weightedAverageShsOutDil": 52473750, "link": "", "finalLink": "", "calculatedOtherExpenses": 500000, "calculatedOperatingExpenses": 6400000, "calculatedNetInterest": 0, "calculatedOtherIncome": 200000, "calculatedIncomeNonControlling": 200000, "calculatedEbitda": 1100000}, {"date": "1994-05-31", "symbol": "NEOG", "reportedCurrency": "USD", "cik": "0000711377", "fillingDate": "1994-05-31", "acceptedDate": "1994-05-30 20:00:00", "calendarYear": "1994", "period": "FY", "revenue": 10700000, "costOfRevenue": 4300000, "grossProfit": 6400000, "grossProfitRatio": 0.5981308411, "researchAndDevelopmentExpenses": 0, "generalAndAdministrativeExpenses": 0, "sellingAndMarketingExpenses": 0, "sellingGeneralAndAdministrativeExpenses": 5100000, "otherExpenses": 400000, "operatingExpenses": 5500000, "costAndExpenses": 9800000, "interestIncome": 0, "interestExpense": 0, "depreciationAndAmortization": 400000, "ebitda": 1300000, "ebitdaratio": 0.1214953271, "operatingIncome": 900000, "operatingIncomeRatio": 0.0841121495, "totalOtherIncomeExpensesNet": 0, "incomeBeforeTax": 0, "incomeBeforeTaxRatio": 0, "incomeTaxExpense": 0, "netIncome": 900000, "netIncomeRatio": 0.0841121495, "eps": 0.0169, "epsdiluted": 0.0169, "weightedAverageShsOut": 53262829, "weightedAverageShsOutDil": 53262829, "link": "", "finalLink": "", "calculatedOtherExpenses": 400000, "calculatedOperatingExpenses": 5500000, "calculatedNetInterest": 0, "calculatedOtherIncome": -900000, "calculatedIncomeNonControlling": -900000, "calculatedEbitda": 1300000}, {"date": "1993-05-31", "symbol": "NEOG", "reportedCurrency": "USD", "cik": "0000711377", "fillingDate": "1993-05-31", "acceptedDate": "1993-05-30 20:00:00", "calendarYear": "1993", "period": "FY", "revenue": 7600000, "costOfRevenue": 3500000, "grossProfit": 4100000, "grossProfitRatio": 0.5394736842, "researchAndDevelopmentExpenses": 0, "generalAndAdministrativeExpenses": 0, "sellingAndMarketingExpenses": 0, "sellingGeneralAndAdministrativeExpenses": 4500000, "otherExpenses": 300000, "operatingExpenses": 4800000, "costAndExpenses": 8300000, "interestIncome": 0, "interestExpense": 0, "depreciationAndAmortization": 300000, "ebitda": -600000, "ebitdaratio": -0.0789473684, "operatingIncome": -700000, "operatingIncomeRatio": -0.0921052632, "totalOtherIncomeExpensesNet": 200000, "incomeBeforeTax": -500000, "incomeBeforeTaxRatio": -0.0657894737, "incomeTaxExpense": -200000, "netIncome": -500000, "netIncomeRatio": -0.0657894737, "eps": -0.0116, "epsdiluted": -0.0116, "weightedAverageShsOut": 43247596, "weightedAverageShsOutDil": 43247596, "link": "", "finalLink": "", "calculatedOtherExpenses": 300000, "calculatedOperatingExpenses": 4800000, "calculatedNetInterest": 0, "calculatedOtherIncome": 200000, "calculatedIncomeNonControlling": 200000, "calculatedEbitda": -400000}, {"date": "1992-05-31", "symbol": "NEOG", "reportedCurrency": "USD", "cik": "0000711377", "fillingDate": "1992-05-31", "acceptedDate": "1992-05-30 20:00:00", "calendarYear": "1992", "period": "FY", "revenue": 6600000, "costOfRevenue": 3400000, "grossProfit": 3200000, "grossProfitRatio": 0.4848484848, "researchAndDevelopmentExpenses": 0, "generalAndAdministrativeExpenses": 0, "sellingAndMarketingExpenses": 0, "sellingGeneralAndAdministrativeExpenses": 3900000, "otherExpenses": 300000, "operatingExpenses": 4200000, "costAndExpenses": 7600000, "interestIncome": 0, "interestExpense": 0, "depreciationAndAmortization": 300000, "ebitda": -900000, "ebitdaratio": -0.1363636364, "operatingIncome": -1000000, "operatingIncomeRatio": -0.1515151515, "totalOtherIncomeExpensesNet": 200000, "incomeBeforeTax": -800000, "incomeBeforeTaxRatio": -0.1212121212, "incomeTaxExpense": -200000, "netIncome": -800000, "netIncomeRatio": -0.1212121212, "eps": -0.0187, "epsdiluted": -0.0187, "weightedAverageShsOut": 42835714, "weightedAverageShsOutDil": 42835714, "link": "", "finalLink": "", "calculatedOtherExpenses": 300000, "calculatedOperatingExpenses": 4200000, "calculatedNetInterest": 0, "calculatedOtherIncome": 200000, "calculatedIncomeNonControlling": 200000, "calculatedEbitda": -700000}, {"date": "1991-05-31", "symbol": "NEOG", "reportedCurrency": "USD", "cik": "0000711377", "fillingDate": "1991-05-31", "acceptedDate": "1991-05-30 20:00:00", "calendarYear": "1991", "period": "FY", "revenue": 6000000, "costOfRevenue": 3100000, "grossProfit": 2900000, "grossProfitRatio": 0.4833333333, "researchAndDevelopmentExpenses": 0, "generalAndAdministrativeExpenses": 0, "sellingAndMarketingExpenses": 0, "sellingGeneralAndAdministrativeExpenses": 3900000, "otherExpenses": 200000, "operatingExpenses": 4100000, "costAndExpenses": 7200000, "interestIncome": 0, "interestExpense": 0, "depreciationAndAmortization": 200000, "ebitda": -1600000, "ebitdaratio": -0.2666666667, "operatingIncome": -1200000, "operatingIncomeRatio": -0.2, "totalOtherIncomeExpensesNet": 600000, "incomeBeforeTax": -600000, "incomeBeforeTaxRatio": -0.1, "incomeTaxExpense": -400000, "netIncome": -800000, "netIncomeRatio": -0.1333333333, "eps": -0.0178, "epsdiluted": -0.0178, "weightedAverageShsOut": 44977500, "weightedAverageShsOutDil": 44977500, "link": "", "finalLink": "", "calculatedOtherExpenses": 200000, "calculatedOperatingExpenses": 4100000, "calculatedNetInterest": 0, "calculatedOtherIncome": 600000, "calculatedIncomeNonControlling": 600000, "calculatedEbitda": -1000000}, {"date": "1990-05-31", "symbol": "NEOG", "reportedCurrency": "USD", "cik": "0000711377", "fillingDate": "1990-05-31", "acceptedDate": "1990-05-30 20:00:00", "calendarYear": "1990", "period": "FY", "revenue": 6000000, "costOfRevenue": 3100000, "grossProfit": 2900000, "grossProfitRatio": 0.4833333333, "researchAndDevelopmentExpenses": 0, "generalAndAdministrativeExpenses": 0, "sellingAndMarketingExpenses": 0, "sellingGeneralAndAdministrativeExpenses": 3600000, "otherExpenses": 300000, "operatingExpenses": 3900000, "costAndExpenses": 7000000, "interestIncome": 0, "interestExpense": 0, "depreciationAndAmortization": 300000, "ebitda": -1700000, "ebitdaratio": -0.2833333333, "operatingIncome": -1000000, "operatingIncomeRatio": -0.1666666667, "totalOtherIncomeExpensesNet": 1000000, "incomeBeforeTax": 0, "incomeBeforeTaxRatio": 0, "incomeTaxExpense": -800000, "netIncome": -200000, "netIncomeRatio": -0.0333333333, "eps": -0.0044, "epsdiluted": -0.0044, "weightedAverageShsOut": 44977500, "weightedAverageShsOutDil": 44977500, "link": "", "finalLink": "", "calculatedOtherExpenses": 300000, "calculatedOperatingExpenses": 3900000, "calculatedNetInterest": 0, "calculatedOtherIncome": 1000000, "calculatedIncomeNonControlling": 1000000, "calculatedEbitda": -700000}, {"date": "1989-05-31", "symbol": "NEOG", "reportedCurrency": "USD", "cik": "0000711377", "fillingDate": "1989-05-31", "acceptedDate": "1989-05-30 20:00:00", "calendarYear": "1989", "period": "FY", "revenue": 6200000, "costOfRevenue": 3000000, "grossProfit": 3200000, "grossProfitRatio": 0.5161290323, "researchAndDevelopmentExpenses": 0, "generalAndAdministrativeExpenses": 0, "sellingAndMarketingExpenses": 0, "sellingGeneralAndAdministrativeExpenses": 3100000, "otherExpenses": 300000, "operatingExpenses": 3400000, "costAndExpenses": 6400000, "interestIncome": 0, "interestExpense": 0, "depreciationAndAmortization": 300000, "ebitda": 100000, "ebitdaratio": 0.0161290323, "operatingIncome": -200000, "operatingIncomeRatio": -0.0322580645, "totalOtherIncomeExpensesNet": 0, "incomeBeforeTax": 0, "incomeBeforeTaxRatio": 0, "incomeTaxExpense": 300000, "netIncome": -500000, "netIncomeRatio": -0.0806451613, "eps": -0.0205, "epsdiluted": -0.0205, "weightedAverageShsOut": 24444293, "weightedAverageShsOutDil": 24444293, "link": "", "finalLink": "", "calculatedOtherExpenses": 300000, "calculatedOperatingExpenses": 3400000, "calculatedNetInterest": 0, "calculatedOtherIncome": 200000, "calculatedIncomeNonControlling": 200000, "calculatedEbitda": 100000}, {"date": "1988-05-31", "symbol": "NEOG", "reportedCurrency": "USD", "cik": "0000711377", "fillingDate": "1988-05-31", "acceptedDate": "1988-05-30 20:00:00", "calendarYear": "1988", "period": "FY", "revenue": 4800000, "costOfRevenue": 2700000, "grossProfit": 2100000, "grossProfitRatio": 0.4375, "researchAndDevelopmentExpenses": 0, "generalAndAdministrativeExpenses": 0, "sellingAndMarketingExpenses": 0, "sellingGeneralAndAdministrativeExpenses": 2600000, "otherExpenses": 300000, "operatingExpenses": 2900000, "costAndExpenses": 5600000, "interestIncome": 0, "interestExpense": 0, "depreciationAndAmortization": 300000, "ebitda": -400000, "ebitdaratio": -0.0833333333, "operatingIncome": -800000, "operatingIncomeRatio": -0.1666666667, "totalOtherIncomeExpensesNet": -100000, "incomeBeforeTax": -900000, "incomeBeforeTaxRatio": -0.1875, "incomeTaxExpense": 300000, "netIncome": -1100000, "netIncomeRatio": -0.2291666667, "eps": -0.0534, "epsdiluted": -0.0534, "weightedAverageShsOut": 20614688, "weightedAverageShsOutDil": 20614688, "link": "", "finalLink": "", "calculatedOtherExpenses": 300000, "calculatedOperatingExpenses": 2900000, "calculatedNetInterest": 0, "calculatedOtherIncome": -100000, "calculatedIncomeNonControlling": -100000, "calculatedEbitda": -500000}]}