{"originalCurrency": "USD", "convertedCurrency": "USD", "report": [{"date": "2023-12-31", "symbol": "NEP", "reportedCurrency": "USD", "cik": "0001603145", "fillingDate": "2024-02-21", "acceptedDate": "2024-02-20 21:45:09", "calendarYear": "2023", "period": "FY", "revenue": 1078000000, "costOfRevenue": 1041000000, "grossProfit": 37000000, "grossProfitRatio": 0.03432282, "researchAndDevelopmentExpenses": 0, "generalAndAdministrativeExpenses": 0, "sellingAndMarketingExpenses": 0, "sellingGeneralAndAdministrativeExpenses": 2000000, "otherExpenses": -65000000, "operatingExpenses": 65000000, "costAndExpenses": 1106000000, "interestIncome": 0, "interestExpense": 394000000, "depreciationAndAmortization": 603000000, "ebitda": 575000000, "ebitdaratio": 0.5333951763, "operatingIncome": -28000000, "operatingIncomeRatio": -0.025974026, "totalOtherIncomeExpensesNet": -229000000, "incomeBeforeTax": -257000000, "incomeBeforeTaxRatio": -0.2384044527, "incomeTaxExpense": -25000000, "netIncome": 200000000, "netIncomeRatio": 0.185528757, "eps": -1.91, "epsdiluted": -1.91, "weightedAverageShsOut": 91600000, "weightedAverageShsOutDil": 91600000, "link": "https://www.sec.gov/Archives/edgar/data/1603145/000160314524000005/0001603145-24-000005-index.htm", "finalLink": "https://www.sec.gov/Archives/edgar/data/1603145/000160314524000005/nep-20231231.htm", "calculatedOtherExpenses": 63000000, "calculatedOperatingExpenses": 65000000, "calculatedNetInterest": -394000000, "calculatedOtherIncome": 165000000, "calculatedIncomeNonControlling": -432000000, "calculatedEbitda": 575000000}, {"date": "2022-12-31", "symbol": "NEP", "reportedCurrency": "USD", "cik": "0001603145", "fillingDate": "2023-02-23", "acceptedDate": "2023-02-23 17:21:17", "calendarYear": "2022", "period": "FY", "revenue": 1211000000, "costOfRevenue": 571000000, "grossProfit": 640000000, "grossProfitRatio": 0.5284888522, "researchAndDevelopmentExpenses": 0, "generalAndAdministrativeExpenses": 0, "sellingAndMarketingExpenses": 0, "sellingGeneralAndAdministrativeExpenses": 2000000, "otherExpenses": 479000000, "operatingExpenses": 479000000, "costAndExpenses": 1050000000, "interestIncome": 853000000, "interestExpense": 853000000, "depreciationAndAmortization": 573000000, "ebitda": 698000000, "ebitdaratio": 0.5763831544, "operatingIncome": 125000000, "operatingIncomeRatio": 0.1032204789, "totalOtherIncomeExpensesNet": 1167000000, "incomeBeforeTax": 1292000000, "incomeBeforeTaxRatio": 1.0668868704, "incomeTaxExpense": 171000000, "netIncome": 1121000000, "netIncomeRatio": 0.9256812552, "eps": 13.2, "epsdiluted": 13.2, "weightedAverageShsOut": 84900000, "weightedAverageShsOutDil": 84900000, "link": "https://www.sec.gov/Archives/edgar/data/1603145/000160314523000005/0001603145-23-000005-index.htm", "finalLink": "https://www.sec.gov/Archives/edgar/data/1603145/000160314523000005/nep-20221231.htm", "calculatedOtherExpenses": 513000000, "calculatedOperatingExpenses": 515000000, "calculatedNetInterest": 0, "calculatedOtherIncome": 1167000000, "calculatedIncomeNonControlling": 0, "calculatedEbitda": 698000000}, {"date": "2021-12-31", "symbol": "NEP", "reportedCurrency": "USD", "cik": "0001603145", "fillingDate": "2022-02-23", "acceptedDate": "2022-02-22 18:07:46", "calendarYear": "2021", "period": "FY", "revenue": 982000000, "costOfRevenue": 419000000, "grossProfit": 563000000, "grossProfitRatio": 0.5733197556, "researchAndDevelopmentExpenses": 0, "generalAndAdministrativeExpenses": 0, "sellingAndMarketingExpenses": 0, "sellingGeneralAndAdministrativeExpenses": 3000000, "otherExpenses": 329000000, "operatingExpenses": 329000000, "costAndExpenses": 748000000, "interestIncome": 47000000, "interestExpense": 47000000, "depreciationAndAmortization": 405000000, "ebitda": 639000000, "ebitdaratio": 0.650712831, "operatingIncome": 234000000, "operatingIncomeRatio": 0.2382892057, "totalOtherIncomeExpensesNet": 238000000, "incomeBeforeTax": 472000000, "incomeBeforeTaxRatio": 0.4806517312, "incomeTaxExpense": 48000000, "netIncome": 424000000, "netIncomeRatio": 0.4317718941, "eps": 5.49, "epsdiluted": 5.48, "weightedAverageShsOut": 77200000, "weightedAverageShsOutDil": 77400000, "link": "https://www.sec.gov/Archives/edgar/data/1603145/000160314522000012/0001603145-22-000012-index.htm", "finalLink": "https://www.sec.gov/Archives/edgar/data/1603145/000160314522000012/nep-20211231.htm", "calculatedOtherExpenses": 326000000, "calculatedOperatingExpenses": 329000000, "calculatedNetInterest": 0, "calculatedOtherIncome": 238000000, "calculatedIncomeNonControlling": 0, "calculatedEbitda": 639000000}, {"date": "2020-12-31", "symbol": "NEP", "reportedCurrency": "USD", "cik": "0001603145", "fillingDate": "2021-02-16", "acceptedDate": "2021-02-16 17:24:22", "calendarYear": "2020", "period": "FY", "revenue": 917000000, "costOfRevenue": 363000000, "grossProfit": 554000000, "grossProfitRatio": 0.6041439477, "researchAndDevelopmentExpenses": 0, "generalAndAdministrativeExpenses": 0, "sellingAndMarketingExpenses": 0, "sellingGeneralAndAdministrativeExpenses": 3000000, "otherExpenses": 301000000, "operatingExpenses": 301000000, "costAndExpenses": 664000000, "interestIncome": 620000000, "interestExpense": 620000000, "depreciationAndAmortization": 374000000, "ebitda": 737000000, "ebitdaratio": 0.8037077426, "operatingIncome": 363000000, "operatingIncomeRatio": 0.3958560523, "totalOtherIncomeExpensesNet": -620000000, "incomeBeforeTax": -257000000, "incomeBeforeTaxRatio": -0.280261723, "incomeTaxExpense": -19000000, "netIncome": -238000000, "netIncomeRatio": -0.2595419847, "eps": -3.48, "epsdiluted": -3.48, "weightedAverageShsOut": 68400000, "weightedAverageShsOutDil": 68400000, "link": "https://www.sec.gov/Archives/edgar/data/1603145/000160314521000008/0001603145-21-000008-index.htm", "finalLink": "https://www.sec.gov/Archives/edgar/data/1603145/000160314521000008/nep-20201231.htm", "calculatedOtherExpenses": 188000000, "calculatedOperatingExpenses": 191000000, "calculatedNetInterest": 0, "calculatedOtherIncome": -620000000, "calculatedIncomeNonControlling": 0, "calculatedEbitda": 737000000}, {"date": "2019-12-31", "symbol": "NEP", "reportedCurrency": "USD", "cik": "0001603145", "fillingDate": "2020-02-18", "acceptedDate": "2020-02-18 16:38:03", "calendarYear": "2019", "period": "FY", "revenue": 855000000, "costOfRevenue": 336000000, "grossProfit": 519000000, "grossProfitRatio": 0.6070175439, "researchAndDevelopmentExpenses": 0, "generalAndAdministrativeExpenses": 0, "sellingAndMarketingExpenses": 0, "sellingGeneralAndAdministrativeExpenses": 3000000, "otherExpenses": 286000000, "operatingExpenses": 286000000, "costAndExpenses": 622000000, "interestIncome": 702000000, "interestExpense": 702000000, "depreciationAndAmortization": 370000000, "ebitda": 603000000, "ebitdaratio": 0.7052631579, "operatingIncome": 233000000, "operatingIncomeRatio": 0.2725146199, "totalOtherIncomeExpensesNet": -663000000, "incomeBeforeTax": -430000000, "incomeBeforeTaxRatio": -0.5029239766, "incomeTaxExpense": -26000000, "netIncome": -404000000, "netIncomeRatio": -0.4725146199, "eps": -6.87, "epsdiluted": -6.87, "weightedAverageShsOut": 58800000, "weightedAverageShsOutDil": 58800000, "link": "https://www.sec.gov/Archives/edgar/data/1603145/000160314520000006/0001603145-20-000006-index.htm", "finalLink": "https://www.sec.gov/Archives/edgar/data/1603145/000160314520000006/nep-12312019x10k.htm", "calculatedOtherExpenses": 283000000, "calculatedOperatingExpenses": 286000000, "calculatedNetInterest": 0, "calculatedOtherIncome": -663000000, "calculatedIncomeNonControlling": 0, "calculatedEbitda": 603000000}, {"date": "2018-12-31", "symbol": "NEP", "reportedCurrency": "USD", "cik": "0001603145", "fillingDate": "2019-02-19", "acceptedDate": "2019-02-19 16:40:45", "calendarYear": "2018", "period": "FY", "revenue": 771000000, "costOfRevenue": 257000000, "grossProfit": 514000000, "grossProfitRatio": 0.6666666667, "researchAndDevelopmentExpenses": 0, "generalAndAdministrativeExpenses": 0, "sellingAndMarketingExpenses": 0, "sellingGeneralAndAdministrativeExpenses": 2000000, "otherExpenses": 22000000, "operatingExpenses": 224000000, "costAndExpenses": 481000000, "interestIncome": 0, "interestExpense": 248000000, "depreciationAndAmortization": 203000000, "ebitda": 571000000, "ebitdaratio": 0.7405966278, "operatingIncome": 443000000, "operatingIncomeRatio": 0.5745784695, "totalOtherIncomeExpensesNet": 231000000, "incomeBeforeTax": 273000000, "incomeBeforeTaxRatio": 0.3540856031, "incomeTaxExpense": 6000000, "netIncome": 192000000, "netIncomeRatio": 0.2490272374, "eps": 2.57, "epsdiluted": 2.57, "weightedAverageShsOut": 74600000, "weightedAverageShsOutDil": 74600000, "link": "https://www.sec.gov/Archives/edgar/data/1603145/000160314519000014/0001603145-19-000014-index.htm", "finalLink": "https://www.sec.gov/Archives/edgar/data/1603145/000160314519000014/nep1231201810k.htm", "calculatedOtherExpenses": 69000000, "calculatedOperatingExpenses": 71000000, "calculatedNetInterest": -248000000, "calculatedOtherIncome": 78000000, "calculatedIncomeNonControlling": 75000000, "calculatedEbitda": 646000000}, {"date": "2017-12-31", "symbol": "NEP", "reportedCurrency": "USD", "cik": "0001603145", "fillingDate": "2018-02-21", "acceptedDate": "2018-02-21 09:46:15", "calendarYear": "2017", "period": "FY", "revenue": 807000000, "costOfRevenue": 253000000, "grossProfit": 554000000, "grossProfitRatio": 0.6864931846, "researchAndDevelopmentExpenses": 0, "generalAndAdministrativeExpenses": 0, "sellingAndMarketingExpenses": 0, "sellingGeneralAndAdministrativeExpenses": 0, "otherExpenses": 117000000, "operatingExpenses": 247000000, "costAndExpenses": 500000000, "interestIncome": 0, "interestExpense": 199000000, "depreciationAndAmortization": 226000000, "ebitda": 701000000, "ebitdaratio": 0.8686493185, "operatingIncome": 307000000, "operatingIncomeRatio": 0.3804213135, "totalOtherIncomeExpensesNet": 168000000, "incomeBeforeTax": 276000000, "incomeBeforeTaxRatio": 0.3420074349, "incomeTaxExpense": 167000000, "netIncome": -62000000, "netIncomeRatio": -0.0768277571, "eps": -1.14, "epsdiluted": -1.14, "weightedAverageShsOut": 54200000, "weightedAverageShsOutDil": 54200000, "link": "https://www.sec.gov/Archives/edgar/data/1603145/000160314518000007/0001603145-18-000007-index.htm", "finalLink": "https://www.sec.gov/Archives/edgar/data/1603145/000160314518000007/nep1231201710k.htm", "calculatedOtherExpenses": 247000000, "calculatedOperatingExpenses": 247000000, "calculatedNetInterest": -199000000, "calculatedOtherIncome": 168000000, "calculatedIncomeNonControlling": 171000000, "calculatedEbitda": 533000000}, {"date": "2016-12-31", "symbol": "NEP", "reportedCurrency": "USD", "cik": "0001603145", "fillingDate": "2017-02-23", "acceptedDate": "2017-02-23 16:03:22", "calendarYear": "2016", "period": "FY", "revenue": 715000000, "costOfRevenue": 202000000, "grossProfit": 513000000, "grossProfitRatio": 0.7174825175, "researchAndDevelopmentExpenses": 0, "generalAndAdministrativeExpenses": 0, "sellingAndMarketingExpenses": 0, "sellingGeneralAndAdministrativeExpenses": 0, "otherExpenses": 53000000, "operatingExpenses": 223000000, "costAndExpenses": 425000000, "interestIncome": 0, "interestExpense": 140000000, "depreciationAndAmortization": 205000000, "ebitda": 564000000, "ebitdaratio": 0.7888111888, "operatingIncome": 290000000, "operatingIncomeRatio": 0.4055944056, "totalOtherIncomeExpensesNet": 258000000, "incomeBeforeTax": 408000000, "incomeBeforeTaxRatio": 0.5706293706, "incomeTaxExpense": 51000000, "netIncome": 90000000, "netIncomeRatio": 0.1258741259, "eps": 2.05, "epsdiluted": 2.05, "weightedAverageShsOut": 43800000, "weightedAverageShsOutDil": 43800000, "link": "https://www.sec.gov/Archives/edgar/data/1603145/000160314517000013/0001603145-17-000013-index.htm", "finalLink": "https://www.sec.gov/Archives/edgar/data/1603145/000160314517000013/nep1231201610k.htm", "calculatedOtherExpenses": 223000000, "calculatedOperatingExpenses": 223000000, "calculatedNetInterest": -140000000, "calculatedOtherIncome": 258000000, "calculatedIncomeNonControlling": 267000000, "calculatedEbitda": 495000000}, {"date": "2015-12-31", "symbol": "NEP", "reportedCurrency": "USD", "cik": "0001603145", "fillingDate": "2016-02-19", "acceptedDate": "2016-02-19 17:32:16", "calendarYear": "2015", "period": "FY", "revenue": 471000000, "costOfRevenue": 99000000, "grossProfit": 372000000, "grossProfitRatio": 0.7898089172, "researchAndDevelopmentExpenses": 0, "generalAndAdministrativeExpenses": 0, "sellingAndMarketingExpenses": 0, "sellingGeneralAndAdministrativeExpenses": 0, "otherExpenses": 5000000, "operatingExpenses": 157000000, "costAndExpenses": 256000000, "interestIncome": 0, "interestExpense": 117000000, "depreciationAndAmortization": 141000000, "ebitda": 359000000, "ebitdaratio": 0.7622080679, "operatingIncome": 215000000, "operatingIncomeRatio": 0.4564755839, "totalOtherIncomeExpensesNet": 3000000, "incomeBeforeTax": 101000000, "incomeBeforeTaxRatio": 0.2144373673, "incomeTaxExpense": 21000000, "netIncome": 10000000, "netIncomeRatio": 0.0212314225, "eps": 0.46, "epsdiluted": 0.46, "weightedAverageShsOut": 22800000, "weightedAverageShsOutDil": 22800000, "link": "https://www.sec.gov/Archives/edgar/data/1603145/000160314516000139/0001603145-16-000139-index.htm", "finalLink": "https://www.sec.gov/Archives/edgar/data/1603145/000160314516000139/nep1231201510k.htm", "calculatedOtherExpenses": 157000000, "calculatedOperatingExpenses": 157000000, "calculatedNetInterest": -117000000, "calculatedOtherIncome": 3000000, "calculatedIncomeNonControlling": 70000000, "calculatedEbitda": 356000000}, {"date": "2014-12-31", "symbol": "NEP", "reportedCurrency": "USD", "cik": "0001603145", "fillingDate": "2015-02-20", "acceptedDate": "2015-02-20 17:21:56", "calendarYear": "2014", "period": "FY", "revenue": 301000000, "costOfRevenue": 56000000, "grossProfit": 245000000, "grossProfitRatio": 0.8139534884, "researchAndDevelopmentExpenses": 0, "generalAndAdministrativeExpenses": 0, "sellingAndMarketingExpenses": 0, "sellingGeneralAndAdministrativeExpenses": 16000000, "otherExpenses": 83000000, "operatingExpenses": 83000000, "costAndExpenses": 139000000, "interestIncome": 0, "interestExpense": 93000000, "depreciationAndAmortization": 76000000, "ebitda": 238000000, "ebitdaratio": 0.7906976744, "operatingIncome": 162000000, "operatingIncomeRatio": 0.5382059801, "totalOtherIncomeExpensesNet": -93000000, "incomeBeforeTax": 69000000, "incomeBeforeTaxRatio": 0.2292358804, "incomeTaxExpense": 16000000, "netIncome": 3000000, "netIncomeRatio": 0.0099667774, "eps": 0.16, "epsdiluted": 0.16, "weightedAverageShsOut": 18700000, "weightedAverageShsOutDil": 18700000, "link": "https://www.sec.gov/Archives/edgar/data/1603145/000160314515000019/0001603145-15-000019-index.htm", "finalLink": "https://www.sec.gov/Archives/edgar/data/1603145/000160314515000019/nep-12312014x10k.htm", "calculatedOtherExpenses": 67000000, "calculatedOperatingExpenses": 83000000, "calculatedNetInterest": -93000000, "calculatedOtherIncome": 0, "calculatedIncomeNonControlling": 50000000, "calculatedEbitda": 238000000}, {"date": "2013-12-31", "symbol": "NEP", "reportedCurrency": "USD", "cik": "0001603145", "fillingDate": "2013-12-31", "acceptedDate": "2013-12-30 19:00:00", "calendarYear": "2013", "period": "FY", "revenue": 141796000, "costOfRevenue": 29640000, "grossProfit": 112156000, "grossProfitRatio": 0.7909673051, "researchAndDevelopmentExpenses": 0, "generalAndAdministrativeExpenses": 0, "sellingAndMarketingExpenses": 0, "sellingGeneralAndAdministrativeExpenses": 8000000, "otherExpenses": 77000, "operatingExpenses": 46294000, "costAndExpenses": 75934000, "interestIncome": 0, "interestExpense": 41637000, "depreciationAndAmortization": 38928000, "ebitda": 105366000, "ebitdaratio": 0.7430816102, "operatingIncome": 65862000, "operatingIncomeRatio": 0.4644841886, "totalOtherIncomeExpensesNet": 4886000, "incomeBeforeTax": 29111000, "incomeBeforeTaxRatio": 0.2053019831, "incomeTaxExpense": 18337000, "netIncome": 7642000, "netIncomeRatio": 0.0538943271, "eps": 1.23, "epsdiluted": 1.23, "weightedAverageShsOut": 16250000, "weightedAverageShsOutDil": 16250000, "link": "", "finalLink": "", "calculatedOtherExpenses": 38294000, "calculatedOperatingExpenses": 46294000, "calculatedNetInterest": -41637000, "calculatedOtherIncome": 4886000, "calculatedIncomeNonControlling": 3132000, "calculatedEbitda": 104790000}, {"date": "2012-12-31", "symbol": "NEP", "reportedCurrency": "USD", "cik": "0001603145", "fillingDate": "2012-12-31", "acceptedDate": "2012-12-30 19:00:00", "calendarYear": "2012", "period": "FY", "revenue": 93000000, "costOfRevenue": 17000000, "grossProfit": 76000000, "grossProfitRatio": 0.8172043011, "researchAndDevelopmentExpenses": 0, "generalAndAdministrativeExpenses": 0, "sellingAndMarketingExpenses": 0, "sellingGeneralAndAdministrativeExpenses": 3000000, "otherExpenses": 1000000, "operatingExpenses": 27000000, "costAndExpenses": 44000000, "interestIncome": 0, "interestExpense": 43000000, "depreciationAndAmortization": 23000000, "ebitda": 74000000, "ebitdaratio": 0.7956989247, "operatingIncome": 49000000, "operatingIncomeRatio": 0.5268817204, "totalOtherIncomeExpensesNet": 1000000, "incomeBeforeTax": 7000000, "incomeBeforeTaxRatio": 0.0752688172, "incomeTaxExpense": -9000000, "netIncome": 16000000, "netIncomeRatio": 0.1720430108, "eps": 0.98, "epsdiluted": 0.98, "weightedAverageShsOut": 16250000, "weightedAverageShsOutDil": 16250000, "link": "", "finalLink": "", "calculatedOtherExpenses": 24000000, "calculatedOperatingExpenses": 27000000, "calculatedNetInterest": -43000000, "calculatedOtherIncome": 1000000, "calculatedIncomeNonControlling": 0, "calculatedEbitda": 72000000}]}