{"originalCurrency": "USD", "convertedCurrency": "USD", "report": [{"date": "2023-12-31", "symbol": "NET", "reportedCurrency": "USD", "cik": "0001477333", "fillingDate": "2024-02-21", "acceptedDate": "2024-02-21 17:07:15", "calendarYear": "2023", "period": "FY", "revenue": 1296745000, "costOfRevenue": 309305000, "grossProfit": 987440000, "grossProfitRatio": 0.7614758491, "researchAndDevelopmentExpenses": 358143000, "generalAndAdministrativeExpenses": 217965000, "sellingAndMarketingExpenses": 599117000, "sellingGeneralAndAdministrativeExpenses": 814782000, "otherExpenses": -4372000, "operatingExpenses": 1172925000, "costAndExpenses": 1482230000, "interestIncome": 68167000, "interestExpense": 5872000, "depreciationAndAmortization": 197194000, "ebitda": 11709000, "ebitdaratio": 0.0090295316, "operatingIncome": -185485000, "operatingIncomeRatio": -0.1430389167, "totalOtherIncomeExpensesNet": 7623000, "incomeBeforeTax": -177862000, "incomeBeforeTaxRatio": -0.1371603515, "incomeTaxExpense": 6087000, "netIncome": -183949000, "netIncomeRatio": -0.1418544124, "eps": -0.55, "epsdiluted": -0.55, "weightedAverageShsOut": 333656000, "weightedAverageShsOutDil": 333656000, "link": "https://www.sec.gov/Archives/edgar/data/1477333/000147733324000013/0001477333-24-000013-index.htm", "finalLink": "https://www.sec.gov/Archives/edgar/data/1477333/000147733324000013/cloud-20231231.htm", "calculatedOtherExpenses": 0, "calculatedOperatingExpenses": 1172925000, "calculatedNetInterest": 62295000, "calculatedOtherIncome": -54672000, "calculatedIncomeNonControlling": 0, "calculatedEbitda": 11709000}, {"date": "2022-12-31", "symbol": "NET", "reportedCurrency": "USD", "cik": "0001477333", "fillingDate": "2023-02-24", "acceptedDate": "2023-02-24 16:46:22", "calendarYear": "2022", "period": "FY", "revenue": 975241000, "costOfRevenue": 232610000, "grossProfit": 742631000, "grossProfitRatio": 0.7614845971, "researchAndDevelopmentExpenses": 298303000, "generalAndAdministrativeExpenses": 179769000, "sellingAndMarketingExpenses": 465762000, "sellingGeneralAndAdministrativeExpenses": 645531000, "otherExpenses": 577000, "operatingExpenses": 943834000, "costAndExpenses": 1176444000, "interestIncome": 14877000, "interestExpense": 4984000, "depreciationAndAmortization": 117789000, "ebitda": -83414000, "ebitdaratio": -0.0855316788, "operatingIncome": -201203000, "operatingIncomeRatio": -0.2063110554, "totalOtherIncomeExpensesNet": 10470000, "incomeBeforeTax": -190733000, "incomeBeforeTaxRatio": -0.1955752476, "incomeTaxExpense": 2648000, "netIncome": -193381000, "netIncomeRatio": -0.1982904738, "eps": -0.59, "epsdiluted": -0.59, "weightedAverageShsOut": 326332000, "weightedAverageShsOutDil": 326332000, "link": "https://www.sec.gov/Archives/edgar/data/1477333/000147733323000017/0001477333-23-000017-index.htm", "finalLink": "https://www.sec.gov/Archives/edgar/data/1477333/000147733323000017/cloud-20221231.htm", "calculatedOtherExpenses": 0, "calculatedOperatingExpenses": 943834000, "calculatedNetInterest": 9893000, "calculatedOtherIncome": 577000, "calculatedIncomeNonControlling": 0, "calculatedEbitda": -83414000}, {"date": "2021-12-31", "symbol": "NET", "reportedCurrency": "USD", "cik": "0001477333", "fillingDate": "2022-03-01", "acceptedDate": "2022-03-01 16:26:07", "calendarYear": "2021", "period": "FY", "revenue": 656426000, "costOfRevenue": 147134000, "grossProfit": 509292000, "grossProfitRatio": 0.7758559228, "researchAndDevelopmentExpenses": 189408000, "generalAndAdministrativeExpenses": 119503000, "sellingAndMarketingExpenses": 328065000, "sellingGeneralAndAdministrativeExpenses": 447568000, "otherExpenses": -794000, "operatingExpenses": 636976000, "costAndExpenses": 784110000, "interestIncome": 1970000, "interestExpense": 49234000, "depreciationAndAmortization": 67783000, "ebitda": -59901000, "ebitdaratio": -0.091253241, "operatingIncome": -127684000, "operatingIncomeRatio": -0.1945139285, "totalOtherIncomeExpensesNet": -120292000, "incomeBeforeTax": -247976000, "incomeBeforeTaxRatio": -0.377766877, "incomeTaxExpense": 12333000, "netIncome": -260309000, "netIncomeRatio": -0.3965549811, "eps": -0.83, "epsdiluted": -0.83, "weightedAverageShsOut": 312321000, "weightedAverageShsOutDil": 312321000, "link": "https://www.sec.gov/Archives/edgar/data/1477333/000147733322000008/0001477333-22-000008-index.htm", "finalLink": "https://www.sec.gov/Archives/edgar/data/1477333/000147733322000008/cloud-20211231.htm", "calculatedOtherExpenses": 0, "calculatedOperatingExpenses": 636976000, "calculatedNetInterest": -47264000, "calculatedOtherIncome": -73028000, "calculatedIncomeNonControlling": 0, "calculatedEbitda": -59901000}, {"date": "2020-12-31", "symbol": "NET", "reportedCurrency": "USD", "cik": "0001477333", "fillingDate": "2021-02-25", "acceptedDate": "2021-02-25 16:26:35", "calendarYear": "2020", "period": "FY", "revenue": 431059000, "costOfRevenue": 101055000, "grossProfit": 330004000, "grossProfitRatio": 0.7655657346, "researchAndDevelopmentExpenses": 127144000, "generalAndAdministrativeExpenses": 91753000, "sellingAndMarketingExpenses": 217875000, "sellingGeneralAndAdministrativeExpenses": 309628000, "otherExpenses": 171000, "operatingExpenses": 436772000, "costAndExpenses": 537827000, "interestIncome": 6588000, "interestExpense": 24964000, "depreciationAndAmortization": 56146000, "ebitda": -50622000, "ebitdaratio": -0.1174363602, "operatingIncome": -106768000, "operatingIncomeRatio": -0.2476876715, "totalOtherIncomeExpensesNet": -18205000, "incomeBeforeTax": -124973000, "incomeBeforeTaxRatio": -0.2899208693, "incomeTaxExpense": -5603000, "netIncome": -119370000, "netIncomeRatio": -0.2769226486, "eps": -0.4, "epsdiluted": -0.4, "weightedAverageShsOut": 299774000, "weightedAverageShsOutDil": 299774000, "link": "https://www.sec.gov/Archives/edgar/data/1477333/000147733321000009/0001477333-21-000009-index.htm", "finalLink": "https://www.sec.gov/Archives/edgar/data/1477333/000147733321000009/cloud-20201231.htm", "calculatedOtherExpenses": 0, "calculatedOperatingExpenses": 436772000, "calculatedNetInterest": -18376000, "calculatedOtherIncome": 171000, "calculatedIncomeNonControlling": 0, "calculatedEbitda": -50622000}, {"date": "2019-12-31", "symbol": "NET", "reportedCurrency": "USD", "cik": "0001477333", "fillingDate": "2020-03-04", "acceptedDate": "2020-03-04 16:07:27", "calendarYear": "2019", "period": "FY", "revenue": 287022000, "costOfRevenue": 63423000, "grossProfit": 223599000, "grossProfitRatio": 0.7790308757, "researchAndDevelopmentExpenses": 90669000, "generalAndAdministrativeExpenses": 81578000, "sellingAndMarketingExpenses": 159298000, "sellingGeneralAndAdministrativeExpenses": 240876000, "otherExpenses": -1442000, "operatingExpenses": 331545000, "costAndExpenses": 394968000, "interestIncome": 5787000, "interestExpense": 1112000, "depreciationAndAmortization": 33824000, "ebitda": -74122000, "ebitdaratio": -0.2582450126, "operatingIncome": -107946000, "operatingIncomeRatio": -0.3760896377, "totalOtherIncomeExpensesNet": 3233000, "incomeBeforeTax": -104713000, "incomeBeforeTaxRatio": -0.3648256928, "incomeTaxExpense": 1115000, "netIncome": -105828000, "netIncomeRatio": -0.3687104124, "eps": -0.35, "epsdiluted": -0.35, "weightedAverageShsOut": 300173147, "weightedAverageShsOutDil": 300173147, "link": "https://www.sec.gov/Archives/edgar/data/1477333/000147733320000010/0001477333-20-000010-index.htm", "finalLink": "https://www.sec.gov/Archives/edgar/data/1477333/000147733320000010/cloud-20191231.htm", "calculatedOtherExpenses": 0, "calculatedOperatingExpenses": 331545000, "calculatedNetInterest": 4675000, "calculatedOtherIncome": -1442000, "calculatedIncomeNonControlling": 0, "calculatedEbitda": -74122000}, {"date": "2018-12-31", "symbol": "NET", "reportedCurrency": "USD", "cik": "0001477333", "fillingDate": "2018-12-31", "acceptedDate": "2018-12-30 19:00:00", "calendarYear": "2018", "period": "FY", "revenue": 192674000, "costOfRevenue": 43537000, "grossProfit": 149137000, "grossProfitRatio": 0.7740380124, "researchAndDevelopmentExpenses": 54463000, "generalAndAdministrativeExpenses": 85179000, "sellingAndMarketingExpenses": 94394000, "sellingGeneralAndAdministrativeExpenses": 179573000, "otherExpenses": -2091000, "operatingExpenses": 234036000, "costAndExpenses": 277573000, "interestIncome": 1895000, "interestExpense": 992000, "depreciationAndAmortization": 18905000, "ebitda": -66190000, "ebitdaratio": -0.3435336371, "operatingIncome": -84899000, "operatingIncomeRatio": -0.4406354775, "totalOtherIncomeExpensesNet": -1188000, "incomeBeforeTax": -86087000, "incomeBeforeTaxRatio": -0.4468013328, "incomeTaxExpense": 1077000, "netIncome": -87164000, "netIncomeRatio": -0.4523910855, "eps": -0.37, "epsdiluted": -0.37, "weightedAverageShsOut": 237322000, "weightedAverageShsOutDil": 237322000, "link": "", "finalLink": "", "calculatedOtherExpenses": 0, "calculatedOperatingExpenses": 234036000, "calculatedNetInterest": 903000, "calculatedOtherIncome": -2091000, "calculatedIncomeNonControlling": 0, "calculatedEbitda": -65994000}, {"date": "2017-12-31", "symbol": "NET", "reportedCurrency": "USD", "cik": "0001477333", "fillingDate": "2017-12-31", "acceptedDate": "2017-12-30 19:00:00", "calendarYear": "2017", "period": "FY", "revenue": 134915000, "costOfRevenue": 28788000, "grossProfit": 106127000, "grossProfitRatio": 0.7866212059, "researchAndDevelopmentExpenses": 33650000, "generalAndAdministrativeExpenses": 20308000, "sellingAndMarketingExpenses": 61899000, "sellingGeneralAndAdministrativeExpenses": 82207000, "otherExpenses": 115000, "operatingExpenses": 115857000, "costAndExpenses": 144645000, "interestIncome": 762000, "interestExpense": 862000, "depreciationAndAmortization": 12174000, "ebitda": 3321000, "ebitdaratio": 0.0246154986, "operatingIncome": -9730000, "operatingIncomeRatio": -0.0721194826, "totalOtherIncomeExpensesNet": 15000, "incomeBeforeTax": -9715000, "incomeBeforeTaxRatio": -0.0720083015, "incomeTaxExpense": 1033000, "netIncome": -10748000, "netIncomeRatio": -0.0796649742, "eps": -0.0428, "epsdiluted": -0.0428, "weightedAverageShsOut": 251085000, "weightedAverageShsOutDil": 251085000, "link": "", "finalLink": "", "calculatedOtherExpenses": 0, "calculatedOperatingExpenses": 115857000, "calculatedNetInterest": -100000, "calculatedOtherIncome": 115000, "calculatedIncomeNonControlling": 0, "calculatedEbitda": 2444000}, {"date": "2016-12-31", "symbol": "NET", "reportedCurrency": "USD", "cik": "0001477333", "fillingDate": "2016-12-31", "acceptedDate": "2016-12-30 19:00:00", "calendarYear": "2016", "period": "FY", "revenue": 84791000, "costOfRevenue": 23962000, "grossProfit": 60829000, "grossProfitRatio": 0.7173992523, "researchAndDevelopmentExpenses": 23663000, "generalAndAdministrativeExpenses": 14073000, "sellingAndMarketingExpenses": 40122000, "sellingGeneralAndAdministrativeExpenses": 54195000, "otherExpenses": -208000, "operatingExpenses": 77858000, "costAndExpenses": 101820000, "interestIncome": 626000, "interestExpense": 654000, "depreciationAndAmortization": 8355000, "ebitda": -8256000, "ebitdaratio": -0.0973688245, "operatingIncome": -17029000, "operatingIncomeRatio": -0.2008349943, "totalOtherIncomeExpensesNet": -236000, "incomeBeforeTax": -17265000, "incomeBeforeTaxRatio": -0.2036183085, "incomeTaxExpense": 69000, "netIncome": -17334000, "netIncomeRatio": -0.2044320742, "eps": -0.073, "epsdiluted": -0.073, "weightedAverageShsOut": 237322000, "weightedAverageShsOutDil": 237322000, "link": "", "finalLink": "", "calculatedOtherExpenses": 0, "calculatedOperatingExpenses": 77858000, "calculatedNetInterest": -28000, "calculatedOtherIncome": -208000, "calculatedIncomeNonControlling": 0, "calculatedEbitda": -8674000}]}