{"originalCurrency": "USD", "convertedCurrency": "USD", "report": [{"date": "2023-12-31", "symbol": "NEU", "reportedCurrency": "USD", "cik": "0001282637", "fillingDate": "2024-02-15", "acceptedDate": "2024-02-15 10:14:14", "calendarYear": "2023", "period": "FY", "revenue": 2698419000, "costOfRevenue": 1925906000, "grossProfit": 772513000, "grossProfitRatio": 0.2862835609, "researchAndDevelopmentExpenses": 137998000, "generalAndAdministrativeExpenses": 0, "sellingAndMarketingExpenses": 0, "sellingGeneralAndAdministrativeExpenses": 151470000, "otherExpenses": 43276000, "operatingExpenses": 289468000, "costAndExpenses": 2215374000, "interestIncome": 0, "interestExpense": 37359000, "depreciationAndAmortization": 78010000, "ebitda": 483045000, "ebitdaratio": 0.1790103761, "operatingIncome": 483045000, "operatingIncomeRatio": 0.1790103761, "totalOtherIncomeExpensesNet": 5917000, "incomeBeforeTax": 488962000, "incomeBeforeTaxRatio": 0.1812031415, "incomeTaxExpense": 100098000, "netIncome": 388864000, "netIncomeRatio": 0.144108087, "eps": 40.44, "epsdiluted": 40.44, "weightedAverageShsOut": 9583000, "weightedAverageShsOutDil": 9583000, "link": "https://www.sec.gov/Archives/edgar/data/1282637/000128263724000005/0001282637-24-000005-index.htm", "finalLink": "https://www.sec.gov/Archives/edgar/data/1282637/000128263724000005/neu-20231231.htm", "calculatedOtherExpenses": 0, "calculatedOperatingExpenses": 289468000, "calculatedNetInterest": -37359000, "calculatedOtherIncome": 43276000, "calculatedIncomeNonControlling": 0, "calculatedEbitda": 561055000}, {"date": "2022-12-31", "symbol": "NEU", "reportedCurrency": "USD", "cik": "0001282637", "fillingDate": "2023-02-15", "acceptedDate": "2023-02-15 09:03:39", "calendarYear": "2022", "period": "FY", "revenue": 2764799000, "costOfRevenue": 2124302000, "grossProfit": 640497000, "grossProfitRatio": 0.2316613251, "researchAndDevelopmentExpenses": 140252000, "generalAndAdministrativeExpenses": 0, "sellingAndMarketingExpenses": 0, "sellingGeneralAndAdministrativeExpenses": 145106000, "otherExpenses": 35342000, "operatingExpenses": 285358000, "costAndExpenses": 2409660000, "interestIncome": 35202000, "interestExpense": 35202000, "depreciationAndAmortization": 117627000, "ebitda": 472766000, "ebitdaratio": 0.1709947088, "operatingIncome": 355139000, "operatingIncomeRatio": 0.1284502056, "totalOtherIncomeExpensesNet": -7405000, "incomeBeforeTax": 347734000, "incomeBeforeTaxRatio": 0.1257718916, "incomeTaxExpense": 68196000, "netIncome": 279538000, "netIncomeRatio": 0.101106084, "eps": 27.77, "epsdiluted": 27.77, "weightedAverageShsOut": 10035000, "weightedAverageShsOutDil": 10035000, "link": "https://www.sec.gov/Archives/edgar/data/1282637/000128263723000004/0001282637-23-000004-index.htm", "finalLink": "https://www.sec.gov/Archives/edgar/data/1282637/000128263723000004/neu-20221231.htm", "calculatedOtherExpenses": 0, "calculatedOperatingExpenses": 285358000, "calculatedNetInterest": 0, "calculatedOtherIncome": -7405000, "calculatedIncomeNonControlling": 0, "calculatedEbitda": 472766000}, {"date": "2021-12-31", "symbol": "NEU", "reportedCurrency": "USD", "cik": "0001282637", "fillingDate": "2022-02-15", "acceptedDate": "2022-02-15 10:52:09", "calendarYear": "2021", "period": "FY", "revenue": 2356110000, "costOfRevenue": 1808403000, "grossProfit": 547707000, "grossProfitRatio": 0.2324624063, "researchAndDevelopmentExpenses": 143952000, "generalAndAdministrativeExpenses": 0, "sellingAndMarketingExpenses": 0, "sellingGeneralAndAdministrativeExpenses": 145973000, "otherExpenses": 23987000, "operatingExpenses": 289925000, "costAndExpenses": 2098328000, "interestIncome": 34218000, "interestExpense": 34218000, "depreciationAndAmortization": 108307000, "ebitda": 366089000, "ebitdaratio": 0.1553785689, "operatingIncome": 257782000, "operatingIncomeRatio": 0.1094100021, "totalOtherIncomeExpensesNet": -10231000, "incomeBeforeTax": 247551000, "incomeBeforeTaxRatio": 0.1050676751, "incomeTaxExpense": 56643000, "netIncome": 190908000, "netIncomeRatio": 0.0810267772, "eps": 17.71, "epsdiluted": 17.71, "weightedAverageShsOut": 10756000, "weightedAverageShsOutDil": 10756000, "link": "https://www.sec.gov/Archives/edgar/data/1282637/000128263722000006/0001282637-22-000006-index.htm", "finalLink": "https://www.sec.gov/Archives/edgar/data/1282637/000128263722000006/neu-20211231.htm", "calculatedOtherExpenses": 0, "calculatedOperatingExpenses": 289925000, "calculatedNetInterest": 0, "calculatedOtherIncome": -10231000, "calculatedIncomeNonControlling": 0, "calculatedEbitda": 366089000}, {"date": "2020-12-31", "symbol": "NEU", "reportedCurrency": "USD", "cik": "0001282637", "fillingDate": "2021-02-16", "acceptedDate": "2021-02-16 09:05:02", "calendarYear": "2020", "period": "FY", "revenue": 2010931000, "costOfRevenue": 1415899000, "grossProfit": 595032000, "grossProfitRatio": 0.2958987653, "researchAndDevelopmentExpenses": 140367000, "generalAndAdministrativeExpenses": 0, "sellingAndMarketingExpenses": 0, "sellingGeneralAndAdministrativeExpenses": 142863000, "otherExpenses": 45813000, "operatingExpenses": 283230000, "costAndExpenses": 1699129000, "interestIncome": 26328000, "interestExpense": 26328000, "depreciationAndAmortization": 129815000, "ebitda": 441617000, "ebitdaratio": 0.2196082312, "operatingIncome": 311802000, "operatingIncomeRatio": 0.1550535548, "totalOtherIncomeExpensesNet": 19485000, "incomeBeforeTax": 331287000, "incomeBeforeTaxRatio": 0.1647430966, "incomeTaxExpense": 60719000, "netIncome": 270568000, "netIncomeRatio": 0.1345486245, "eps": 24.64, "epsdiluted": 24.64, "weightedAverageShsOut": 10961000, "weightedAverageShsOutDil": 10961000, "link": "https://www.sec.gov/Archives/edgar/data/1282637/000128263721000004/0001282637-21-000004-index.htm", "finalLink": "https://www.sec.gov/Archives/edgar/data/1282637/000128263721000004/neu-20201231.htm", "calculatedOtherExpenses": 0, "calculatedOperatingExpenses": 283230000, "calculatedNetInterest": 0, "calculatedOtherIncome": 19485000, "calculatedIncomeNonControlling": 0, "calculatedEbitda": 441617000}, {"date": "2019-12-31", "symbol": "NEU", "reportedCurrency": "USD", "cik": "0001282637", "fillingDate": "2020-02-18", "acceptedDate": "2020-02-18 10:35:55", "calendarYear": "2019", "period": "FY", "revenue": 2190295000, "costOfRevenue": 1560426000, "grossProfit": 629869000, "grossProfitRatio": 0.2875726786, "researchAndDevelopmentExpenses": 144465000, "generalAndAdministrativeExpenses": 0, "sellingAndMarketingExpenses": 0, "sellingGeneralAndAdministrativeExpenses": 148083000, "otherExpenses": 23510000, "operatingExpenses": 292548000, "costAndExpenses": 1852974000, "interestIncome": 29241000, "interestExpense": 29241000, "depreciationAndAmortization": 111070000, "ebitda": 448391000, "ebitdaratio": 0.2047171728, "operatingIncome": 337321000, "operatingIncomeRatio": 0.1540071086, "totalOtherIncomeExpensesNet": -5731000, "incomeBeforeTax": 331590000, "incomeBeforeTaxRatio": 0.1513905661, "incomeTaxExpense": 77304000, "netIncome": 254286000, "netIncomeRatio": 0.1160966902, "eps": 22.73, "epsdiluted": 22.73, "weightedAverageShsOut": 11166000, "weightedAverageShsOutDil": 11166000, "link": "https://www.sec.gov/Archives/edgar/data/1282637/000128263720000005/0001282637-20-000005-index.htm", "finalLink": "https://www.sec.gov/Archives/edgar/data/1282637/000128263720000005/neu-2019123110k.htm", "calculatedOtherExpenses": 0, "calculatedOperatingExpenses": 292548000, "calculatedNetInterest": 0, "calculatedOtherIncome": -5731000, "calculatedIncomeNonControlling": 0, "calculatedEbitda": 448391000}, {"date": "2018-12-31", "symbol": "NEU", "reportedCurrency": "USD", "cik": "0001282637", "fillingDate": "2019-02-19", "acceptedDate": "2019-02-19 09:42:51", "calendarYear": "2018", "period": "FY", "revenue": 2289675000, "costOfRevenue": 1704312000, "grossProfit": 585363000, "grossProfitRatio": 0.2556533132, "researchAndDevelopmentExpenses": 140289000, "generalAndAdministrativeExpenses": 152400000, "sellingAndMarketingExpenses": 0, "sellingGeneralAndAdministrativeExpenses": 152400000, "otherExpenses": 24334000, "operatingExpenses": 292689000, "costAndExpenses": 1997001000, "interestIncome": 0, "interestExpense": 26723000, "depreciationAndAmortization": 71759000, "ebitda": 388767000, "ebitdaratio": 0.1697913459, "operatingIncome": 292674000, "operatingIncomeRatio": 0.127823381, "totalOtherIncomeExpensesNet": 24334000, "incomeBeforeTax": 290285000, "incomeBeforeTaxRatio": 0.1267800015, "incomeTaxExpense": 55551000, "netIncome": 234734000, "netIncomeRatio": 0.1025184797, "eps": 20.39, "epsdiluted": 20.34, "weightedAverageShsOut": 11515000, "weightedAverageShsOutDil": 11540511, "link": "https://www.sec.gov/Archives/edgar/data/1282637/000128263719000006/0001282637-19-000006-index.htm", "finalLink": "https://www.sec.gov/Archives/edgar/data/1282637/000128263719000006/neu-2018123110k.htm", "calculatedOtherExpenses": 0, "calculatedOperatingExpenses": 292689000, "calculatedNetInterest": -26723000, "calculatedOtherIncome": 24334000, "calculatedIncomeNonControlling": 0, "calculatedEbitda": 364433000}, {"date": "2017-12-31", "symbol": "NEU", "reportedCurrency": "USD", "cik": "0001282637", "fillingDate": "2018-02-15", "acceptedDate": "2018-02-15 10:12:37", "calendarYear": "2017", "period": "FY", "revenue": 2198404000, "costOfRevenue": 1556386000, "grossProfit": 642018000, "grossProfitRatio": 0.2920382241, "researchAndDevelopmentExpenses": 140193000, "generalAndAdministrativeExpenses": 165056000, "sellingAndMarketingExpenses": 0, "sellingGeneralAndAdministrativeExpenses": 165056000, "otherExpenses": 529000, "operatingExpenses": 305249000, "costAndExpenses": 1861635000, "interestIncome": 0, "interestExpense": 21856000, "depreciationAndAmortization": 55340000, "ebitda": 392638000, "ebitdaratio": 0.1786013854, "operatingIncome": 336769000, "operatingIncomeRatio": 0.1531879491, "totalOtherIncomeExpensesNet": 529000, "incomeBeforeTax": 315442000, "incomeBeforeTaxRatio": 0.1434868204, "incomeTaxExpense": 124933000, "netIncome": 190509000, "netIncomeRatio": 0.0866578663, "eps": 16.08, "epsdiluted": 16.08, "weightedAverageShsOut": 11824000, "weightedAverageShsOutDil": 11847575, "link": "https://www.sec.gov/Archives/edgar/data/1282637/000128263718000004/0001282637-18-000004-index.htm", "finalLink": "https://www.sec.gov/Archives/edgar/data/1282637/000128263718000004/neu-2017123110k.htm", "calculatedOtherExpenses": 0, "calculatedOperatingExpenses": 305249000, "calculatedNetInterest": -21856000, "calculatedOtherIncome": 529000, "calculatedIncomeNonControlling": 0, "calculatedEbitda": 392109000}, {"date": "2016-12-31", "symbol": "NEU", "reportedCurrency": "USD", "cik": "0001282637", "fillingDate": "2017-02-15", "acceptedDate": "2017-02-15 09:59:50", "calendarYear": "2016", "period": "FY", "revenue": 2049451000, "costOfRevenue": 1368690000, "grossProfit": 680761000, "grossProfitRatio": 0.3321674927, "researchAndDevelopmentExpenses": 156959000, "generalAndAdministrativeExpenses": 161112000, "sellingAndMarketingExpenses": 0, "sellingGeneralAndAdministrativeExpenses": 161112000, "otherExpenses": -2697000, "operatingExpenses": 318071000, "costAndExpenses": 1686761000, "interestIncome": 0, "interestExpense": 16785000, "depreciationAndAmortization": 44893000, "ebitda": 404886000, "ebitdaratio": 0.1975582729, "operatingIncome": 362690000, "operatingIncomeRatio": 0.1769693445, "totalOtherIncomeExpensesNet": -2697000, "incomeBeforeTax": 343208000, "incomeBeforeTaxRatio": 0.1674633841, "incomeTaxExpense": 99767000, "netIncome": 243441000, "netIncomeRatio": 0.1187835181, "eps": 20.54, "epsdiluted": 20.54, "weightedAverageShsOut": 11828000, "weightedAverageShsOutDil": 11852045, "link": "https://www.sec.gov/Archives/edgar/data/1282637/000128263717000005/0001282637-17-000005-index.htm", "finalLink": "https://www.sec.gov/Archives/edgar/data/1282637/000128263717000005/neu-2016123110k.htm", "calculatedOtherExpenses": 0, "calculatedOperatingExpenses": 318071000, "calculatedNetInterest": -16785000, "calculatedOtherIncome": -2697000, "calculatedIncomeNonControlling": 0, "calculatedEbitda": 407583000}, {"date": "2015-12-31", "symbol": "NEU", "reportedCurrency": "USD", "cik": "0001282637", "fillingDate": "2016-02-12", "acceptedDate": "2016-02-12 11:26:17", "calendarYear": "2015", "period": "FY", "revenue": 2140830000, "costOfRevenue": 1461774000, "grossProfit": 679056000, "grossProfitRatio": 0.3171928644, "researchAndDevelopmentExpenses": 158254000, "generalAndAdministrativeExpenses": 164082000, "sellingAndMarketingExpenses": 0, "sellingGeneralAndAdministrativeExpenses": 164082000, "otherExpenses": -3097000, "operatingExpenses": 322336000, "costAndExpenses": 1784110000, "interestIncome": 0, "interestExpense": 14652000, "depreciationAndAmortization": 42265000, "ebitda": 395888000, "ebitdaratio": 0.1849226702, "operatingIncome": 356720000, "operatingIncomeRatio": 0.1666269624, "totalOtherIncomeExpensesNet": -3097000, "incomeBeforeTax": 338971000, "incomeBeforeTaxRatio": 0.1583362528, "incomeTaxExpense": 100368000, "netIncome": 238603000, "netIncomeRatio": 0.1114535017, "eps": 19.45, "epsdiluted": 19.45, "weightedAverageShsOut": 12241000, "weightedAverageShsOutDil": 12241000, "link": "https://www.sec.gov/Archives/edgar/data/1282637/000128263716000028/0001282637-16-000028-index.htm", "finalLink": "https://www.sec.gov/Archives/edgar/data/1282637/000128263716000028/neu-2015123110k.htm", "calculatedOtherExpenses": 0, "calculatedOperatingExpenses": 322336000, "calculatedNetInterest": -14652000, "calculatedOtherIncome": -3097000, "calculatedIncomeNonControlling": 0, "calculatedEbitda": 398985000}, {"date": "2014-12-31", "symbol": "NEU", "reportedCurrency": "USD", "cik": "0001282637", "fillingDate": "2015-02-17", "acceptedDate": "2015-02-17 08:43:46", "calendarYear": "2014", "period": "FY", "revenue": 2335405000, "costOfRevenue": 1669982000, "grossProfit": 665423000, "grossProfitRatio": 0.2849283101, "researchAndDevelopmentExpenses": 139183000, "generalAndAdministrativeExpenses": 163520000, "sellingAndMarketingExpenses": 0, "sellingGeneralAndAdministrativeExpenses": 163520000, "otherExpenses": -7054000, "operatingExpenses": 302703000, "costAndExpenses": 1972685000, "interestIncome": 0, "interestExpense": 16567000, "depreciationAndAmortization": 41538000, "ebitda": 397204000, "ebitdaratio": 0.1700792796, "operatingIncome": 362720000, "operatingIncomeRatio": 0.1553135323, "totalOtherIncomeExpensesNet": -7054000, "incomeBeforeTax": 339099000, "incomeBeforeTaxRatio": 0.1451992267, "incomeTaxExpense": 105844000, "netIncome": 233255000, "netIncomeRatio": 0.0998777514, "eps": 18.38, "epsdiluted": 18.38, "weightedAverageShsOut": 12671000, "weightedAverageShsOutDil": 12690696, "link": "https://www.sec.gov/Archives/edgar/data/1282637/000128263715000004/0001282637-15-000004-index.htm", "finalLink": "https://www.sec.gov/Archives/edgar/data/1282637/000128263715000004/neu-20141231x10k.htm", "calculatedOtherExpenses": 0, "calculatedOperatingExpenses": 302703000, "calculatedNetInterest": -16567000, "calculatedOtherIncome": -7054000, "calculatedIncomeNonControlling": 0, "calculatedEbitda": 404258000}, {"date": "2013-12-31", "symbol": "NEU", "reportedCurrency": "USD", "cik": "0001282637", "fillingDate": "2014-02-19", "acceptedDate": "2014-02-19 10:03:25", "calendarYear": "2013", "period": "FY", "revenue": 2280355000, "costOfRevenue": 1627059000, "grossProfit": 653296000, "grossProfitRatio": 0.2864887265, "researchAndDevelopmentExpenses": 136573000, "generalAndAdministrativeExpenses": 164878000, "sellingAndMarketingExpenses": 0, "sellingGeneralAndAdministrativeExpenses": 164878000, "otherExpenses": 7262000, "operatingExpenses": 301451000, "costAndExpenses": 1928510000, "interestIncome": 0, "interestExpense": 17796000, "depreciationAndAmortization": 46144000, "ebitda": 405251000, "ebitdaratio": 0.1777139963, "operatingIncome": 351845000, "operatingIncomeRatio": 0.1542939586, "totalOtherIncomeExpensesNet": 7262000, "incomeBeforeTax": 341311000, "incomeBeforeTaxRatio": 0.1496745024, "incomeTaxExpense": 98964000, "netIncome": 264742000, "netIncomeRatio": 0.1160968358, "eps": 19.9, "epsdiluted": 19.9, "weightedAverageShsOut": 13289840, "weightedAverageShsOutDil": 13303618, "link": "https://www.sec.gov/Archives/edgar/data/1282637/000128263714000003/0001282637-14-000003-index.htm", "finalLink": "https://www.sec.gov/Archives/edgar/data/1282637/000128263714000003/neu-20131231x10k.htm", "calculatedOtherExpenses": 0, "calculatedOperatingExpenses": 301451000, "calculatedNetInterest": -17796000, "calculatedOtherIncome": 7262000, "calculatedIncomeNonControlling": -22395000, "calculatedEbitda": 397989000}, {"date": "2012-12-31", "symbol": "NEU", "reportedCurrency": "USD", "cik": "0001282637", "fillingDate": "2013-02-15", "acceptedDate": "2013-02-15 11:27:39", "calendarYear": "2012", "period": "FY", "revenue": 2223309000, "costOfRevenue": 1585779000, "grossProfit": 637530000, "grossProfitRatio": 0.2867482658, "researchAndDevelopmentExpenses": 117845000, "generalAndAdministrativeExpenses": 154209000, "sellingAndMarketingExpenses": 0, "sellingGeneralAndAdministrativeExpenses": 154209000, "otherExpenses": -3338000, "operatingExpenses": 272054000, "costAndExpenses": 1857833000, "interestIncome": 0, "interestExpense": 10815000, "depreciationAndAmortization": 43389000, "ebitda": 405527000, "ebitdaratio": 0.1823979483, "operatingIncome": 365476000, "operatingIncomeRatio": 0.1643838081, "totalOtherIncomeExpensesNet": -13270000, "incomeBeforeTax": 341391000, "incomeBeforeTaxRatio": 0.153550856, "incomeTaxExpense": 101798000, "netIncome": 239593000, "netIncomeRatio": 0.1077641479, "eps": 17.85, "epsdiluted": 17.85, "weightedAverageShsOut": 13405000, "weightedAverageShsOutDil": 13405000, "link": "https://www.sec.gov/Archives/edgar/data/1282637/000128263713000003/0001282637-13-000003-index.htm", "finalLink": "https://www.sec.gov/Archives/edgar/data/1282637/000128263713000003/neu-20121231x10k.htm", "calculatedOtherExpenses": 0, "calculatedOperatingExpenses": 272054000, "calculatedNetInterest": -10815000, "calculatedOtherIncome": -13270000, "calculatedIncomeNonControlling": 0, "calculatedEbitda": 408865000}, {"date": "2011-12-31", "symbol": "NEU", "reportedCurrency": "USD", "cik": "0001282637", "fillingDate": "2012-02-22", "acceptedDate": "2012-02-22 09:14:24", "calendarYear": "2011", "period": "FY", "revenue": 2149558000, "costOfRevenue": 1590531000, "grossProfit": 559027000, "grossProfitRatio": 0.2600660229, "researchAndDevelopmentExpenses": 105496000, "generalAndAdministrativeExpenses": 151602000, "sellingAndMarketingExpenses": 0, "sellingGeneralAndAdministrativeExpenses": 151602000, "otherExpenses": -18048000, "operatingExpenses": 218442000, "costAndExpenses": 1808973000, "interestIncome": 0, "interestExpense": 18820000, "depreciationAndAmortization": 41749000, "ebitda": 382334000, "ebitdaratio": 0.1778663335, "operatingIncome": 340585000, "operatingIncomeRatio": 0.1584442011, "totalOtherIncomeExpensesNet": -18048000, "incomeBeforeTax": 303717000, "incomeBeforeTaxRatio": 0.1412927681, "incomeTaxExpense": 96810000, "netIncome": 206907000, "netIncomeRatio": 0.0962556023, "eps": 15.1, "epsdiluted": 15.09, "weightedAverageShsOut": 13707000, "weightedAverageShsOutDil": 13712000, "link": "https://www.sec.gov/Archives/edgar/data/1282637/000119312512071628/0001193125-12-071628-index.htm", "finalLink": "https://www.sec.gov/Archives/edgar/data/1282637/000119312512071628/d260150d10k.htm", "calculatedOtherExpenses": -38656000, "calculatedOperatingExpenses": 218442000, "calculatedNetInterest": -18820000, "calculatedOtherIncome": -18048000, "calculatedIncomeNonControlling": 0, "calculatedEbitda": 382334000}, {"date": "2010-12-31", "symbol": "NEU", "reportedCurrency": "USD", "cik": "0001282637", "fillingDate": "2011-02-22", "acceptedDate": "2011-02-22 10:16:38", "calendarYear": "2010", "period": "FY", "revenue": 1797392000, "costOfRevenue": 1281933000, "grossProfit": 515459000, "grossProfitRatio": 0.2867816258, "researchAndDevelopmentExpenses": 91188000, "generalAndAdministrativeExpenses": 136967000, "sellingAndMarketingExpenses": 0, "sellingGeneralAndAdministrativeExpenses": 136967000, "otherExpenses": -10047000, "operatingExpenses": 228155000, "costAndExpenses": 1510088000, "interestIncome": 0, "interestExpense": 17261000, "depreciationAndAmortization": 37667000, "ebitda": 287304000, "ebitdaratio": 0.1598449309, "operatingIncome": 287304000, "operatingIncomeRatio": 0.1598449309, "totalOtherIncomeExpensesNet": -10047000, "incomeBeforeTax": 259996000, "incomeBeforeTaxRatio": 0.1446518066, "incomeTaxExpense": 82871000, "netIncome": 177125000, "netIncomeRatio": 0.0985455593, "eps": 12.12, "epsdiluted": 12.09, "weightedAverageShsOut": 14619000, "weightedAverageShsOutDil": 14650000, "link": "https://www.sec.gov/Archives/edgar/data/1282637/000119312511041569/0001193125-11-041569-index.htm", "finalLink": "https://www.sec.gov/Archives/edgar/data/1282637/000119312511041569/d10k.htm", "calculatedOtherExpenses": 0, "calculatedOperatingExpenses": 228155000, "calculatedNetInterest": -17261000, "calculatedOtherIncome": -10047000, "calculatedIncomeNonControlling": 0, "calculatedEbitda": 324971000}, {"date": "2009-12-31", "symbol": "NEU", "reportedCurrency": "USD", "cik": "0001282637", "fillingDate": "2010-02-19", "acceptedDate": "2010-02-19 10:25:55", "calendarYear": "2009", "period": "FY", "revenue": 1530122000, "costOfRevenue": 1066862000, "grossProfit": 463260000, "grossProfitRatio": 0.3027601721, "researchAndDevelopmentExpenses": 86072000, "generalAndAdministrativeExpenses": 114900000, "sellingAndMarketingExpenses": 0, "sellingGeneralAndAdministrativeExpenses": 114900000, "otherExpenses": 0, "operatingExpenses": 200972000, "costAndExpenses": 1267834000, "interestIncome": 0, "interestExpense": 11716000, "depreciationAndAmortization": 31573000, "ebitda": 262288000, "ebitdaratio": 0.1714163969, "operatingIncome": 262288000, "operatingIncomeRatio": 0.1714163969, "totalOtherIncomeExpensesNet": -11196000, "incomeBeforeTax": 239376000, "incomeBeforeTaxRatio": 0.1564424275, "incomeTaxExpense": 77093000, "netIncome": 162283000, "netIncomeRatio": 0.1060588633, "eps": 10.67, "epsdiluted": 10.65, "weightedAverageShsOut": 15206000, "weightedAverageShsOutDil": 15243000, "link": "https://www.sec.gov/Archives/edgar/data/1282637/000119312510034830/0001193125-10-034830-index.htm", "finalLink": "https://www.sec.gov/Archives/edgar/data/1282637/000119312510034830/d10k.htm", "calculatedOtherExpenses": 0, "calculatedOperatingExpenses": 200972000, "calculatedNetInterest": -11716000, "calculatedOtherIncome": -11196000, "calculatedIncomeNonControlling": 0, "calculatedEbitda": 293861000}, {"date": "2008-12-31", "symbol": "NEU", "reportedCurrency": "USD", "cik": "0001282637", "fillingDate": "2009-02-20", "acceptedDate": "2009-02-20 10:34:04", "calendarYear": "2008", "period": "FY", "revenue": 1617431000, "costOfRevenue": 1302937000, "grossProfit": 314494000, "grossProfitRatio": 0.1944404429, "researchAndDevelopmentExpenses": 81752000, "generalAndAdministrativeExpenses": 116382000, "sellingAndMarketingExpenses": 0, "sellingGeneralAndAdministrativeExpenses": 116382000, "otherExpenses": 0, "operatingExpenses": 198134000, "costAndExpenses": 1501071000, "interestIncome": 12046000, "interestExpense": 12046000, "depreciationAndAmortization": 27967000, "ebitda": 115348000, "ebitdaratio": 0.0713155615, "operatingIncome": 116360000, "operatingIncomeRatio": 0.0719412451, "totalOtherIncomeExpensesNet": 1012000, "incomeBeforeTax": 105326000, "incomeBeforeTaxRatio": 0.0651193158, "incomeTaxExpense": 32099000, "netIncome": 73227000, "netIncomeRatio": 0.0452736469, "eps": 4.77, "epsdiluted": 4.75, "weightedAverageShsOut": 15362000, "weightedAverageShsOutDil": 15430000, "link": "https://www.sec.gov/Archives/edgar/data/1282637/000119312509033752/0001193125-09-033752-index.htm", "finalLink": "https://www.sec.gov/Archives/edgar/data/1282637/000119312509033752/d10k.htm", "calculatedOtherExpenses": 0, "calculatedOperatingExpenses": 198134000, "calculatedNetInterest": 0, "calculatedOtherIncome": -11034000, "calculatedIncomeNonControlling": 0, "calculatedEbitda": 144327000}, {"date": "2007-12-31", "symbol": "NEU", "reportedCurrency": "USD", "cik": "0001282637", "fillingDate": "2008-02-22", "acceptedDate": "2008-02-22 08:52:53", "calendarYear": "2007", "period": "FY", "revenue": 1374874000, "costOfRevenue": 1078302000, "grossProfit": 296572000, "grossProfitRatio": 0.215708494, "researchAndDevelopmentExpenses": 76834000, "generalAndAdministrativeExpenses": 111115000, "sellingAndMarketingExpenses": 0, "sellingGeneralAndAdministrativeExpenses": 111115000, "otherExpenses": 0, "operatingExpenses": 187949000, "costAndExpenses": 1266251000, "interestIncome": 0, "interestExpense": 11557000, "depreciationAndAmortization": 29126000, "ebitda": 134391000, "ebitdaratio": 0.0977478663, "operatingIncome": 108623000, "operatingIncomeRatio": 0.0790057853, "totalOtherIncomeExpensesNet": 3358000, "incomeBeforeTax": 100424000, "incomeBeforeTaxRatio": 0.0730423297, "incomeTaxExpense": 21874000, "netIncome": 80767000, "netIncomeRatio": 0.0587450195, "eps": 5.66, "epsdiluted": 5.62, "weightedAverageShsOut": 16841000, "weightedAverageShsOutDil": 16957000, "link": "https://www.sec.gov/Archives/edgar/data/1282637/000119312508035848/0001193125-08-035848-index.htm", "finalLink": "https://www.sec.gov/Archives/edgar/data/1282637/000119312508035848/d10k.htm", "calculatedOtherExpenses": 0, "calculatedOperatingExpenses": 187949000, "calculatedNetInterest": -11557000, "calculatedOtherIncome": 3358000, "calculatedIncomeNonControlling": -2217000, "calculatedEbitda": 137749000}, {"date": "2006-12-31", "symbol": "NEU", "reportedCurrency": "USD", "cik": "0001282637", "fillingDate": "2007-02-26", "acceptedDate": "2007-02-26 15:45:44", "calendarYear": "2006", "period": "FY", "revenue": 1263297000, "costOfRevenue": 999211000, "grossProfit": 264086000, "grossProfitRatio": 0.2090450622, "researchAndDevelopmentExpenses": 70263000, "generalAndAdministrativeExpenses": 109191000, "sellingAndMarketingExpenses": 8181000, "sellingGeneralAndAdministrativeExpenses": 109191000, "otherExpenses": -23006000, "operatingExpenses": 156448000, "costAndExpenses": 1155659000, "interestIncome": 0, "interestExpense": 15403000, "depreciationAndAmortization": 31592000, "ebitda": 120316000, "ebitdaratio": 0.0952396784, "operatingIncome": 107638000, "operatingIncomeRatio": 0.0852040336, "totalOtherIncomeExpensesNet": 18914000, "incomeBeforeTax": 88143000, "incomeBeforeTaxRatio": 0.0697721913, "incomeTaxExpense": 30621000, "netIncome": 57522000, "netIncomeRatio": 0.0455332357, "eps": 3.34, "epsdiluted": 3.3, "weightedAverageShsOut": 17223000, "weightedAverageShsOutDil": 17407000, "link": "https://www.sec.gov/Archives/edgar/data/1282637/000119312507039689/0001193125-07-039689-index.htm", "finalLink": "https://www.sec.gov/Archives/edgar/data/1282637/000119312507039689/d10k.htm", "calculatedOtherExpenses": -23006000, "calculatedOperatingExpenses": 156448000, "calculatedNetInterest": -15403000, "calculatedOtherIncome": -4092000, "calculatedIncomeNonControlling": 0, "calculatedEbitda": 139230000}, {"date": "2005-12-31", "symbol": "NEU", "reportedCurrency": "USD", "cik": "0001282637", "fillingDate": "2006-02-28", "acceptedDate": "2006-02-28 13:18:58", "calendarYear": "2005", "period": "FY", "revenue": 1075544000, "costOfRevenue": 875286000, "grossProfit": 200258000, "grossProfitRatio": 0.1861922897, "researchAndDevelopmentExpenses": 65394000, "generalAndAdministrativeExpenses": 96810000, "sellingAndMarketingExpenses": 23154000, "sellingGeneralAndAdministrativeExpenses": 96810000, "otherExpenses": -34822000, "operatingExpenses": 127382000, "costAndExpenses": 1002668000, "interestIncome": 0, "interestExpense": 16849000, "depreciationAndAmortization": 36396000, "ebitda": 73525000, "ebitdaratio": 0.0683607551, "operatingIncome": 72876000, "operatingIncomeRatio": 0.0677573395, "totalOtherIncomeExpensesNet": 35747000, "incomeBeforeTax": 56952000, "incomeBeforeTaxRatio": 0.0529518086, "incomeTaxExpense": 14571000, "netIncome": 42381000, "netIncomeRatio": 0.0394042457, "eps": 2.49, "epsdiluted": 2.45, "weightedAverageShsOut": 17028000, "weightedAverageShsOutDil": 17320000, "link": "https://www.sec.gov/Archives/edgar/data/1282637/000119312506040980/0001193125-06-040980-index.htm", "finalLink": "https://www.sec.gov/Archives/edgar/data/1282637/000119312506040980/d10k.htm", "calculatedOtherExpenses": -34822000, "calculatedOperatingExpenses": 127382000, "calculatedNetInterest": -16849000, "calculatedOtherIncome": 925000, "calculatedIncomeNonControlling": 0, "calculatedEbitda": 109272000}, {"date": "2004-12-31", "symbol": "NEU", "reportedCurrency": "USD", "cik": "0001282637", "fillingDate": "2005-03-14", "acceptedDate": "2005-03-14 16:22:26", "calendarYear": "2004", "period": "FY", "revenue": 894109000, "costOfRevenue": 715809000, "grossProfit": 178300000, "grossProfitRatio": 0.1994164023, "researchAndDevelopmentExpenses": 65356000, "generalAndAdministrativeExpenses": 63629000, "sellingAndMarketingExpenses": 33226000, "sellingGeneralAndAdministrativeExpenses": 96855000, "otherExpenses": -46471000, "operatingExpenses": 115740000, "costAndExpenses": 831549000, "interestIncome": 0, "interestExpense": 18254000, "depreciationAndAmortization": 44775000, "ebitda": 60540000, "ebitdaratio": 0.0677098654, "operatingIncome": 62560000, "operatingIncomeRatio": 0.0699690977, "totalOtherIncomeExpensesNet": 46795000, "incomeBeforeTax": 44630000, "incomeBeforeTaxRatio": 0.0499156143, "incomeTaxExpense": 11572000, "netIncome": 33058000, "netIncomeRatio": 0.0369731207, "eps": 1.95, "epsdiluted": 1.92, "weightedAverageShsOut": 16916000, "weightedAverageShsOutDil": 17199000, "link": "https://www.sec.gov/Archives/edgar/data/1282637/000119312505049487/0001193125-05-049487-index.htm", "finalLink": "https://www.sec.gov/Archives/edgar/data/1282637/000119312505049487/d10k.htm", "calculatedOtherExpenses": -46471000, "calculatedOperatingExpenses": 115740000, "calculatedNetInterest": -18254000, "calculatedOtherIncome": 324000, "calculatedIncomeNonControlling": 0, "calculatedEbitda": 107335000}, {"date": "2003-12-31", "symbol": "NEU", "reportedCurrency": "USD", "cik": "0001282637", "fillingDate": "2003-12-31", "acceptedDate": "2003-12-30 19:00:00", "calendarYear": "2003", "period": "FY", "revenue": 756341000, "costOfRevenue": 590430000, "grossProfit": 165911000, "grossProfitRatio": 0.2193600506, "researchAndDevelopmentExpenses": 56954000, "generalAndAdministrativeExpenses": 0, "sellingAndMarketingExpenses": 0, "sellingGeneralAndAdministrativeExpenses": 89001000, "otherExpenses": -29603000, "operatingExpenses": 116352000, "costAndExpenses": 706782000, "interestIncome": 0, "interestExpense": 0, "depreciationAndAmortization": 50391000, "ebitda": 69436000, "ebitdaratio": 0.0918051514, "operatingIncome": 49559000, "operatingIncomeRatio": 0.0655246774, "totalOtherIncomeExpensesNet": 30514000, "incomeBeforeTax": 29342000, "incomeBeforeTaxRatio": 0.0387946707, "incomeTaxExpense": 8718000, "netIncome": 37053000, "netIncomeRatio": 0.0489898075, "eps": 2.21, "epsdiluted": 2.19, "weightedAverageShsOut": 16733000, "weightedAverageShsOutDil": 16940000, "link": "", "finalLink": "", "calculatedOtherExpenses": -29603000, "calculatedOperatingExpenses": 116352000, "calculatedNetInterest": 0, "calculatedOtherIncome": -20217000, "calculatedIncomeNonControlling": -16429000, "calculatedEbitda": 99950000}, {"date": "2002-12-31", "symbol": "NEU", "reportedCurrency": "USD", "cik": "0001282637", "fillingDate": "2002-12-31", "acceptedDate": "2002-12-30 19:00:00", "calendarYear": "2002", "period": "FY", "revenue": 656350000, "costOfRevenue": 518031000, "grossProfit": 138319000, "grossProfitRatio": 0.2107396968, "researchAndDevelopmentExpenses": 50504000, "generalAndAdministrativeExpenses": 0, "sellingAndMarketingExpenses": 0, "sellingGeneralAndAdministrativeExpenses": 74181000, "otherExpenses": -25756000, "operatingExpenses": 98929000, "costAndExpenses": 616960000, "interestIncome": 0, "interestExpense": 0, "depreciationAndAmortization": 52422000, "ebitda": 66603000, "ebitdaratio": 0.1014748229, "operatingIncome": 39390000, "operatingIncomeRatio": 0.0600137122, "totalOtherIncomeExpensesNet": 25209000, "incomeBeforeTax": 13269000, "incomeBeforeTaxRatio": 0.020216348, "incomeTaxExpense": 3756000, "netIncome": 9909000, "netIncomeRatio": 0.0150971281, "eps": 0.59, "epsdiluted": 0.59, "weightedAverageShsOut": 16689000, "weightedAverageShsOutDil": 16732000, "link": "", "finalLink": "", "calculatedOtherExpenses": -25756000, "calculatedOperatingExpenses": 98929000, "calculatedNetInterest": 0, "calculatedOtherIncome": -26121000, "calculatedIncomeNonControlling": -396000, "calculatedEbitda": 91812000}, {"date": "2001-12-31", "symbol": "NEU", "reportedCurrency": "USD", "cik": "0001282637", "fillingDate": "2001-12-31", "acceptedDate": "2001-12-30 19:00:00", "calendarYear": "2001", "period": "FY", "revenue": 724462000, "costOfRevenue": 631133000, "grossProfit": 93329000, "grossProfitRatio": 0.1288252524, "researchAndDevelopmentExpenses": 57607000, "generalAndAdministrativeExpenses": 0, "sellingAndMarketingExpenses": 0, "sellingGeneralAndAdministrativeExpenses": 70188000, "otherExpenses": 77445000, "operatingExpenses": 205240000, "costAndExpenses": 836373000, "interestIncome": 0, "interestExpense": 0, "depreciationAndAmortization": 99518000, "ebitda": 69326000, "ebitdaratio": 0.0956930798, "operatingIncome": -111911000, "operatingIncomeRatio": -0.1544746308, "totalOtherIncomeExpensesNet": -81719000, "incomeBeforeTax": -148993000, "incomeBeforeTaxRatio": -0.2056602003, "incomeTaxExpense": -43953000, "netIncome": -105040000, "netIncomeRatio": -0.1449903515, "eps": -6.29, "epsdiluted": -6.29, "weightedAverageShsOut": 16689000, "weightedAverageShsOutDil": 16689000, "link": "", "finalLink": "", "calculatedOtherExpenses": 77445000, "calculatedOperatingExpenses": 205240000, "calculatedNetInterest": 0, "calculatedOtherIncome": -37082000, "calculatedIncomeNonControlling": 0, "calculatedEbitda": -12393000}, {"date": "2000-12-31", "symbol": "NEU", "reportedCurrency": "USD", "cik": "0001282637", "fillingDate": "2000-12-31", "acceptedDate": "2000-12-30 19:00:00", "calendarYear": "2000", "period": "FY", "revenue": 820870000, "costOfRevenue": 589462000, "grossProfit": 231408000, "grossProfitRatio": 0.2819057829, "researchAndDevelopmentExpenses": 72941000, "generalAndAdministrativeExpenses": 0, "sellingAndMarketingExpenses": 0, "sellingGeneralAndAdministrativeExpenses": 75876000, "otherExpenses": 66256000, "operatingExpenses": 215073000, "costAndExpenses": 804535000, "interestIncome": 0, "interestExpense": 0, "depreciationAndAmortization": 66256000, "ebitda": -27244000, "ebitdaratio": -0.0331891773, "operatingIncome": 16335000, "operatingIncomeRatio": 0.0198996187, "totalOtherIncomeExpensesNet": 109835000, "incomeBeforeTax": 90095000, "incomeBeforeTaxRatio": 0.1097555033, "incomeTaxExpense": 29098000, "netIncome": 60997000, "netIncomeRatio": 0.0743077467, "eps": 3.65, "epsdiluted": 3.65, "weightedAverageShsOut": 16692000, "weightedAverageShsOutDil": 16692000, "link": "", "finalLink": "", "calculatedOtherExpenses": 66256000, "calculatedOperatingExpenses": 215073000, "calculatedNetInterest": 0, "calculatedOtherIncome": 73760000, "calculatedIncomeNonControlling": 0, "calculatedEbitda": 82591000}, {"date": "1999-12-31", "symbol": "NEU", "reportedCurrency": "USD", "cik": "0001282637", "fillingDate": "1999-12-31", "acceptedDate": "1999-12-30 19:00:00", "calendarYear": "1999", "period": "FY", "revenue": 843700000, "costOfRevenue": 584200000, "grossProfit": 259500000, "grossProfitRatio": 0.3075737822, "researchAndDevelopmentExpenses": 67000000, "generalAndAdministrativeExpenses": 0, "sellingAndMarketingExpenses": 0, "sellingGeneralAndAdministrativeExpenses": 72600000, "otherExpenses": 65100000, "operatingExpenses": 204700000, "costAndExpenses": 788900000, "interestIncome": 0, "interestExpense": 0, "depreciationAndAmortization": 65100000, "ebitda": 58100000, "ebitdaratio": 0.06886334, "operatingIncome": 54800000, "operatingIncomeRatio": 0.0649519972, "totalOtherIncomeExpensesNet": 61800000, "incomeBeforeTax": 81100000, "incomeBeforeTaxRatio": 0.0961242148, "incomeTaxExpense": 25800000, "netIncome": 55297000, "netIncomeRatio": 0.0655410691, "eps": 3.3, "epsdiluted": 3.3, "weightedAverageShsOut": 16756667, "weightedAverageShsOutDil": 16756667, "link": "", "finalLink": "", "calculatedOtherExpenses": 65100000, "calculatedOperatingExpenses": 204700000, "calculatedNetInterest": 0, "calculatedOtherIncome": 26300000, "calculatedIncomeNonControlling": 3000, "calculatedEbitda": 119900000}, {"date": "1998-12-31", "symbol": "NEU", "reportedCurrency": "USD", "cik": "0001282637", "fillingDate": "1998-12-31", "acceptedDate": "1998-12-30 19:00:00", "calendarYear": "1998", "period": "FY", "revenue": 974200000, "costOfRevenue": 661700000, "grossProfit": 312500000, "grossProfitRatio": 0.3207760214, "researchAndDevelopmentExpenses": 67400000, "generalAndAdministrativeExpenses": 0, "sellingAndMarketingExpenses": 0, "sellingGeneralAndAdministrativeExpenses": 79400000, "otherExpenses": 63300000, "operatingExpenses": 210100000, "costAndExpenses": 871800000, "interestIncome": 0, "interestExpense": 0, "depreciationAndAmortization": 63300000, "ebitda": 121300000, "ebitdaratio": 0.1245124204, "operatingIncome": 102400000, "operatingIncomeRatio": 0.1051118867, "totalOtherIncomeExpensesNet": 44400000, "incomeBeforeTax": 106400000, "incomeBeforeTaxRatio": 0.1092178197, "incomeTaxExpense": 35800000, "netIncome": 70600000, "netIncomeRatio": 0.0724697187, "eps": 4.25, "epsdiluted": 4.25, "weightedAverageShsOut": 16611765, "weightedAverageShsOutDil": 16611765, "link": "", "finalLink": "", "calculatedOtherExpenses": 63300000, "calculatedOperatingExpenses": 210100000, "calculatedNetInterest": 0, "calculatedOtherIncome": 4000000, "calculatedIncomeNonControlling": 0, "calculatedEbitda": 165700000}, {"date": "1997-12-31", "symbol": "NEU", "reportedCurrency": "USD", "cik": "0001282637", "fillingDate": "1997-12-31", "acceptedDate": "1997-12-30 19:00:00", "calendarYear": "1997", "period": "FY", "revenue": 1063600000, "costOfRevenue": 699900000, "grossProfit": 363700000, "grossProfitRatio": 0.3419518616, "researchAndDevelopmentExpenses": 71200000, "generalAndAdministrativeExpenses": 0, "sellingAndMarketingExpenses": 0, "sellingGeneralAndAdministrativeExpenses": 90900000, "otherExpenses": 61800000, "operatingExpenses": 223900000, "costAndExpenses": 923800000, "interestIncome": 0, "interestExpense": 0, "depreciationAndAmortization": 61800000, "ebitda": 205900000, "ebitdaratio": 0.193587815, "operatingIncome": 139800000, "operatingIncomeRatio": 0.1314403911, "totalOtherIncomeExpensesNet": -4300000, "incomeBeforeTax": 110000000, "incomeBeforeTaxRatio": 0.1034223392, "incomeTaxExpense": 32500000, "netIncome": 77500000, "netIncomeRatio": 0.072865739, "eps": 3.55, "epsdiluted": 3.55, "weightedAverageShsOut": 23615385, "weightedAverageShsOutDil": 23615385, "link": "", "finalLink": "", "calculatedOtherExpenses": 61800000, "calculatedOperatingExpenses": 223900000, "calculatedNetInterest": 0, "calculatedOtherIncome": -29800000, "calculatedIncomeNonControlling": 0, "calculatedEbitda": 201600000}, {"date": "1996-12-31", "symbol": "NEU", "reportedCurrency": "USD", "cik": "0001282637", "fillingDate": "1996-12-31", "acceptedDate": "1996-12-30 19:00:00", "calendarYear": "1996", "period": "FY", "revenue": 1149700000, "costOfRevenue": 742700000, "grossProfit": 407000000, "grossProfitRatio": 0.3540053927, "researchAndDevelopmentExpenses": 0, "generalAndAdministrativeExpenses": 0, "sellingAndMarketingExpenses": 0, "sellingGeneralAndAdministrativeExpenses": 175300000, "otherExpenses": 61900000, "operatingExpenses": 237200000, "costAndExpenses": 979900000, "interestIncome": 0, "interestExpense": 0, "depreciationAndAmortization": 61900000, "ebitda": 231300000, "ebitdaratio": 0.2011829173, "operatingIncome": 169800000, "operatingIncomeRatio": 0.1476907019, "totalOtherIncomeExpensesNet": 400000, "incomeBeforeTax": 145800000, "incomeBeforeTaxRatio": 0.126815691, "incomeTaxExpense": 52800000, "netIncome": 93000000, "netIncomeRatio": 0.0808906671, "eps": 3.9, "epsdiluted": 3.9, "weightedAverageShsOut": 23846154, "weightedAverageShsOutDil": 23846154, "link": "", "finalLink": "", "calculatedOtherExpenses": 61900000, "calculatedOperatingExpenses": 237200000, "calculatedNetInterest": 0, "calculatedOtherIncome": -24000000, "calculatedIncomeNonControlling": 0, "calculatedEbitda": 231700000}, {"date": "1995-12-31", "symbol": "NEU", "reportedCurrency": "USD", "cik": "0001282637", "fillingDate": "1995-12-31", "acceptedDate": "1995-12-30 19:00:00", "calendarYear": "1995", "period": "FY", "revenue": 960500000, "costOfRevenue": 586900000, "grossProfit": 373600000, "grossProfitRatio": 0.3889640812, "researchAndDevelopmentExpenses": 0, "generalAndAdministrativeExpenses": 0, "sellingAndMarketingExpenses": 0, "sellingGeneralAndAdministrativeExpenses": 177200000, "otherExpenses": 49200000, "operatingExpenses": 226400000, "costAndExpenses": 813300000, "interestIncome": 0, "interestExpense": 0, "depreciationAndAmortization": 49200000, "ebitda": 200600000, "ebitdaratio": 0.2088495575, "operatingIncome": 147200000, "operatingIncomeRatio": 0.1532535138, "totalOtherIncomeExpensesNet": -4200000, "incomeBeforeTax": 116200000, "incomeBeforeTaxRatio": 0.1209786569, "incomeTaxExpense": 42200000, "netIncome": 74000000, "netIncomeRatio": 0.0770432067, "eps": 3.1, "epsdiluted": 3.1, "weightedAverageShsOut": 23870968, "weightedAverageShsOutDil": 23953488, "link": "", "finalLink": "", "calculatedOtherExpenses": 49200000, "calculatedOperatingExpenses": 226400000, "calculatedNetInterest": 0, "calculatedOtherIncome": -31000000, "calculatedIncomeNonControlling": 0, "calculatedEbitda": 196400000}, {"date": "1994-12-31", "symbol": "NEU", "reportedCurrency": "USD", "cik": "0001282637", "fillingDate": "1994-12-31", "acceptedDate": "1994-12-30 19:00:00", "calendarYear": "1994", "period": "FY", "revenue": 1174100000, "costOfRevenue": 722500000, "grossProfit": 451600000, "grossProfitRatio": 0.3846350396, "researchAndDevelopmentExpenses": 82700000, "generalAndAdministrativeExpenses": 0, "sellingAndMarketingExpenses": 0, "sellingGeneralAndAdministrativeExpenses": 144500000, "otherExpenses": 54000000, "operatingExpenses": 281200000, "costAndExpenses": 1003700000, "interestIncome": 0, "interestExpense": 0, "depreciationAndAmortization": 54000000, "ebitda": 228300000, "ebitdaratio": 0.1944468103, "operatingIncome": 170400000, "operatingIncomeRatio": 0.1451324419, "totalOtherIncomeExpensesNet": -3900000, "incomeBeforeTax": 141200000, "incomeBeforeTaxRatio": 0.1202623286, "incomeTaxExpense": 43400000, "netIncome": 97800000, "netIncomeRatio": 0.0832978452, "eps": 4.15, "epsdiluted": 4.15, "weightedAverageShsOut": 23566265, "weightedAverageShsOutDil": 23691000, "link": "", "finalLink": "", "calculatedOtherExpenses": 54000000, "calculatedOperatingExpenses": 281200000, "calculatedNetInterest": 0, "calculatedOtherIncome": -29200000, "calculatedIncomeNonControlling": 0, "calculatedEbitda": 224400000}, {"date": "1993-12-31", "symbol": "NEU", "reportedCurrency": "USD", "cik": "0001282637", "fillingDate": "1993-12-31", "acceptedDate": "1993-12-30 19:00:00", "calendarYear": "1993", "period": "FY", "revenue": 1938400000, "costOfRevenue": 1258800000, "grossProfit": 679600000, "grossProfitRatio": 0.3505984317, "researchAndDevelopmentExpenses": 0, "generalAndAdministrativeExpenses": 0, "sellingAndMarketingExpenses": 0, "sellingGeneralAndAdministrativeExpenses": 384600000, "otherExpenses": 127500000, "operatingExpenses": 512100000, "costAndExpenses": 1770900000, "interestIncome": 0, "interestExpense": 0, "depreciationAndAmortization": 127500000, "ebitda": 285000000, "ebitdaratio": 0.1470284771, "operatingIncome": 167500000, "operatingIncomeRatio": 0.0864114734, "totalOtherIncomeExpensesNet": 10000000, "incomeBeforeTax": 133500000, "incomeBeforeTaxRatio": 0.068871234, "incomeTaxExpense": 43500000, "netIncome": 175500000, "netIncomeRatio": 0.0905385885, "eps": 7.4, "epsdiluted": 7.4, "weightedAverageShsOut": 23716216, "weightedAverageShsOutDil": 23716216, "link": "", "finalLink": "", "calculatedOtherExpenses": 127500000, "calculatedOperatingExpenses": 512100000, "calculatedNetInterest": 0, "calculatedOtherIncome": -34000000, "calculatedIncomeNonControlling": -85500000, "calculatedEbitda": 295000000}, {"date": "1992-12-31", "symbol": "NEU", "reportedCurrency": "USD", "cik": "0001282637", "fillingDate": "1992-12-31", "acceptedDate": "1992-12-30 19:00:00", "calendarYear": "1992", "period": "FY", "revenue": 2975000000, "costOfRevenue": 1092000000, "grossProfit": 1883000000, "grossProfitRatio": 0.6329411765, "researchAndDevelopmentExpenses": 0, "generalAndAdministrativeExpenses": 0, "sellingAndMarketingExpenses": 0, "sellingGeneralAndAdministrativeExpenses": 1356100000, "otherExpenses": 105800000, "operatingExpenses": 1461900000, "costAndExpenses": 2553900000, "interestIncome": 0, "interestExpense": 0, "depreciationAndAmortization": 105800000, "ebitda": 441300000, "ebitdaratio": 0.1483361345, "operatingIncome": 421100000, "operatingIncomeRatio": 0.1415462185, "totalOtherIncomeExpensesNet": 85600000, "incomeBeforeTax": 443200000, "incomeBeforeTaxRatio": 0.1489747899, "incomeTaxExpense": 173800000, "netIncome": 255000000, "netIncomeRatio": 0.0857142857, "eps": 10.75, "epsdiluted": 10.75, "weightedAverageShsOut": 23720930, "weightedAverageShsOutDil": 23720930, "link": "", "finalLink": "", "calculatedOtherExpenses": 105800000, "calculatedOperatingExpenses": 1461900000, "calculatedNetInterest": 0, "calculatedOtherIncome": 22100000, "calculatedIncomeNonControlling": 14400000, "calculatedEbitda": 526900000}, {"date": "1991-12-31", "symbol": "NEU", "reportedCurrency": "USD", "cik": "0001282637", "fillingDate": "1991-12-31", "acceptedDate": "1991-12-30 19:00:00", "calendarYear": "1991", "period": "FY", "revenue": 2574900000, "costOfRevenue": 954800000, "grossProfit": 1620100000, "grossProfitRatio": 0.6291894831, "researchAndDevelopmentExpenses": 0, "generalAndAdministrativeExpenses": 0, "sellingAndMarketingExpenses": 0, "sellingGeneralAndAdministrativeExpenses": 1166900000, "otherExpenses": 89900000, "operatingExpenses": 1256800000, "costAndExpenses": 2211600000, "interestIncome": 0, "interestExpense": 0, "depreciationAndAmortization": 89900000, "ebitda": 462700000, "ebitdaratio": 0.1796962989, "operatingIncome": 363300000, "operatingIncomeRatio": 0.141092858, "totalOtherIncomeExpensesNet": -9500000, "incomeBeforeTax": 294700000, "incomeBeforeTaxRatio": 0.1144510466, "incomeTaxExpense": 88000000, "netIncome": 206700000, "netIncomeRatio": 0.0802749621, "eps": 8.75, "epsdiluted": 8.75, "weightedAverageShsOut": 23622857, "weightedAverageShsOutDil": 23622857, "link": "", "finalLink": "", "calculatedOtherExpenses": 89900000, "calculatedOperatingExpenses": 1256800000, "calculatedNetInterest": 0, "calculatedOtherIncome": -68600000, "calculatedIncomeNonControlling": 0, "calculatedEbitda": 453200000}, {"date": "1990-12-31", "symbol": "NEU", "reportedCurrency": "USD", "cik": "0001282637", "fillingDate": "1990-12-31", "acceptedDate": "1990-12-30 19:00:00", "calendarYear": "1990", "period": "FY", "revenue": 2513800000, "costOfRevenue": 1000000000, "grossProfit": 1513800000, "grossProfitRatio": 0.6021958787, "researchAndDevelopmentExpenses": 0, "generalAndAdministrativeExpenses": 0, "sellingAndMarketingExpenses": 0, "sellingGeneralAndAdministrativeExpenses": 1043600000, "otherExpenses": 88500000, "operatingExpenses": 1132100000, "costAndExpenses": 2132100000, "interestIncome": 0, "interestExpense": 0, "depreciationAndAmortization": 88500000, "ebitda": 431600000, "ebitdaratio": 0.1716922587, "operatingIncome": 381700000, "operatingIncomeRatio": 0.1518418331, "totalOtherIncomeExpensesNet": 38600000, "incomeBeforeTax": 355400000, "incomeBeforeTaxRatio": 0.1413795847, "incomeTaxExpense": 123200000, "netIncome": 232200000, "netIncomeRatio": 0.092370117, "eps": 9.75, "epsdiluted": 9.75, "weightedAverageShsOut": 23805128, "weightedAverageShsOutDil": 23805128, "link": "", "finalLink": "", "calculatedOtherExpenses": 88500000, "calculatedOperatingExpenses": 1132100000, "calculatedNetInterest": 0, "calculatedOtherIncome": -26300000, "calculatedIncomeNonControlling": 0, "calculatedEbitda": 470200000}, {"date": "1989-12-31", "symbol": "NEU", "reportedCurrency": "USD", "cik": "0001282637", "fillingDate": "1989-12-31", "acceptedDate": "1989-12-30 19:00:00", "calendarYear": "1989", "period": "FY", "revenue": 2431700000, "costOfRevenue": 1667800000, "grossProfit": 763900000, "grossProfitRatio": 0.3141423695, "researchAndDevelopmentExpenses": 0, "generalAndAdministrativeExpenses": 0, "sellingAndMarketingExpenses": 0, "sellingGeneralAndAdministrativeExpenses": 308600000, "otherExpenses": 81700000, "operatingExpenses": 390300000, "costAndExpenses": 2058100000, "interestIncome": 0, "interestExpense": 0, "depreciationAndAmortization": 81700000, "ebitda": 444900000, "ebitdaratio": 0.1829584241, "operatingIncome": 373600000, "operatingIncomeRatio": 0.153637373, "totalOtherIncomeExpensesNet": 10400000, "incomeBeforeTax": 322900000, "incomeBeforeTaxRatio": 0.1327877616, "incomeTaxExpense": 103400000, "netIncome": 231400000, "netIncomeRatio": 0.0951597648, "eps": 3.55, "epsdiluted": 3.55, "weightedAverageShsOut": 24100000, "weightedAverageShsOutDil": 24100000, "link": "", "finalLink": "", "calculatedOtherExpenses": 81700000, "calculatedOperatingExpenses": 390300000, "calculatedNetInterest": 0, "calculatedOtherIncome": -50700000, "calculatedIncomeNonControlling": -11900000, "calculatedEbitda": 455300000}, {"date": "1988-12-31", "symbol": "NEU", "reportedCurrency": "USD", "cik": "0001282637", "fillingDate": "1988-12-31", "acceptedDate": "1988-12-30 19:00:00", "calendarYear": "1988", "period": "FY", "revenue": 2011500000, "costOfRevenue": 1386700000, "grossProfit": 624800000, "grossProfitRatio": 0.3106139697, "researchAndDevelopmentExpenses": 0, "generalAndAdministrativeExpenses": 0, "sellingAndMarketingExpenses": 0, "sellingGeneralAndAdministrativeExpenses": 239800000, "otherExpenses": 94900000, "operatingExpenses": 334700000, "costAndExpenses": 1721400000, "interestIncome": 0, "interestExpense": 0, "depreciationAndAmortization": 94900000, "ebitda": 257200000, "ebitdaratio": 0.1278647775, "operatingIncome": 290100000, "operatingIncomeRatio": 0.1442207308, "totalOtherIncomeExpensesNet": 127800000, "incomeBeforeTax": 353200000, "incomeBeforeTaxRatio": 0.1755903555, "incomeTaxExpense": 122200000, "netIncome": 231000000, "netIncomeRatio": 0.1148396719, "eps": 9.55, "epsdiluted": 9.55, "weightedAverageShsOut": 24178010, "weightedAverageShsOutDil": 24178010, "link": "", "finalLink": "", "calculatedOtherExpenses": 94900000, "calculatedOperatingExpenses": 334700000, "calculatedNetInterest": 0, "calculatedOtherIncome": 63100000, "calculatedIncomeNonControlling": 0, "calculatedEbitda": 385000000}, {"date": "1987-12-31", "symbol": "NEU", "reportedCurrency": "USD", "cik": "0001282637", "fillingDate": "1987-12-31", "acceptedDate": "1987-12-30 19:00:00", "calendarYear": "1987", "period": "FY", "revenue": 1720300000, "costOfRevenue": 1171500000, "grossProfit": 548800000, "grossProfitRatio": 0.3190141254, "researchAndDevelopmentExpenses": 0, "generalAndAdministrativeExpenses": 0, "sellingAndMarketingExpenses": 0, "sellingGeneralAndAdministrativeExpenses": 215200000, "otherExpenses": 89400000, "operatingExpenses": 304600000, "costAndExpenses": 1476100000, "interestIncome": 0, "interestExpense": 0, "depreciationAndAmortization": 89400000, "ebitda": 212000000, "ebitdaratio": 0.1232343196, "operatingIncome": 244200000, "operatingIncomeRatio": 0.1419519851, "totalOtherIncomeExpensesNet": 121600000, "incomeBeforeTax": 309000000, "incomeBeforeTaxRatio": 0.1796198337, "incomeTaxExpense": 115700000, "netIncome": 193300000, "netIncomeRatio": 0.1123641225, "eps": 7.85, "epsdiluted": 7.85, "weightedAverageShsOut": 24598726, "weightedAverageShsOutDil": 24598726, "link": "", "finalLink": "", "calculatedOtherExpenses": 89400000, "calculatedOperatingExpenses": 304600000, "calculatedNetInterest": 0, "calculatedOtherIncome": 64800000, "calculatedIncomeNonControlling": 0, "calculatedEbitda": 333600000}, {"date": "1986-12-31", "symbol": "NEU", "reportedCurrency": "USD", "cik": "0001282637", "fillingDate": "1986-12-31", "acceptedDate": "1986-12-30 19:00:00", "calendarYear": "1986", "period": "FY", "revenue": 1579300000, "costOfRevenue": 1063900000, "grossProfit": 515400000, "grossProfitRatio": 0.3263471158, "researchAndDevelopmentExpenses": 0, "generalAndAdministrativeExpenses": 0, "sellingAndMarketingExpenses": 0, "sellingGeneralAndAdministrativeExpenses": 191100000, "otherExpenses": 84800000, "operatingExpenses": 275900000, "costAndExpenses": 1339800000, "interestIncome": 0, "interestExpense": 0, "depreciationAndAmortization": 84800000, "ebitda": 226900000, "ebitdaratio": 0.1436712468, "operatingIncome": 239500000, "operatingIncomeRatio": 0.151649465, "totalOtherIncomeExpensesNet": 97400000, "incomeBeforeTax": 290900000, "incomeBeforeTaxRatio": 0.1841955297, "incomeTaxExpense": 113200000, "netIncome": 177700000, "netIncomeRatio": 0.1125182043, "eps": 7, "epsdiluted": 7, "weightedAverageShsOut": 25328571, "weightedAverageShsOutDil": 25328571, "link": "", "finalLink": "", "calculatedOtherExpenses": 84800000, "calculatedOperatingExpenses": 275900000, "calculatedNetInterest": 0, "calculatedOtherIncome": 51400000, "calculatedIncomeNonControlling": 0, "calculatedEbitda": 324300000}, {"date": "1985-12-31", "symbol": "NEU", "reportedCurrency": "USD", "cik": "0001282637", "fillingDate": "1985-12-31", "acceptedDate": "1985-12-30 19:00:00", "calendarYear": "1985", "period": "FY", "revenue": 1547000000, "costOfRevenue": 1077900000, "grossProfit": 469100000, "grossProfitRatio": 0.3032320621, "researchAndDevelopmentExpenses": 0, "generalAndAdministrativeExpenses": 0, "sellingAndMarketingExpenses": 0, "sellingGeneralAndAdministrativeExpenses": 192800000, "otherExpenses": 81700000, "operatingExpenses": 274500000, "costAndExpenses": 1352400000, "interestIncome": 0, "interestExpense": 0, "depreciationAndAmortization": 81700000, "ebitda": 232000000, "ebitdaratio": 0.1499676794, "operatingIncome": 194600000, "operatingIncomeRatio": 0.1257918552, "totalOtherIncomeExpensesNet": 44300000, "incomeBeforeTax": 189500000, "incomeBeforeTaxRatio": 0.1224951519, "incomeTaxExpense": 72400000, "netIncome": 117100000, "netIncomeRatio": 0.0756948933, "eps": 4.6, "epsdiluted": 4.6, "weightedAverageShsOut": 25217391, "weightedAverageShsOutDil": 25217391, "link": "", "finalLink": "", "calculatedOtherExpenses": 81700000, "calculatedOperatingExpenses": 274500000, "calculatedNetInterest": 0, "calculatedOtherIncome": -5100000, "calculatedIncomeNonControlling": 0, "calculatedEbitda": 276300000}]}