{"originalCurrency": "USD", "convertedCurrency": "USD", "report": [{"date": "2023-12-31", "symbol": "NFE", "reportedCurrency": "USD", "cik": "0001749723", "fillingDate": "2024-02-29", "acceptedDate": "2024-02-29 07:05:31", "calendarYear": "2023", "period": "FY", "revenue": 2413296000, "costOfRevenue": 1276999000, "grossProfit": 1136297000, "grossProfitRatio": 0.4708485822, "researchAndDevelopmentExpenses": 0, "generalAndAdministrativeExpenses": 0, "sellingAndMarketingExpenses": 0, "sellingGeneralAndAdministrativeExpenses": 205104000, "otherExpenses": -10408000, "operatingExpenses": 205104000, "costAndExpenses": 1482103000, "interestIncome": 0, "interestExpense": 277842000, "depreciationAndAmortization": 187324000, "ebitda": 1118517000, "ebitdaratio": 0.4634810649, "operatingIncome": 931193000, "operatingIncomeRatio": 0.3858594221, "totalOtherIncomeExpensesNet": -266804000, "incomeBeforeTax": 664389000, "incomeBeforeTaxRatio": 0.2753035682, "incomeTaxExpense": 115513000, "netIncome": 547882000, "netIncomeRatio": 0.2270264402, "eps": 2.66, "epsdiluted": 2.65, "weightedAverageShsOut": 205942837, "weightedAverageShsOutDil": 206481977, "link": "https://www.sec.gov/Archives/edgar/data/1749723/000174972324000006/0001749723-24-000006-index.htm", "finalLink": "https://www.sec.gov/Archives/edgar/data/1749723/000174972324000006/nfe-12312023x8xkex991.htm", "calculatedOtherExpenses": 0, "calculatedOperatingExpenses": 205104000, "calculatedNetInterest": -277842000, "calculatedOtherIncome": 11038000, "calculatedIncomeNonControlling": 994000, "calculatedEbitda": 1118517000}, {"date": "2022-12-31", "symbol": "NFE", "reportedCurrency": "USD", "cik": "0001749723", "fillingDate": "2023-03-01", "acceptedDate": "2023-03-01 13:46:49", "calendarYear": "2022", "period": "FY", "revenue": 2368272000, "costOfRevenue": 1179746000, "grossProfit": 1188526000, "grossProfitRatio": 0.5018536722, "researchAndDevelopmentExpenses": 0, "generalAndAdministrativeExpenses": 0, "sellingAndMarketingExpenses": 0, "sellingGeneralAndAdministrativeExpenses": 236051000, "otherExpenses": 142640000, "operatingExpenses": 378691000, "costAndExpenses": 1558437000, "interestIncome": 205861000, "interestExpense": 236861000, "depreciationAndAmortization": 143589000, "ebitda": 529249000, "ebitdaratio": 0.2234747529, "operatingIncome": 385660000, "operatingIncomeRatio": 0.1628444706, "totalOtherIncomeExpensesNet": -324313000, "incomeBeforeTax": 61347000, "incomeBeforeTaxRatio": 0.0259036969, "incomeTaxExpense": -123439000, "netIncome": 194479000, "netIncomeRatio": 0.0821185235, "eps": 0.93, "epsdiluted": 0.93, "weightedAverageShsOut": 209501298, "weightedAverageShsOutDil": 209854413, "link": "https://www.sec.gov/Archives/edgar/data/1749723/000174972323000010/0001749723-23-000010-index.htm", "finalLink": "https://www.sec.gov/Archives/edgar/data/1749723/000174972323000010/nfe-20221231.htm", "calculatedOtherExpenses": 566815000, "calculatedOperatingExpenses": 802866000, "calculatedNetInterest": -31000000, "calculatedOtherIncome": -293313000, "calculatedIncomeNonControlling": -9693000, "calculatedEbitda": 529249000}, {"date": "2021-12-31", "symbol": "NFE", "reportedCurrency": "USD", "cik": "0001749723", "fillingDate": "2022-03-01", "acceptedDate": "2022-03-01 17:15:59", "calendarYear": "2021", "period": "FY", "revenue": 1322810000, "costOfRevenue": 741003000, "grossProfit": 581807000, "grossProfitRatio": 0.4398265813, "researchAndDevelopmentExpenses": 0, "generalAndAdministrativeExpenses": 0, "sellingAndMarketingExpenses": 0, "sellingGeneralAndAdministrativeExpenses": 199881000, "otherExpenses": 98377000, "operatingExpenses": 298258000, "costAndExpenses": 1039261000, "interestIncome": 154324000, "interestExpense": 154324000, "depreciationAndAmortization": 175808000, "ebitda": 414686000, "ebitdaratio": 0.3134887096, "operatingIncome": 238878000, "operatingIncomeRatio": 0.1805837573, "totalOtherIncomeExpensesNet": -133706000, "incomeBeforeTax": 105172000, "incomeBeforeTaxRatio": 0.0795065051, "incomeTaxExpense": 12461000, "netIncome": 97104000, "netIncomeRatio": 0.0734073676, "eps": 0.49, "epsdiluted": 0.48, "weightedAverageShsOut": 198593042, "weightedAverageShsOutDil": 201703176, "link": "https://www.sec.gov/Archives/edgar/data/1749723/000114036122007364/0001140361-22-007364-index.htm", "finalLink": "https://www.sec.gov/Archives/edgar/data/1749723/000114036122007364/brhc10034476_10k.htm", "calculatedOtherExpenses": 143048000, "calculatedOperatingExpenses": 342929000, "calculatedNetInterest": 0, "calculatedOtherIncome": -133706000, "calculatedIncomeNonControlling": -4393000, "calculatedEbitda": 414686000}, {"date": "2020-12-31", "symbol": "NFE", "reportedCurrency": "USD", "cik": "0001749723", "fillingDate": "2021-03-16", "acceptedDate": "2021-03-16 16:52:02", "calendarYear": "2020", "period": "FY", "revenue": 451650000, "costOfRevenue": 326348000, "grossProfit": 125302000, "grossProfitRatio": 0.2774316395, "researchAndDevelopmentExpenses": 0, "generalAndAdministrativeExpenses": 0, "sellingAndMarketingExpenses": 0, "sellingGeneralAndAdministrativeExpenses": 124170000, "otherExpenses": 156490000, "operatingExpenses": 280660000, "costAndExpenses": 607008000, "interestIncome": 65723000, "interestExpense": 65723000, "depreciationAndAmortization": 28298000, "ebitda": -127060000, "ebitdaratio": -0.2813240341, "operatingIncome": -155358000, "operatingIncomeRatio": -0.3439787446, "totalOtherIncomeExpensesNet": -103790000, "incomeBeforeTax": -259148000, "incomeBeforeTaxRatio": -0.5737805823, "incomeTaxExpense": 4817000, "netIncome": -263965000, "netIncomeRatio": -0.5844459205, "eps": -2.47, "epsdiluted": -2.47, "weightedAverageShsOut": 106654918, "weightedAverageShsOutDil": 106654918, "link": "https://www.sec.gov/Archives/edgar/data/1749723/000114036121008724/0001140361-21-008724-index.htm", "finalLink": "https://www.sec.gov/Archives/edgar/data/1749723/000114036121008724/brhc10021589_10k.htm", "calculatedOtherExpenses": 156490000, "calculatedOperatingExpenses": 280660000, "calculatedNetInterest": 0, "calculatedOtherIncome": -103790000, "calculatedIncomeNonControlling": 0, "calculatedEbitda": -127060000}, {"date": "2019-12-31", "symbol": "NFE", "reportedCurrency": "USD", "cik": "0001749723", "fillingDate": "2020-03-04", "acceptedDate": "2020-03-04 17:22:33", "calendarYear": "2019", "period": "FY", "revenue": 189125000, "costOfRevenue": 210258000, "grossProfit": -21133000, "grossProfitRatio": -0.1117409121, "researchAndDevelopmentExpenses": 0, "generalAndAdministrativeExpenses": 0, "sellingAndMarketingExpenses": 0, "sellingGeneralAndAdministrativeExpenses": 152922000, "otherExpenses": 13220000, "operatingExpenses": 166142000, "costAndExpenses": 376400000, "interestIncome": 19412000, "interestExpense": 19412000, "depreciationAndAmortization": 11448000, "ebitda": -175827000, "ebitdaratio": -0.9296867151, "operatingIncome": -187275000, "operatingIncomeRatio": -0.9902181097, "totalOtherIncomeExpensesNet": -16605000, "incomeBeforeTax": -203880000, "incomeBeforeTaxRatio": -1.0780171844, "incomeTaxExpense": 439000, "netIncome": -204319000, "netIncomeRatio": -1.0803384005, "eps": -9.79, "epsdiluted": -9.79, "weightedAverageShsOut": 20862555, "weightedAverageShsOutDil": 20862555, "link": "https://www.sec.gov/Archives/edgar/data/1749723/000114036120004834/0001140361-20-004834-index.htm", "finalLink": "https://www.sec.gov/Archives/edgar/data/1749723/000114036120004834/form10k.htm", "calculatedOtherExpenses": 13220000, "calculatedOperatingExpenses": 166142000, "calculatedNetInterest": 0, "calculatedOtherIncome": -16605000, "calculatedIncomeNonControlling": 0, "calculatedEbitda": -175827000}, {"date": "2018-12-31", "symbol": "NFE", "reportedCurrency": "USD", "cik": "0001749723", "fillingDate": "2019-03-26", "acceptedDate": "2019-03-26 17:28:28", "calendarYear": "2018", "period": "FY", "revenue": 112301000, "costOfRevenue": 105331000, "grossProfit": 6970000, "grossProfitRatio": 0.0620653422, "researchAndDevelopmentExpenses": 0, "generalAndAdministrativeExpenses": 0, "sellingAndMarketingExpenses": 0, "sellingGeneralAndAdministrativeExpenses": 62137000, "otherExpenses": 784000, "operatingExpenses": 65458000, "costAndExpenses": 170789000, "interestIncome": 0, "interestExpense": 11248000, "depreciationAndAmortization": 4034000, "ebitda": -53670000, "ebitdaratio": -0.47791204, "operatingIncome": -58488000, "operatingIncomeRatio": -0.5208145965, "totalOtherIncomeExpensesNet": -8784000, "incomeBeforeTax": -78520000, "incomeBeforeTaxRatio": -0.6991923491, "incomeTaxExpense": -338000, "netIncome": -78182000, "netIncomeRatio": -0.6961825807, "eps": -3.91, "epsdiluted": -3.91, "weightedAverageShsOut": 20000000, "weightedAverageShsOutDil": 20000000, "link": "https://www.sec.gov/Archives/edgar/data/1749723/000114036119005657/0001140361-19-005657-index.htm", "finalLink": "https://www.sec.gov/Archives/edgar/data/1749723/000114036119005657/s002752x1_10k.htm", "calculatedOtherExpenses": 3321000, "calculatedOperatingExpenses": 65458000, "calculatedNetInterest": -11248000, "calculatedOtherIncome": -8784000, "calculatedIncomeNonControlling": 0, "calculatedEbitda": -54454000}, {"date": "2017-12-31", "symbol": "NFE", "reportedCurrency": "USD", "cik": "0001749723", "fillingDate": "2017-12-31", "acceptedDate": "2017-12-30 19:00:00", "calendarYear": "2017", "period": "FY", "revenue": 97262000, "costOfRevenue": 86148000, "grossProfit": 11114000, "grossProfitRatio": 0.1142686764, "researchAndDevelopmentExpenses": 0, "generalAndAdministrativeExpenses": 0, "sellingAndMarketingExpenses": 0, "sellingGeneralAndAdministrativeExpenses": 33343000, "otherExpenses": 301000, "operatingExpenses": 36104000, "costAndExpenses": 122252000, "interestIncome": 0, "interestExpense": 6456000, "depreciationAndAmortization": 3214000, "ebitda": -21475000, "ebitdaratio": -0.2207953774, "operatingIncome": -24990000, "operatingIncomeRatio": -0.2569348769, "totalOtherIncomeExpensesNet": 301000, "incomeBeforeTax": -31145000, "incomeBeforeTaxRatio": -0.3202175567, "incomeTaxExpense": 526000, "netIncome": -31671000, "netIncomeRatio": -0.3256256297, "eps": -0.47, "epsdiluted": -0.47, "weightedAverageShsOut": 65006157, "weightedAverageShsOutDil": 67915822, "link": "", "finalLink": "", "calculatedOtherExpenses": 2761000, "calculatedOperatingExpenses": 36104000, "calculatedNetInterest": -6456000, "calculatedOtherIncome": 301000, "calculatedIncomeNonControlling": 0, "calculatedEbitda": -21776000}, {"date": "2016-12-31", "symbol": "NFE", "reportedCurrency": "USD", "cik": "0001749723", "fillingDate": "2016-12-31", "acceptedDate": "2016-12-30 19:00:00", "calendarYear": "2016", "period": "FY", "revenue": 21395000, "costOfRevenue": 27952000, "grossProfit": -6557000, "grossProfitRatio": -0.3064734751, "researchAndDevelopmentExpenses": 0, "generalAndAdministrativeExpenses": 0, "sellingAndMarketingExpenses": 0, "sellingGeneralAndAdministrativeExpenses": 18160000, "otherExpenses": 53000, "operatingExpenses": 20501000, "costAndExpenses": 48453000, "interestIncome": 0, "interestExpense": 5105000, "depreciationAndAmortization": 2389000, "ebitda": -24616000, "ebitdaratio": -1.1505491937, "operatingIncome": -27058000, "operatingIncomeRatio": -1.2646880112, "totalOtherIncomeExpensesNet": -1124000, "incomeBeforeTax": -33287000, "incomeBeforeTaxRatio": -1.5558308016, "incomeTaxExpense": -361000, "netIncome": -32926000, "netIncomeRatio": -1.5389577004, "eps": -0.48, "epsdiluted": -0.48, "weightedAverageShsOut": 67915822, "weightedAverageShsOutDil": 67915822, "link": "", "finalLink": "", "calculatedOtherExpenses": 2341000, "calculatedOperatingExpenses": 20501000, "calculatedNetInterest": -5105000, "calculatedOtherIncome": -1124000, "calculatedIncomeNonControlling": 0, "calculatedEbitda": -24669000}]}