{"originalCurrency": "USD", "convertedCurrency": "USD", "report": [{"date": "2023-09-30", "symbol": "NFG", "reportedCurrency": "USD", "cik": "0000070145", "fillingDate": "2023-11-17", "acceptedDate": "2023-11-17 14:56:08", "calendarYear": "2023", "period": "FY", "revenue": 2173771000, "costOfRevenue": 1325924000, "grossProfit": 847847000, "grossProfitRatio": 0.3900351049, "researchAndDevelopmentExpenses": 0, "generalAndAdministrativeExpenses": 0, "sellingAndMarketingExpenses": 941779000, "sellingGeneralAndAdministrativeExpenses": 941779000, "otherExpenses": 18138000, "operatingExpenses": 92700000, "costAndExpenses": 1418624000, "interestIncome": 131886000, "interestExpense": 131886000, "depreciationAndAmortization": 409573000, "ebitda": 1182858000, "ebitdaratio": 0.5441502348, "operatingIncome": 755147000, "operatingIncomeRatio": 0.3473903185, "totalOtherIncomeExpensesNet": 18138000, "incomeBeforeTax": 641399000, "incomeBeforeTaxRatio": 0.2950628194, "incomeTaxExpense": 164533000, "netIncome": 476866000, "netIncomeRatio": 0.2193726938, "eps": 5.2, "epsdiluted": 5.17, "weightedAverageShsOut": 91748890, "weightedAverageShsOutDil": 92285918, "link": "https://www.sec.gov/Archives/edgar/data/70145/000007014523000040/0000070145-23-000040-index.htm", "finalLink": "https://www.sec.gov/Archives/edgar/data/70145/000007014523000040/nfg-20230930.htm", "calculatedOtherExpenses": -849079000, "calculatedOperatingExpenses": 92700000, "calculatedNetInterest": 0, "calculatedOtherIncome": -113748000, "calculatedIncomeNonControlling": 0, "calculatedEbitda": 1164720000}, {"date": "2022-09-30", "symbol": "NFG", "reportedCurrency": "USD", "cik": "0000070145", "fillingDate": "2022-11-18", "acceptedDate": "2022-11-18 12:38:06", "calendarYear": "2022", "period": "FY", "revenue": 2186046000, "costOfRevenue": 1283084000, "grossProfit": 902962000, "grossProfitRatio": 0.4130571818, "researchAndDevelopmentExpenses": 0, "generalAndAdministrativeExpenses": 0, "sellingAndMarketingExpenses": 897916000, "sellingGeneralAndAdministrativeExpenses": 897916000, "otherExpenses": -796734000, "operatingExpenses": 101182000, "costAndExpenses": 1384266000, "interestIncome": 130357000, "interestExpense": 130357000, "depreciationAndAmortization": 355545000, "ebitda": 1170061000, "ebitdaratio": 0.5352407955, "operatingIncome": 814516000, "operatingIncomeRatio": 0.3725978319, "totalOtherIncomeExpensesNet": -131866000, "incomeBeforeTax": 682650000, "incomeBeforeTaxRatio": 0.3122761369, "incomeTaxExpense": 116629000, "netIncome": 566021000, "netIncomeRatio": 0.2589245606, "eps": 6.19, "epsdiluted": 6.15, "weightedAverageShsOut": 91410625, "weightedAverageShsOutDil": 92107066, "link": "https://www.sec.gov/Archives/edgar/data/70145/000007014522000034/0000070145-22-000034-index.htm", "finalLink": "https://www.sec.gov/Archives/edgar/data/70145/000007014522000034/nfg-20220930.htm", "calculatedOtherExpenses": -809470000, "calculatedOperatingExpenses": 88446000, "calculatedNetInterest": 0, "calculatedOtherIncome": -131866000, "calculatedIncomeNonControlling": 0, "calculatedEbitda": 1170061000}, {"date": "2021-09-30", "symbol": "NFG", "reportedCurrency": "USD", "cik": "0000070145", "fillingDate": "2021-11-19", "acceptedDate": "2021-11-19 16:32:41", "calendarYear": "2021", "period": "FY", "revenue": 1742659000, "costOfRevenue": 982936000, "grossProfit": 759723000, "grossProfitRatio": 0.4359562026, "researchAndDevelopmentExpenses": 0, "generalAndAdministrativeExpenses": 0, "sellingAndMarketingExpenses": 667549000, "sellingGeneralAndAdministrativeExpenses": 667549000, "otherExpenses": 94713000, "operatingExpenses": 94713000, "costAndExpenses": 1077649000, "interestIncome": 146357000, "interestExpense": 146357000, "depreciationAndAmortization": 345151000, "ebitda": 985075000, "ebitdaratio": 0.5652712321, "operatingIncome": 639924000, "operatingIncomeRatio": 0.3672112559, "totalOtherIncomeExpensesNet": -161595000, "incomeBeforeTax": 478329000, "incomeBeforeTaxRatio": 0.2744822711, "incomeTaxExpense": 114682000, "netIncome": 363647000, "netIncomeRatio": 0.2086736418, "eps": 3.99, "epsdiluted": 3.97, "weightedAverageShsOut": 91130941, "weightedAverageShsOutDil": 91684583, "link": "https://www.sec.gov/Archives/edgar/data/70145/000007014521000030/0000070145-21-000030-index.htm", "finalLink": "https://www.sec.gov/Archives/edgar/data/70145/000007014521000030/nfg-20210930.htm", "calculatedOtherExpenses": -547750000, "calculatedOperatingExpenses": 119799000, "calculatedNetInterest": 0, "calculatedOtherIncome": -161595000, "calculatedIncomeNonControlling": 0, "calculatedEbitda": 985075000}, {"date": "2020-09-30", "symbol": "NFG", "reportedCurrency": "USD", "cik": "0000070145", "fillingDate": "2020-11-20", "acceptedDate": "2020-11-20 15:34:44", "calendarYear": "2020", "period": "FY", "revenue": 1546291000, "costOfRevenue": 978595000, "grossProfit": 567696000, "grossProfitRatio": 0.367134, "researchAndDevelopmentExpenses": 0, "generalAndAdministrativeExpenses": 0, "sellingAndMarketingExpenses": 728336000, "sellingGeneralAndAdministrativeExpenses": 728336000, "otherExpenses": 88400000, "operatingExpenses": 88400000, "costAndExpenses": 1066995000, "interestIncome": 117077000, "interestExpense": 117077000, "depreciationAndAmortization": 306158000, "ebitda": 767640000, "ebitdaratio": 0.4964395447, "operatingIncome": 461482000, "operatingIncomeRatio": 0.2984444713, "totalOtherIncomeExpensesNet": -566515000, "incomeBeforeTax": -105033000, "incomeBeforeTaxRatio": -0.0679257656, "incomeTaxExpense": 18739000, "netIncome": -123772000, "netIncomeRatio": -0.0800444418, "eps": -1.41, "epsdiluted": -1.41, "weightedAverageShsOut": 87968895, "weightedAverageShsOutDil": 87968895, "link": "https://www.sec.gov/Archives/edgar/data/70145/000007014520000032/0000070145-20-000032-index.htm", "finalLink": "https://www.sec.gov/Archives/edgar/data/70145/000007014520000032/nfg-20200930.htm", "calculatedOtherExpenses": -622122000, "calculatedOperatingExpenses": 106214000, "calculatedNetInterest": 0, "calculatedOtherIncome": -566515000, "calculatedIncomeNonControlling": 0, "calculatedEbitda": 767640000}, {"date": "2019-09-30", "symbol": "NFG", "reportedCurrency": "USD", "cik": "0000070145", "fillingDate": "2019-11-15", "acceptedDate": "2019-11-15 14:36:54", "calendarYear": "2019", "period": "FY", "revenue": 1693332000, "costOfRevenue": 1092637000, "grossProfit": 600695000, "grossProfitRatio": 0.3547414211, "researchAndDevelopmentExpenses": 0, "generalAndAdministrativeExpenses": 0, "sellingAndMarketingExpenses": 860985000, "sellingGeneralAndAdministrativeExpenses": 860985000, "otherExpenses": 88886000, "operatingExpenses": 88886000, "costAndExpenses": 1181523000, "interestIncome": 106756000, "interestExpense": 106756000, "depreciationAndAmortization": 260118000, "ebitda": 771927000, "ebitdaratio": 0.4558627605, "operatingIncome": 511809000, "operatingIncomeRatio": 0.3022496474, "totalOtherIncomeExpensesNet": -122298000, "incomeBeforeTax": 389511000, "incomeBeforeTaxRatio": 0.2300263622, "incomeTaxExpense": 85221000, "netIncome": 304290000, "netIncomeRatio": 0.1796989604, "eps": 3.53, "epsdiluted": 3.51, "weightedAverageShsOut": 86235550, "weightedAverageShsOutDil": 86773259, "link": "https://www.sec.gov/Archives/edgar/data/70145/000007014519000030/0000070145-19-000030-index.htm", "finalLink": "https://www.sec.gov/Archives/edgar/data/70145/000007014519000030/nfg-2019930x10k.htm", "calculatedOtherExpenses": -772099000, "calculatedOperatingExpenses": 88886000, "calculatedNetInterest": 0, "calculatedOtherIncome": -122298000, "calculatedIncomeNonControlling": 0, "calculatedEbitda": 771927000}, {"date": "2018-09-30", "symbol": "NFG", "reportedCurrency": "USD", "cik": "0000070145", "fillingDate": "2018-11-16", "acceptedDate": "2018-11-16 12:49:42", "calendarYear": "2018", "period": "FY", "revenue": 1592668000, "costOfRevenue": 1021189000, "grossProfit": 571479000, "grossProfitRatio": 0.3588186615, "researchAndDevelopmentExpenses": 0, "generalAndAdministrativeExpenses": 0, "sellingAndMarketingExpenses": 812474000, "sellingGeneralAndAdministrativeExpenses": 812474000, "otherExpenses": 4697000, "operatingExpenses": 84393000, "costAndExpenses": 1105582000, "interestIncome": 6766000, "interestExpense": 114522000, "depreciationAndAmortization": 240961000, "ebitda": 739510000, "ebitdaratio": 0.4643215033, "operatingIncome": 487086000, "operatingIncomeRatio": 0.305830217, "totalOtherIncomeExpensesNet": 4697000, "incomeBeforeTax": 384027000, "incomeBeforeTaxRatio": 0.2411218157, "incomeTaxExpense": -7494000, "netIncome": 391521000, "netIncomeRatio": 0.2458271278, "eps": 4.56, "epsdiluted": 4.53, "weightedAverageShsOut": 85830597, "weightedAverageShsOutDil": 86439698, "link": "https://www.sec.gov/Archives/edgar/data/70145/000007014518000022/0000070145-18-000022-index.htm", "finalLink": "https://www.sec.gov/Archives/edgar/data/70145/000007014518000022/nfg-2018930x10k.htm", "calculatedOtherExpenses": -728081000, "calculatedOperatingExpenses": 84393000, "calculatedNetInterest": -107756000, "calculatedOtherIncome": 4697000, "calculatedIncomeNonControlling": 0, "calculatedEbitda": 728047000}, {"date": "2017-09-30", "symbol": "NFG", "reportedCurrency": "USD", "cik": "0000070145", "fillingDate": "2017-11-17", "acceptedDate": "2017-11-17 14:07:12", "calendarYear": "2017", "period": "FY", "revenue": 1579881000, "costOfRevenue": 942041000, "grossProfit": 637840000, "grossProfitRatio": 0.4037266098, "researchAndDevelopmentExpenses": 0, "generalAndAdministrativeExpenses": 0, "sellingAndMarketingExpenses": 755485000, "sellingGeneralAndAdministrativeExpenses": 755485000, "otherExpenses": 7043000, "operatingExpenses": 84995000, "costAndExpenses": 1027036000, "interestIncome": 4113000, "interestExpense": 119837000, "depreciationAndAmortization": 224195000, "ebitda": 788196000, "ebitdaratio": 0.4988958029, "operatingIncome": 552845000, "operatingIncomeRatio": 0.3499282541, "totalOtherIncomeExpensesNet": 7043000, "incomeBeforeTax": 444164000, "incomeBeforeTaxRatio": 0.28113763, "incomeTaxExpense": 160682000, "netIncome": 283482000, "netIncomeRatio": 0.1794325016, "eps": 3.32, "epsdiluted": 3.3, "weightedAverageShsOut": 85364929, "weightedAverageShsOutDil": 86021386, "link": "https://www.sec.gov/Archives/edgar/data/70145/000007014517000054/0000070145-17-000054-index.htm", "finalLink": "https://www.sec.gov/Archives/edgar/data/70145/000007014517000054/nfg-2017930x10k.htm", "calculatedOtherExpenses": -670490000, "calculatedOperatingExpenses": 84995000, "calculatedNetInterest": -115724000, "calculatedOtherIncome": 7043000, "calculatedIncomeNonControlling": 0, "calculatedEbitda": 777040000}, {"date": "2016-09-30", "symbol": "NFG", "reportedCurrency": "USD", "cik": "0000070145", "fillingDate": "2016-11-18", "acceptedDate": "2016-11-18 15:42:59", "calendarYear": "2016", "period": "FY", "revenue": 1452416000, "costOfRevenue": 838913000, "grossProfit": 613503000, "grossProfitRatio": 0.4224017086, "researchAndDevelopmentExpenses": 0, "generalAndAdministrativeExpenses": 0, "sellingAndMarketingExpenses": 624602000, "sellingGeneralAndAdministrativeExpenses": 624602000, "otherExpenses": 9820000, "operatingExpenses": 81714000, "costAndExpenses": 920627000, "interestIncome": 4235000, "interestExpense": 121044000, "depreciationAndAmortization": 249417000, "ebitda": 795261000, "ebitdaratio": 0.5475435412, "operatingIncome": -416518000, "operatingIncomeRatio": -0.286775965, "totalOtherIncomeExpensesNet": -938487000, "incomeBeforeTax": -523507000, "incomeBeforeTaxRatio": -0.3604387448, "incomeTaxExpense": -232549000, "netIncome": -290958000, "netIncomeRatio": -0.2003269036, "eps": -3.43, "epsdiluted": -3.43, "weightedAverageShsOut": 84827405, "weightedAverageShsOutDil": 84847993, "link": "https://www.sec.gov/Archives/edgar/data/70145/000007014516000173/0000070145-16-000173-index.htm", "finalLink": "https://www.sec.gov/Archives/edgar/data/70145/000007014516000173/nfg-2016930x10k.htm", "calculatedOtherExpenses": 405419000, "calculatedOperatingExpenses": 1030021000, "calculatedNetInterest": -116809000, "calculatedOtherIncome": 9820000, "calculatedIncomeNonControlling": 0, "calculatedEbitda": -167101000}, {"date": "2015-09-30", "symbol": "NFG", "reportedCurrency": "USD", "cik": "0000070145", "fillingDate": "2015-11-20", "acceptedDate": "2015-11-20 14:46:45", "calendarYear": "2015", "period": "FY", "revenue": 1760913000, "costOfRevenue": 1156145000, "grossProfit": 604768000, "grossProfitRatio": 0.3434400223, "researchAndDevelopmentExpenses": 0, "generalAndAdministrativeExpenses": 0, "sellingAndMarketingExpenses": 0, "sellingGeneralAndAdministrativeExpenses": 0, "otherExpenses": 8039000, "operatingExpenses": 89564000, "costAndExpenses": 1245709000, "interestIncome": 3922000, "interestExpense": 99471000, "depreciationAndAmortization": 336158000, "ebitda": 863323000, "ebitdaratio": 0.4902701042, "operatingIncome": -611053000, "operatingIncomeRatio": -0.3470091935, "totalOtherIncomeExpensesNet": -1118218000, "incomeBeforeTax": -698563000, "incomeBeforeTaxRatio": -0.3967050047, "incomeTaxExpense": -319136000, "netIncome": -379427000, "netIncomeRatio": -0.2154717468, "eps": -4.5, "epsdiluted": -4.5, "weightedAverageShsOut": 84317111, "weightedAverageShsOutDil": 84387755, "link": "https://www.sec.gov/Archives/edgar/data/70145/000007014515000066/0000070145-15-000066-index.htm", "finalLink": "https://www.sec.gov/Archives/edgar/data/70145/000007014515000066/nfg-2015930x10k.htm", "calculatedOtherExpenses": 1215821000, "calculatedOperatingExpenses": 1215821000, "calculatedNetInterest": -95549000, "calculatedOtherIncome": 8039000, "calculatedIncomeNonControlling": 0, "calculatedEbitda": -274895000}, {"date": "2014-09-30", "symbol": "NFG", "reportedCurrency": "USD", "cik": "0000070145", "fillingDate": "2014-11-21", "acceptedDate": "2014-11-21 12:16:50", "calendarYear": "2014", "period": "FY", "revenue": 2113081000, "costOfRevenue": 1452697000, "grossProfit": 660384000, "grossProfitRatio": 0.3125218579, "researchAndDevelopmentExpenses": 0, "generalAndAdministrativeExpenses": 0, "sellingAndMarketingExpenses": 0, "sellingGeneralAndAdministrativeExpenses": 0, "otherExpenses": 9461000, "operatingExpenses": 90711000, "costAndExpenses": 1543408000, "interestIncome": 4170000, "interestExpense": 94277000, "depreciationAndAmortization": 383781000, "ebitda": 967085000, "ebitdaratio": 0.4576658443, "operatingIncome": 569673000, "operatingIncomeRatio": 0.2695935461, "totalOtherIncomeExpensesNet": 9461000, "incomeBeforeTax": 489027000, "incomeBeforeTaxRatio": 0.2314284213, "incomeTaxExpense": 189614000, "netIncome": 299413000, "netIncomeRatio": 0.1416949942, "eps": 3.57, "epsdiluted": 3.52, "weightedAverageShsOut": 83929989, "weightedAverageShsOutDil": 84952347, "link": "https://www.sec.gov/Archives/edgar/data/70145/000007014514000095/0000070145-14-000095-index.htm", "finalLink": "https://www.sec.gov/Archives/edgar/data/70145/000007014514000095/nfg-2014930x10k.htm", "calculatedOtherExpenses": 90711000, "calculatedOperatingExpenses": 90711000, "calculatedNetInterest": -90107000, "calculatedOtherIncome": 9461000, "calculatedIncomeNonControlling": 0, "calculatedEbitda": 953454000}, {"date": "2013-09-30", "symbol": "NFG", "reportedCurrency": "USD", "cik": "0000070145", "fillingDate": "2013-11-22", "acceptedDate": "2013-11-22 13:14:58", "calendarYear": "2013", "period": "FY", "revenue": 1829551000, "costOfRevenue": 1229282000, "grossProfit": 600269000, "grossProfitRatio": 0.3280963471, "researchAndDevelopmentExpenses": 0, "generalAndAdministrativeExpenses": 0, "sellingAndMarketingExpenses": 0, "sellingGeneralAndAdministrativeExpenses": 0, "otherExpenses": 4697000, "operatingExpenses": 82431000, "costAndExpenses": 1311713000, "interestIncome": 4335000, "interestExpense": 94111000, "depreciationAndAmortization": 326760000, "ebitda": 853630000, "ebitdaratio": 0.4665789584, "operatingIncome": 517838000, "operatingIncomeRatio": 0.2830410303, "totalOtherIncomeExpensesNet": 4697000, "incomeBeforeTax": 432759000, "incomeBeforeTaxRatio": 0.2365383638, "incomeTaxExpense": 172758000, "netIncome": 260001000, "netIncomeRatio": 0.1421119171, "eps": 3.11, "epsdiluted": 3.08, "weightedAverageShsOut": 83518857, "weightedAverageShsOutDil": 84341220, "link": "https://www.sec.gov/Archives/edgar/data/70145/000119312513451068/0001193125-13-451068-index.htm", "finalLink": "https://www.sec.gov/Archives/edgar/data/70145/000119312513451068/d608933d10k.htm", "calculatedOtherExpenses": 82431000, "calculatedOperatingExpenses": 82431000, "calculatedNetInterest": -89776000, "calculatedOtherIncome": 4697000, "calculatedIncomeNonControlling": 0, "calculatedEbitda": 844598000}, {"date": "2012-09-30", "symbol": "NFG", "reportedCurrency": "USD", "cik": "0000070145", "fillingDate": "2012-11-21", "acceptedDate": "2012-11-21 15:39:22", "calendarYear": "2012", "period": "FY", "revenue": 1626853000, "costOfRevenue": 415589000, "grossProfit": 1211264000, "grossProfitRatio": 0.7445442213, "researchAndDevelopmentExpenses": 0, "generalAndAdministrativeExpenses": 0, "sellingAndMarketingExpenses": 0, "sellingGeneralAndAdministrativeExpenses": 0, "otherExpenses": 763215000, "operatingExpenses": 763215000, "costAndExpenses": 1178804000, "interestIncome": 3689000, "interestExpense": 86240000, "depreciationAndAmortization": 271530000, "ebitda": 723268000, "ebitdaratio": 0.4445810408, "operatingIncome": 448049000, "operatingIncomeRatio": 0.2754084112, "totalOtherIncomeExpensesNet": 5133000, "incomeBeforeTax": 370631000, "incomeBeforeTaxRatio": 0.2278208295, "incomeTaxExpense": 150554000, "netIncome": 220077000, "netIncomeRatio": 0.1352777418, "eps": 2.65, "epsdiluted": 2.63, "weightedAverageShsOut": 83127844, "weightedAverageShsOutDil": 83739771, "link": "https://www.sec.gov/Archives/edgar/data/70145/000119312512478803/0001193125-12-478803-index.htm", "finalLink": "https://www.sec.gov/Archives/edgar/data/70145/000119312512478803/d439807d10k.htm", "calculatedOtherExpenses": 763215000, "calculatedOperatingExpenses": 763215000, "calculatedNetInterest": -82551000, "calculatedOtherIncome": 5133000, "calculatedIncomeNonControlling": 0, "calculatedEbitda": 719579000}, {"date": "2011-09-30", "symbol": "NFG", "reportedCurrency": "USD", "cik": "0000070145", "fillingDate": "2011-11-23", "acceptedDate": "2011-11-23 16:28:04", "calendarYear": "2011", "period": "FY", "revenue": 1778842000, "costOfRevenue": 628732000, "grossProfit": 1150110000, "grossProfitRatio": 0.6465498341, "researchAndDevelopmentExpenses": 0, "generalAndAdministrativeExpenses": 0, "sellingAndMarketingExpenses": 0, "sellingGeneralAndAdministrativeExpenses": 0, "otherExpenses": 708948000, "operatingExpenses": 708948000, "costAndExpenses": 1337680000, "interestIncome": 2916000, "interestExpense": 78121000, "depreciationAndAmortization": 226527000, "ebitda": 670605000, "ebitdaratio": 0.3769896371, "operatingIncome": 441162000, "operatingIncomeRatio": 0.2480051629, "totalOtherIncomeExpensesNet": 56826000, "incomeBeforeTax": 422783000, "incomeBeforeTaxRatio": 0.2376731604, "incomeTaxExpense": 164381000, "netIncome": 258402000, "netIncomeRatio": 0.1452641662, "eps": 3.13, "epsdiluted": 3.09, "weightedAverageShsOut": 82514015, "weightedAverageShsOutDil": 83670802, "link": "https://www.sec.gov/Archives/edgar/data/70145/000119312511321222/0001193125-11-321222-index.htm", "finalLink": "https://www.sec.gov/Archives/edgar/data/70145/000119312511321222/d257274d10k.htm", "calculatedOtherExpenses": 708948000, "calculatedOperatingExpenses": 708948000, "calculatedNetInterest": -75205000, "calculatedOtherIncome": 56826000, "calculatedIncomeNonControlling": 0, "calculatedEbitda": 667689000}, {"date": "2010-09-30", "symbol": "NFG", "reportedCurrency": "USD", "cik": "0000070145", "fillingDate": "2010-11-24", "acceptedDate": "2010-11-24 13:28:52", "calendarYear": "2010", "period": "FY", "revenue": 1760503000, "costOfRevenue": 658432000, "grossProfit": 1102071000, "grossProfitRatio": 0.6259977972, "researchAndDevelopmentExpenses": 0, "generalAndAdministrativeExpenses": 0, "sellingAndMarketingExpenses": 0, "sellingGeneralAndAdministrativeExpenses": 0, "otherExpenses": 661620000, "operatingExpenses": 661620000, "costAndExpenses": 1320052000, "interestIncome": 3729000, "interestExpense": 93946000, "depreciationAndAmortization": 191809000, "ebitda": 638477000, "ebitdaratio": 0.362667374, "operatingIncome": 440451000, "operatingIncomeRatio": 0.2501847483, "totalOtherIncomeExpensesNet": 6126000, "incomeBeforeTax": 356360000, "incomeBeforeTaxRatio": 0.2024194222, "incomeTaxExpense": 137227000, "netIncome": 225913000, "netIncomeRatio": 0.128322985, "eps": 2.78, "epsdiluted": 2.73, "weightedAverageShsOut": 81380434, "weightedAverageShsOutDil": 82660598, "link": "https://www.sec.gov/Archives/edgar/data/70145/000095012310108604/0000950123-10-108604-index.htm", "finalLink": "https://www.sec.gov/Archives/edgar/data/70145/000095012310108604/l40830e10vk.htm", "calculatedOtherExpenses": 661620000, "calculatedOperatingExpenses": 661620000, "calculatedNetInterest": -90217000, "calculatedOtherIncome": 6126000, "calculatedIncomeNonControlling": -6780000, "calculatedEbitda": 632260000}, {"date": "2009-09-30", "symbol": "NFG", "reportedCurrency": "USD", "cik": "0000070145", "fillingDate": "2009-11-25", "acceptedDate": "2009-11-25 15:34:13", "calendarYear": "2009", "period": "FY", "revenue": 2057852000, "costOfRevenue": 1001782000, "grossProfit": 1056070000, "grossProfitRatio": 0.513190453, "researchAndDevelopmentExpenses": 0, "generalAndAdministrativeExpenses": 72163000, "sellingAndMarketingExpenses": 0, "sellingGeneralAndAdministrativeExpenses": 72163000, "otherExpenses": 576266000, "operatingExpenses": 648429000, "costAndExpenses": 1650211000, "interestIncome": 5776000, "interestExpense": 86916000, "depreciationAndAmortization": 173410000, "ebitda": 585023000, "ebitdaratio": 0.2842881801, "operatingIncome": 224830000, "operatingIncomeRatio": 0.1092546986, "totalOtherIncomeExpensesNet": -172869000, "incomeBeforeTax": 151828000, "incomeBeforeTaxRatio": 0.0737798442, "incomeTaxExpense": 51120000, "netIncome": 100708000, "netIncomeRatio": 0.0489384076, "eps": 1.26, "epsdiluted": 1.25, "weightedAverageShsOut": 79649965, "weightedAverageShsOutDil": 80628685, "link": "https://www.sec.gov/Archives/edgar/data/70145/000095012309066226/0000950123-09-066226-index.htm", "finalLink": "https://www.sec.gov/Archives/edgar/data/70145/000095012309066226/l37851e10vk.htm", "calculatedOtherExpenses": 759077000, "calculatedOperatingExpenses": 831240000, "calculatedNetInterest": -81140000, "calculatedOtherIncome": 8138000, "calculatedIncomeNonControlling": 0, "calculatedEbitda": 398240000}, {"date": "2008-09-30", "symbol": "NFG", "reportedCurrency": "USD", "cik": "0000070145", "fillingDate": "2008-11-26", "acceptedDate": "2008-11-26 15:23:47", "calendarYear": "2008", "period": "FY", "revenue": 2400361000, "costOfRevenue": 1235157000, "grossProfit": 1165204000, "grossProfitRatio": 0.4854286501, "researchAndDevelopmentExpenses": 0, "generalAndAdministrativeExpenses": 0, "sellingAndMarketingExpenses": 0, "sellingGeneralAndAdministrativeExpenses": 0, "otherExpenses": 679079000, "operatingExpenses": 679079000, "costAndExpenses": 1914236000, "interestIncome": 10815000, "interestExpense": -70099000, "depreciationAndAmortization": 170623000, "ebitda": 643069000, "ebitdaratio": 0.2679051193, "operatingIncome": 486125000, "operatingIncomeRatio": 0.2025216207, "totalOtherIncomeExpensesNet": 13679000, "incomeBeforeTax": 436650000, "incomeBeforeTaxRatio": 0.1819101377, "incomeTaxExpense": 167922000, "netIncome": 268728000, "netIncomeRatio": 0.1119531604, "eps": 3.27, "epsdiluted": 3.18, "weightedAverageShsOut": 82304335, "weightedAverageShsOutDil": 84474839, "link": "https://www.sec.gov/Archives/edgar/data/70145/000095015208009791/0000950152-08-009791-index.htm", "finalLink": "https://www.sec.gov/Archives/edgar/data/70145/000095015208009791/l34556ae10vk.htm", "calculatedOtherExpenses": 679079000, "calculatedOperatingExpenses": 679079000, "calculatedNetInterest": 80914000, "calculatedOtherIncome": -130389000, "calculatedIncomeNonControlling": 0, "calculatedEbitda": 656748000}, {"date": "2007-09-30", "symbol": "NFG", "reportedCurrency": "USD", "cik": "0000070145", "fillingDate": "2007-11-29", "acceptedDate": "2007-11-29 16:40:26", "calendarYear": "2007", "period": "FY", "revenue": 2039566000, "costOfRevenue": 1018081000, "grossProfit": 1021485000, "grossProfitRatio": 0.5008344913, "researchAndDevelopmentExpenses": 0, "generalAndAdministrativeExpenses": 0, "sellingAndMarketingExpenses": 0, "sellingGeneralAndAdministrativeExpenses": 0, "otherExpenses": 624987000, "operatingExpenses": 624987000, "costAndExpenses": 1643068000, "interestIncome": 1550000, "interestExpense": -68446000, "depreciationAndAmortization": 170803000, "ebitda": 557386000, "ebitdaratio": 0.2732865718, "operatingIncome": 396498000, "operatingIncomeRatio": 0.194403123, "totalOtherIncomeExpensesNet": 9915000, "incomeBeforeTax": 333488000, "incomeBeforeTaxRatio": 0.1635092956, "incomeTaxExpense": 131813000, "netIncome": 337455000, "netIncomeRatio": 0.1654543172, "eps": 4.06, "epsdiluted": 3.96, "weightedAverageShsOut": 83141640, "weightedAverageShsOutDil": 85301361, "link": "https://www.sec.gov/Archives/edgar/data/70145/000095015207009346/0000950152-07-009346-index.htm", "finalLink": "https://www.sec.gov/Archives/edgar/data/70145/000095015207009346/l28879ae10vk.htm", "calculatedOtherExpenses": 624987000, "calculatedOperatingExpenses": 624987000, "calculatedNetInterest": 69996000, "calculatedOtherIncome": -133006000, "calculatedIncomeNonControlling": -135780000, "calculatedEbitda": 567301000}, {"date": "2006-09-30", "symbol": "NFG", "reportedCurrency": "USD", "cik": "0000070145", "fillingDate": "2006-12-08", "acceptedDate": "2006-12-08 16:11:37", "calendarYear": "2006", "period": "FY", "revenue": 2311659000, "costOfRevenue": 1267562000, "grossProfit": 1044097000, "grossProfitRatio": 0.4516656652, "researchAndDevelopmentExpenses": 0, "generalAndAdministrativeExpenses": 0, "sellingAndMarketingExpenses": 0, "sellingGeneralAndAdministrativeExpenses": 0, "otherExpenses": 768022000, "operatingExpenses": 768022000, "costAndExpenses": 2035584000, "interestIncome": 10275000, "interestExpense": -72629000, "depreciationAndAmortization": 179615000, "ebitda": 449282000, "ebitdaratio": 0.1943547902, "operatingIncome": 276075000, "operatingIncomeRatio": 0.1194272166, "totalOtherIncomeExpensesNet": 6408000, "incomeBeforeTax": 214177000, "incomeBeforeTaxRatio": 0.0926507759, "incomeTaxExpense": 76086000, "netIncome": 138091000, "netIncomeRatio": 0.0597367518, "eps": 1.64, "epsdiluted": 1.61, "weightedAverageShsOut": 84030118, "weightedAverageShsOutDil": 86028466, "link": "https://www.sec.gov/Archives/edgar/data/70145/000095015206009990/0000950152-06-009990-index.htm", "finalLink": "https://www.sec.gov/Archives/edgar/data/70145/000095015206009990/l22614ae10vk.htm", "calculatedOtherExpenses": 768022000, "calculatedOperatingExpenses": 768022000, "calculatedNetInterest": 82904000, "calculatedOtherIncome": -144802000, "calculatedIncomeNonControlling": 0, "calculatedEbitda": 455690000}, {"date": "2005-09-30", "symbol": "NFG", "reportedCurrency": "USD", "cik": "0000070145", "fillingDate": "2005-12-12", "acceptedDate": "2005-12-12 17:07:33", "calendarYear": "2005", "period": "FY", "revenue": 1923549000, "costOfRevenue": 959827000, "grossProfit": 963722000, "grossProfitRatio": 0.5010124515, "researchAndDevelopmentExpenses": 0, "generalAndAdministrativeExpenses": 0, "sellingAndMarketingExpenses": 0, "sellingGeneralAndAdministrativeExpenses": 0, "otherExpenses": 657518000, "operatingExpenses": 657518000, "costAndExpenses": 1617345000, "interestIncome": 6496000, "interestExpense": -73244000, "depreciationAndAmortization": 193144000, "ebitda": 483242000, "ebitdaratio": 0.2512241695, "operatingIncome": 306204000, "operatingIncomeRatio": 0.1591870028, "totalOtherIncomeExpensesNet": 16106000, "incomeBeforeTax": 246493000, "incomeBeforeTaxRatio": 0.128144903, "incomeTaxExpense": 92978000, "netIncome": 189488000, "netIncomeRatio": 0.0985095779, "eps": 2.27, "epsdiluted": 2.23, "weightedAverageShsOut": 83343711, "weightedAverageShsOutDil": 84771403, "link": "https://www.sec.gov/Archives/edgar/data/70145/000095015205009904/0000950152-05-009904-index.htm", "finalLink": "https://www.sec.gov/Archives/edgar/data/70145/000095015205009904/l16251ae10vk.htm", "calculatedOtherExpenses": 657518000, "calculatedOperatingExpenses": 657518000, "calculatedNetInterest": 79740000, "calculatedOtherIncome": -139451000, "calculatedIncomeNonControlling": -35973000, "calculatedEbitda": 499348000}, {"date": "2004-09-30", "symbol": "NFG", "reportedCurrency": "USD", "cik": "0000070145", "fillingDate": "2004-12-14", "acceptedDate": "2004-12-14 15:15:46", "calendarYear": "2004", "period": "FY", "revenue": 2031393000, "costOfRevenue": 1015174000, "grossProfit": 1016219000, "grossProfitRatio": 0.5002572127, "researchAndDevelopmentExpenses": 0, "generalAndAdministrativeExpenses": 0, "sellingAndMarketingExpenses": 0, "sellingGeneralAndAdministrativeExpenses": 0, "otherExpenses": 671849000, "operatingExpenses": 671849000, "costAndExpenses": 1687023000, "interestIncome": 0, "interestExpense": -83827000, "depreciationAndAmortization": 189538000, "ebitda": 526432000, "ebitdaratio": 0.259148279, "operatingIncome": 344370000, "operatingIncomeRatio": 0.1695240655, "totalOtherIncomeExpensesNet": 7476000, "incomeBeforeTax": 259323000, "incomeBeforeTaxRatio": 0.1276577206, "incomeTaxExpense": 92737000, "netIncome": 166586000, "netIncomeRatio": 0.082005796, "eps": 2.03, "epsdiluted": 2.01, "weightedAverageShsOut": 81848043, "weightedAverageShsOutDil": 82717332, "link": "https://www.sec.gov/Archives/edgar/data/70145/000095015204008951/0000950152-04-008951-index.htm", "finalLink": "https://www.sec.gov/Archives/edgar/data/70145/000095015204008951/l10155ae10vk.htm", "calculatedOtherExpenses": 671849000, "calculatedOperatingExpenses": 671849000, "calculatedNetInterest": 83827000, "calculatedOtherIncome": -168874000, "calculatedIncomeNonControlling": 0, "calculatedEbitda": 533908000}, {"date": "2003-09-30", "symbol": "NFG", "reportedCurrency": "USD", "cik": "0000070145", "fillingDate": "2003-12-29", "acceptedDate": "2003-12-29 16:40:11", "calendarYear": "2003", "period": "FY", "revenue": 2035471000, "costOfRevenue": 1024596000, "grossProfit": 1010875000, "grossProfitRatio": 0.496629527, "researchAndDevelopmentExpenses": 0, "generalAndAdministrativeExpenses": 0, "sellingAndMarketingExpenses": 0, "sellingGeneralAndAdministrativeExpenses": 0, "otherExpenses": 706774000, "operatingExpenses": 706774000, "costAndExpenses": 1731370000, "interestIncome": 0, "interestExpense": 0, "depreciationAndAmortization": 195226000, "ebitda": 381590000, "ebitdaratio": 0.1874701236, "operatingIncome": 304101000, "operatingIncomeRatio": 0.1494008021, "totalOtherIncomeExpensesNet": 117737000, "incomeBeforeTax": 315997000, "incomeBeforeTaxRatio": 0.1552451496, "incomeTaxExpense": 128161000, "netIncome": 178944000, "netIncomeRatio": 0.0879128221, "eps": 2.21, "epsdiluted": 2.2, "weightedAverageShsOut": 80627319, "weightedAverageShsOutDil": 81095757, "link": "https://www.sec.gov/Archives/edgar/data/70145/000007014503000112/0000070145-03-000112-index.htm", "finalLink": "https://www.sec.gov/Archives/edgar/data/70145/000007014503000112/form10k.htm", "calculatedOtherExpenses": 706774000, "calculatedOperatingExpenses": 706774000, "calculatedNetInterest": 0, "calculatedOtherIncome": 11896000, "calculatedIncomeNonControlling": 8892000, "calculatedEbitda": 499327000}, {"date": "2002-09-30", "symbol": "NFG", "reportedCurrency": "USD", "cik": "0000070145", "fillingDate": "2002-12-16", "acceptedDate": "2002-12-16 17:24:57", "calendarYear": "2002", "period": "FY", "revenue": 1464496000, "costOfRevenue": 513492000, "grossProfit": 951004000, "grossProfitRatio": 0.6493728901, "researchAndDevelopmentExpenses": 0, "generalAndAdministrativeExpenses": 0, "sellingAndMarketingExpenses": 0, "sellingGeneralAndAdministrativeExpenses": 0, "otherExpenses": 662147000, "operatingExpenses": 662147000, "costAndExpenses": 1175639000, "interestIncome": 0, "interestExpense": 0, "depreciationAndAmortization": 180668000, "ebitda": 462284000, "ebitdaratio": 0.3156608144, "operatingIncome": 288857000, "operatingIncomeRatio": 0.1972398696, "totalOtherIncomeExpensesNet": 7241000, "incomeBeforeTax": 189716000, "incomeBeforeTaxRatio": 0.1295435426, "incomeTaxExpense": 72034000, "netIncome": 117682000, "netIncomeRatio": 0.0803566551, "eps": 1.47, "epsdiluted": 1.46, "weightedAverageShsOut": 79821430, "weightedAverageShsOutDil": 80534453, "link": "https://www.sec.gov/Archives/edgar/data/70145/000007014502000097/0000070145-02-000097-index.htm", "finalLink": "https://www.sec.gov/Archives/edgar/data/70145/000007014502000097/form10k.htm", "calculatedOtherExpenses": 662147000, "calculatedOperatingExpenses": 662147000, "calculatedNetInterest": 0, "calculatedOtherIncome": -99141000, "calculatedIncomeNonControlling": 0, "calculatedEbitda": 469525000}, {"date": "2001-09-30", "symbol": "NFG", "reportedCurrency": "USD", "cik": "0000070145", "fillingDate": "2001-12-17", "acceptedDate": "2001-12-17 00:00:00", "calendarYear": "2001", "period": "FY", "revenue": 2100352000, "costOfRevenue": 1100773000, "grossProfit": 999579000, "grossProfitRatio": 0.4759102284, "researchAndDevelopmentExpenses": 0, "generalAndAdministrativeExpenses": 0, "sellingAndMarketingExpenses": 897916000, "sellingGeneralAndAdministrativeExpenses": 897916000, "otherExpenses": 803743000, "operatingExpenses": 803743000, "costAndExpenses": 1904516000, "interestIncome": 0, "interestExpense": -120507000, "depreciationAndAmortization": 174914000, "ebitda": 355494000, "ebitdaratio": 0.1692544869, "operatingIncome": 195836000, "operatingIncomeRatio": 0.0932396094, "totalOtherIncomeExpensesNet": 15256000, "incomeBeforeTax": 102605000, "incomeBeforeTaxRatio": 0.0488513354, "incomeTaxExpense": 37106000, "netIncome": 65499000, "netIncomeRatio": 0.0311847728, "eps": 0.83, "epsdiluted": 0.82, "weightedAverageShsOut": 78914458, "weightedAverageShsOutDil": 79876829, "link": "https://www.sec.gov/Archives/edgar/data/70145/000007014501500105/0000070145-01-500105-index.htm", "finalLink": "https://www.sec.gov/Archives/edgar/data/70145/000007014501500105/form10k.htm", "calculatedOtherExpenses": -94173000, "calculatedOperatingExpenses": 803743000, "calculatedNetInterest": 120507000, "calculatedOtherIncome": -213738000, "calculatedIncomeNonControlling": 0, "calculatedEbitda": 370750000}, {"date": "2000-09-30", "symbol": "NFG", "reportedCurrency": "USD", "cik": "0000070145", "fillingDate": "2000-12-15", "acceptedDate": "2000-12-15 00:00:00", "calendarYear": "2000", "period": "FY", "revenue": 1425277000, "costOfRevenue": 558510000, "grossProfit": 866767000, "grossProfitRatio": 0.6081393301, "researchAndDevelopmentExpenses": 0, "generalAndAdministrativeExpenses": 0, "sellingAndMarketingExpenses": 0, "sellingGeneralAndAdministrativeExpenses": 0, "otherExpenses": 571431000, "operatingExpenses": 571431000, "costAndExpenses": 1129941000, "interestIncome": 0, "interestExpense": 0, "depreciationAndAmortization": 142170000, "ebitda": 427098000, "ebitdaratio": 0.2996596451, "operatingIncome": 295336000, "operatingIncomeRatio": 0.207213054, "totalOtherIncomeExpensesNet": 10408000, "incomeBeforeTax": 204275000, "incomeBeforeTaxRatio": 0.1433230172, "incomeTaxExpense": 77068000, "netIncome": 127207000, "netIncomeRatio": 0.0892507211, "eps": 1.63, "epsdiluted": 1.61, "weightedAverageShsOut": 78233842, "weightedAverageShsOutDil": 79166200, "link": "https://www.sec.gov/Archives/edgar/data/70145/000007014500000049/0000070145-00-000049-index.htm", "finalLink": "https://www.sec.gov/Archives/edgar/data/70145/000007014500000049/0000070145-00-000049-0001.htm", "calculatedOtherExpenses": 571431000, "calculatedOperatingExpenses": 571431000, "calculatedNetInterest": 0, "calculatedOtherIncome": -91061000, "calculatedIncomeNonControlling": 0, "calculatedEbitda": 437506000}, {"date": "1999-09-30", "symbol": "NFG", "reportedCurrency": "USD", "cik": "0000070145", "fillingDate": "1999-12-21", "acceptedDate": "1999-12-21 00:00:00", "calendarYear": "1999", "period": "FY", "revenue": 1263300000, "costOfRevenue": 461700000, "grossProfit": 801600000, "grossProfitRatio": 0.6345286155, "researchAndDevelopmentExpenses": 0, "generalAndAdministrativeExpenses": 0, "sellingAndMarketingExpenses": 0, "sellingGeneralAndAdministrativeExpenses": 0, "otherExpenses": 544700000, "operatingExpenses": 544700000, "costAndExpenses": 1006400000, "interestIncome": 0, "interestExpense": 0, "depreciationAndAmortization": 117400000, "ebitda": 374300000, "ebitdaratio": 0.296287501, "operatingIncome": 256900000, "operatingIncomeRatio": 0.2033562891, "totalOtherIncomeExpensesNet": 12300000, "incomeBeforeTax": 179800000, "incomeBeforeTaxRatio": 0.142325655, "incomeTaxExpense": 64800000, "netIncome": 115000000, "netIncomeRatio": 0.0910314256, "eps": 1.49, "epsdiluted": 1.48, "weightedAverageShsOut": 77327962, "weightedAverageShsOutDil": 78083456, "link": "https://www.sec.gov/Archives/edgar/data/70145/000007014599000100/0000070145-99-000100-index.html", "finalLink": "https://www.sec.gov/Archives/edgar/data/70145/000007014599000100/", "calculatedOtherExpenses": 544700000, "calculatedOperatingExpenses": 544700000, "calculatedNetInterest": 0, "calculatedOtherIncome": -77100000, "calculatedIncomeNonControlling": 0, "calculatedEbitda": 374300000}, {"date": "1998-09-30", "symbol": "NFG", "reportedCurrency": "USD", "cik": "0000070145", "fillingDate": "1998-12-21", "acceptedDate": "1998-12-21 00:00:00", "calendarYear": "1998", "period": "FY", "revenue": 1248000000, "costOfRevenue": 479300000, "grossProfit": 768700000, "grossProfitRatio": 0.6159455128, "researchAndDevelopmentExpenses": 0, "generalAndAdministrativeExpenses": 0, "sellingAndMarketingExpenses": 0, "sellingGeneralAndAdministrativeExpenses": 0, "otherExpenses": 660700000, "operatingExpenses": 660700000, "costAndExpenses": 1140000000, "interestIncome": 0, "interestExpense": 0, "depreciationAndAmortization": 83000000, "ebitda": 191000000, "ebitdaratio": 0.1530448718, "operatingIncome": 108000000, "operatingIncomeRatio": 0.0865384615, "totalOtherIncomeExpensesNet": 35900000, "incomeBeforeTax": 56300000, "incomeBeforeTaxRatio": 0.0451121795, "incomeTaxExpense": 24000000, "netIncome": 23200000, "netIncomeRatio": 0.0185897436, "eps": 0.31, "epsdiluted": 0.3, "weightedAverageShsOut": 76632794, "weightedAverageShsOutDil": 77407052, "link": "https://www.sec.gov/Archives/edgar/data/70145/000007014598000104/0000070145-98-000104-index.html", "finalLink": "https://www.sec.gov/Archives/edgar/data/70145/", "calculatedOtherExpenses": 660700000, "calculatedOperatingExpenses": 660700000, "calculatedNetInterest": 0, "calculatedOtherIncome": -51700000, "calculatedIncomeNonControlling": 9100000, "calculatedEbitda": 191000000}, {"date": "1997-09-30", "symbol": "NFG", "reportedCurrency": "USD", "cik": "0000070145", "fillingDate": "1997-12-23", "acceptedDate": "1997-12-23 00:00:00", "calendarYear": "1997", "period": "FY", "revenue": 1265800000, "costOfRevenue": 528600000, "grossProfit": 737200000, "grossProfitRatio": 0.5823984832, "researchAndDevelopmentExpenses": 0, "generalAndAdministrativeExpenses": 0, "sellingAndMarketingExpenses": 0, "sellingGeneralAndAdministrativeExpenses": 0, "otherExpenses": 500200000, "operatingExpenses": 500200000, "costAndExpenses": 1028800000, "interestIncome": 0, "interestExpense": 0, "depreciationAndAmortization": 111700000, "ebitda": 345500000, "ebitdaratio": 0.2729499131, "operatingIncome": 237000000, "operatingIncomeRatio": 0.1872333702, "totalOtherIncomeExpensesNet": 3200000, "incomeBeforeTax": 183400000, "incomeBeforeTaxRatio": 0.144888608, "incomeTaxExpense": 68700000, "netIncome": 114700000, "netIncomeRatio": 0.0906146311, "eps": 1.51, "epsdiluted": 1.49, "weightedAverageShsOut": 76212625, "weightedAverageShsOutDil": 76979866, "link": "https://www.sec.gov/Archives/edgar/data/70145/000007014597000072/0000070145-97-000072-index.html", "finalLink": "https://www.sec.gov/Archives/edgar/data/70145/", "calculatedOtherExpenses": 500200000, "calculatedOperatingExpenses": 500200000, "calculatedNetInterest": 0, "calculatedOtherIncome": -53600000, "calculatedIncomeNonControlling": 0, "calculatedEbitda": 348700000}, {"date": "1996-09-30", "symbol": "NFG", "reportedCurrency": "USD", "cik": "0000070145", "fillingDate": "1996-12-18", "acceptedDate": "1996-12-18 00:00:00", "calendarYear": "1996", "period": "FY", "revenue": 1208000000, "costOfRevenue": 477400000, "grossProfit": 730600000, "grossProfitRatio": 0.6048013245, "researchAndDevelopmentExpenses": 0, "generalAndAdministrativeExpenses": 0, "sellingAndMarketingExpenses": 0, "sellingGeneralAndAdministrativeExpenses": 0, "otherExpenses": 506900000, "operatingExpenses": 506900000, "costAndExpenses": 984300000, "interestIncome": 0, "interestExpense": 0, "depreciationAndAmortization": 94300000, "ebitda": 318000000, "ebitdaratio": 0.2632450331, "operatingIncome": 223700000, "operatingIncomeRatio": 0.1851821192, "totalOtherIncomeExpensesNet": 3900000, "incomeBeforeTax": 171000000, "incomeBeforeTaxRatio": 0.1415562914, "incomeTaxExpense": 66300000, "netIncome": 104700000, "netIncomeRatio": 0.0866721854, "eps": 1.39, "epsdiluted": 1.39, "weightedAverageShsOut": 75323741, "weightedAverageShsOutDil": 75595668, "link": "https://www.sec.gov/Archives/edgar/data/70145/000007014596000082/0000070145-96-000082-index.html", "finalLink": "https://www.sec.gov/Archives/edgar/data/70145/", "calculatedOtherExpenses": 506900000, "calculatedOperatingExpenses": 506900000, "calculatedNetInterest": 0, "calculatedOtherIncome": -52700000, "calculatedIncomeNonControlling": 0, "calculatedEbitda": 318000000}, {"date": "1995-09-30", "symbol": "NFG", "reportedCurrency": "USD", "cik": "0000070145", "fillingDate": "1995-12-20", "acceptedDate": "1995-12-20 00:00:00", "calendarYear": "1995", "period": "FY", "revenue": 975500000, "costOfRevenue": 351100000, "grossProfit": 624400000, "grossProfitRatio": 0.6400820092, "researchAndDevelopmentExpenses": 0, "generalAndAdministrativeExpenses": 0, "sellingAndMarketingExpenses": 0, "sellingGeneralAndAdministrativeExpenses": 0, "otherExpenses": 456100000, "operatingExpenses": 456100000, "costAndExpenses": 807200000, "interestIncome": 0, "interestExpense": 0, "depreciationAndAmortization": 66400000, "ebitda": 234700000, "ebitdaratio": 0.2405945669, "operatingIncome": 168300000, "operatingIncomeRatio": 0.1725269093, "totalOtherIncomeExpensesNet": 5400000, "incomeBeforeTax": 119800000, "incomeBeforeTaxRatio": 0.122808816, "incomeTaxExpense": 43900000, "netIncome": 75900000, "netIncomeRatio": 0.0778062532, "eps": 1.01, "epsdiluted": 1.01, "weightedAverageShsOut": 74778325, "weightedAverageShsOutDil": 74778325, "link": "https://www.sec.gov/Archives/edgar/data/70145/000007014595000086/0000070145-95-000086-index.html", "finalLink": "https://www.sec.gov/Archives/edgar/data/70145/", "calculatedOtherExpenses": 456100000, "calculatedOperatingExpenses": 456100000, "calculatedNetInterest": 0, "calculatedOtherIncome": -48500000, "calculatedIncomeNonControlling": 0, "calculatedEbitda": 234700000}, {"date": "1994-09-30", "symbol": "NFG", "reportedCurrency": "USD", "cik": "0000070145", "fillingDate": "1994-12-22", "acceptedDate": "1994-12-22 00:00:00", "calendarYear": "1994", "period": "FY", "revenue": 1141300000, "costOfRevenue": 497700000, "grossProfit": 643600000, "grossProfitRatio": 0.5639183387, "researchAndDevelopmentExpenses": 0, "generalAndAdministrativeExpenses": 0, "sellingAndMarketingExpenses": 0, "sellingGeneralAndAdministrativeExpenses": 0, "otherExpenses": 470000000, "operatingExpenses": 470000000, "costAndExpenses": 967700000, "interestIncome": 0, "interestExpense": 0, "depreciationAndAmortization": 71100000, "ebitda": 244700000, "ebitdaratio": 0.2144046263, "operatingIncome": 173600000, "operatingIncomeRatio": 0.1521072461, "totalOtherIncomeExpensesNet": 3700000, "incomeBeforeTax": 130200000, "incomeBeforeTaxRatio": 0.1140804346, "incomeTaxExpense": 47800000, "netIncome": 85600000, "netIncomeRatio": 0.0750021905, "eps": 1.21, "epsdiluted": 1.2, "weightedAverageShsOut": 71037344, "weightedAverageShsOutDil": 71333333, "link": "https://www.sec.gov/Archives/edgar/data/70145/000007014594000086/0000070145-94-000086-index.html", "finalLink": "https://www.sec.gov/Archives/edgar/data/70145/", "calculatedOtherExpenses": 470000000, "calculatedOperatingExpenses": 470000000, "calculatedNetInterest": 0, "calculatedOtherIncome": -43400000, "calculatedIncomeNonControlling": -3200000, "calculatedEbitda": 244700000}, {"date": "1993-09-30", "symbol": "NFG", "reportedCurrency": "USD", "cik": "0000070145", "fillingDate": "1994-01-10", "acceptedDate": "1994-01-10 00:00:00", "calendarYear": "1993", "period": "FY", "revenue": 1020400000, "costOfRevenue": 0, "grossProfit": 1020400000, "grossProfitRatio": 1, "researchAndDevelopmentExpenses": 0, "generalAndAdministrativeExpenses": 0, "sellingAndMarketingExpenses": 0, "sellingGeneralAndAdministrativeExpenses": 0, "otherExpenses": 0, "operatingExpenses": 0, "costAndExpenses": 0, "interestIncome": 0, "interestExpense": 0, "depreciationAndAmortization": 0, "ebitda": 1020400000, "ebitdaratio": 1, "operatingIncome": 1020400000, "operatingIncomeRatio": 1, "totalOtherIncomeExpensesNet": 0, "incomeBeforeTax": 0, "incomeBeforeTaxRatio": 0, "incomeTaxExpense": -75200000, "netIncome": 75200000, "netIncomeRatio": 0.0736965896, "eps": 1.08, "epsdiluted": 1.08, "weightedAverageShsOut": 69953488, "weightedAverageShsOutDil": 69953488, "link": "https://www.sec.gov/Archives/edgar/data/70145/000007014594000003/0000070145-94-000003-index.html", "finalLink": "https://www.sec.gov/Archives/edgar/data/70145/", "calculatedOtherExpenses": 0, "calculatedOperatingExpenses": 0, "calculatedNetInterest": 0, "calculatedOtherIncome": -1020400000, "calculatedIncomeNonControlling": 0, "calculatedEbitda": 1020400000}, {"date": "1992-09-30", "symbol": "NFG", "reportedCurrency": "USD", "cik": "0000070145", "fillingDate": "1992-09-30", "acceptedDate": "1992-09-29 20:00:00", "calendarYear": "1992", "period": "FY", "revenue": 919800000, "costOfRevenue": 0, "grossProfit": 919800000, "grossProfitRatio": 1, "researchAndDevelopmentExpenses": 0, "generalAndAdministrativeExpenses": 0, "sellingAndMarketingExpenses": 0, "sellingGeneralAndAdministrativeExpenses": 0, "otherExpenses": 0, "operatingExpenses": 0, "costAndExpenses": 0, "interestIncome": 0, "interestExpense": 0, "depreciationAndAmortization": 0, "ebitda": 919800000, "ebitdaratio": 1, "operatingIncome": 919800000, "operatingIncomeRatio": 1, "totalOtherIncomeExpensesNet": 0, "incomeBeforeTax": 0, "incomeBeforeTaxRatio": 0, "incomeTaxExpense": -60300000, "netIncome": 60300000, "netIncomeRatio": 0.0655577299, "eps": 0.97, "epsdiluted": 0.97, "weightedAverageShsOut": 62164948, "weightedAverageShsOutDil": 62164948, "link": "", "finalLink": "", "calculatedOtherExpenses": 0, "calculatedOperatingExpenses": 0, "calculatedNetInterest": 0, "calculatedOtherIncome": -919800000, "calculatedIncomeNonControlling": 0, "calculatedEbitda": 919800000}, {"date": "1991-09-30", "symbol": "NFG", "reportedCurrency": "USD", "cik": "0000070145", "fillingDate": "1991-09-30", "acceptedDate": "1991-09-29 20:00:00", "calendarYear": "1991", "period": "FY", "revenue": 865100000, "costOfRevenue": 0, "grossProfit": 865100000, "grossProfitRatio": 1, "researchAndDevelopmentExpenses": 0, "generalAndAdministrativeExpenses": 0, "sellingAndMarketingExpenses": 0, "sellingGeneralAndAdministrativeExpenses": 0, "otherExpenses": 0, "operatingExpenses": 0, "costAndExpenses": 0, "interestIncome": 0, "interestExpense": 0, "depreciationAndAmortization": 0, "ebitda": 865100000, "ebitdaratio": 1, "operatingIncome": 865100000, "operatingIncomeRatio": 1, "totalOtherIncomeExpensesNet": 0, "incomeBeforeTax": 0, "incomeBeforeTaxRatio": 0, "incomeTaxExpense": -49000000, "netIncome": 49000000, "netIncomeRatio": 0.0566408508, "eps": 0.82, "epsdiluted": 0.82, "weightedAverageShsOut": 60122699, "weightedAverageShsOutDil": 60122699, "link": "", "finalLink": "", "calculatedOtherExpenses": 0, "calculatedOperatingExpenses": 0, "calculatedNetInterest": 0, "calculatedOtherIncome": -865100000, "calculatedIncomeNonControlling": 0, "calculatedEbitda": 865100000}, {"date": "1990-09-30", "symbol": "NFG", "reportedCurrency": "USD", "cik": "0000070145", "fillingDate": "1990-09-30", "acceptedDate": "1990-09-29 20:00:00", "calendarYear": "1990", "period": "FY", "revenue": 892000000, "costOfRevenue": 0, "grossProfit": 892000000, "grossProfitRatio": 1, "researchAndDevelopmentExpenses": 0, "generalAndAdministrativeExpenses": 0, "sellingAndMarketingExpenses": 0, "sellingGeneralAndAdministrativeExpenses": 0, "otherExpenses": 0, "operatingExpenses": 0, "costAndExpenses": 0, "interestIncome": 0, "interestExpense": 0, "depreciationAndAmortization": 0, "ebitda": 892000000, "ebitdaratio": 1, "operatingIncome": 892000000, "operatingIncomeRatio": 1, "totalOtherIncomeExpensesNet": 0, "incomeBeforeTax": 0, "incomeBeforeTaxRatio": 0, "incomeTaxExpense": -52000000, "netIncome": 52000000, "netIncomeRatio": 0.0582959641, "eps": 0.92, "epsdiluted": 0.92, "weightedAverageShsOut": 56830601, "weightedAverageShsOutDil": 56830601, "link": "", "finalLink": "", "calculatedOtherExpenses": 0, "calculatedOperatingExpenses": 0, "calculatedNetInterest": 0, "calculatedOtherIncome": -892000000, "calculatedIncomeNonControlling": 0, "calculatedEbitda": 892000000}, {"date": "1989-09-30", "symbol": "NFG", "reportedCurrency": "USD", "cik": "0000070145", "fillingDate": "1989-09-30", "acceptedDate": "1989-09-29 20:00:00", "calendarYear": "1989", "period": "FY", "revenue": 855800000, "costOfRevenue": 0, "grossProfit": 855800000, "grossProfitRatio": 1, "researchAndDevelopmentExpenses": 0, "generalAndAdministrativeExpenses": 0, "sellingAndMarketingExpenses": 0, "sellingGeneralAndAdministrativeExpenses": 0, "otherExpenses": 0, "operatingExpenses": 0, "costAndExpenses": 0, "interestIncome": 0, "interestExpense": 0, "depreciationAndAmortization": 0, "ebitda": 855800000, "ebitdaratio": 1, "operatingIncome": 855800000, "operatingIncomeRatio": 1, "totalOtherIncomeExpensesNet": 0, "incomeBeforeTax": 0, "incomeBeforeTaxRatio": 0, "incomeTaxExpense": -52400000, "netIncome": 52400000, "netIncomeRatio": 0.0612292592, "eps": 0.97, "epsdiluted": 0.97, "weightedAverageShsOut": 54300518, "weightedAverageShsOutDil": 54300518, "link": "", "finalLink": "", "calculatedOtherExpenses": 0, "calculatedOperatingExpenses": 0, "calculatedNetInterest": 0, "calculatedOtherIncome": -855800000, "calculatedIncomeNonControlling": 0, "calculatedEbitda": 855800000}, {"date": "1988-09-30", "symbol": "NFG", "reportedCurrency": "USD", "cik": "0000070145", "fillingDate": "1988-09-30", "acceptedDate": "1988-09-29 20:00:00", "calendarYear": "1988", "period": "FY", "revenue": 768900000, "costOfRevenue": 0, "grossProfit": 768900000, "grossProfitRatio": 1, "researchAndDevelopmentExpenses": 0, "generalAndAdministrativeExpenses": 0, "sellingAndMarketingExpenses": 0, "sellingGeneralAndAdministrativeExpenses": 0, "otherExpenses": 0, "operatingExpenses": 0, "costAndExpenses": 0, "interestIncome": 0, "interestExpense": 0, "depreciationAndAmortization": 0, "ebitda": 768900000, "ebitdaratio": 1, "operatingIncome": 768900000, "operatingIncomeRatio": 1, "totalOtherIncomeExpensesNet": 0, "incomeBeforeTax": 0, "incomeBeforeTaxRatio": 0, "incomeTaxExpense": -42600000, "netIncome": 42600000, "netIncomeRatio": 0.0554038236, "eps": 0.83, "epsdiluted": 0.83, "weightedAverageShsOut": 51636364, "weightedAverageShsOutDil": 51636364, "link": "", "finalLink": "", "calculatedOtherExpenses": 0, "calculatedOperatingExpenses": 0, "calculatedNetInterest": 0, "calculatedOtherIncome": -768900000, "calculatedIncomeNonControlling": 0, "calculatedEbitda": 768900000}, {"date": "1987-09-30", "symbol": "NFG", "reportedCurrency": "USD", "cik": "0000070145", "fillingDate": "1987-09-30", "acceptedDate": "1987-09-29 20:00:00", "calendarYear": "1987", "period": "FY", "revenue": 737200000, "costOfRevenue": 0, "grossProfit": 737200000, "grossProfitRatio": 1, "researchAndDevelopmentExpenses": 0, "generalAndAdministrativeExpenses": 0, "sellingAndMarketingExpenses": 0, "sellingGeneralAndAdministrativeExpenses": 0, "otherExpenses": 0, "operatingExpenses": 0, "costAndExpenses": 0, "interestIncome": 0, "interestExpense": 0, "depreciationAndAmortization": 0, "ebitda": 737200000, "ebitdaratio": 1, "operatingIncome": 737200000, "operatingIncomeRatio": 1, "totalOtherIncomeExpensesNet": 0, "incomeBeforeTax": 0, "incomeBeforeTaxRatio": 0, "incomeTaxExpense": -35900000, "netIncome": 35900000, "netIncomeRatio": 0.0486977754, "eps": 0.75, "epsdiluted": 0.75, "weightedAverageShsOut": 48187919, "weightedAverageShsOutDil": 48187919, "link": "", "finalLink": "", "calculatedOtherExpenses": 0, "calculatedOperatingExpenses": 0, "calculatedNetInterest": 0, "calculatedOtherIncome": -737200000, "calculatedIncomeNonControlling": 0, "calculatedEbitda": 737200000}, {"date": "1986-09-30", "symbol": "NFG", "reportedCurrency": "USD", "cik": "0000070145", "fillingDate": "1986-09-30", "acceptedDate": "1986-09-29 20:00:00", "calendarYear": "1986", "period": "FY", "revenue": 905800000, "costOfRevenue": 0, "grossProfit": 905800000, "grossProfitRatio": 1, "researchAndDevelopmentExpenses": 0, "generalAndAdministrativeExpenses": 0, "sellingAndMarketingExpenses": 0, "sellingGeneralAndAdministrativeExpenses": 0, "otherExpenses": 0, "operatingExpenses": 0, "costAndExpenses": 0, "interestIncome": 0, "interestExpense": 0, "depreciationAndAmortization": 0, "ebitda": 905800000, "ebitdaratio": 1, "operatingIncome": 905800000, "operatingIncomeRatio": 1, "totalOtherIncomeExpensesNet": 0, "incomeBeforeTax": 0, "incomeBeforeTaxRatio": 0, "incomeTaxExpense": -43400000, "netIncome": 43400000, "netIncomeRatio": 0.0479134467, "eps": 0.88, "epsdiluted": 0.88, "weightedAverageShsOut": 47657143, "weightedAverageShsOutDil": 47657143, "link": "", "finalLink": "", "calculatedOtherExpenses": 0, "calculatedOperatingExpenses": 0, "calculatedNetInterest": 0, "calculatedOtherIncome": -905800000, "calculatedIncomeNonControlling": 0, "calculatedEbitda": 905800000}, {"date": "1985-09-30", "symbol": "NFG", "reportedCurrency": "USD", "cik": "0000070145", "fillingDate": "1985-09-30", "acceptedDate": "1985-09-29 20:00:00", "calendarYear": "1985", "period": "FY", "revenue": 970600000, "costOfRevenue": 0, "grossProfit": 970600000, "grossProfitRatio": 1, "researchAndDevelopmentExpenses": 0, "generalAndAdministrativeExpenses": 0, "sellingAndMarketingExpenses": 0, "sellingGeneralAndAdministrativeExpenses": 0, "otherExpenses": 0, "operatingExpenses": 0, "costAndExpenses": 0, "interestIncome": 0, "interestExpense": 0, "depreciationAndAmortization": 0, "ebitda": 970600000, "ebitdaratio": 1, "operatingIncome": 970600000, "operatingIncomeRatio": 1, "totalOtherIncomeExpensesNet": 0, "incomeBeforeTax": 0, "incomeBeforeTaxRatio": 0, "incomeTaxExpense": -46900000, "netIncome": 46900000, "netIncomeRatio": 0.0483206264, "eps": 0.95, "epsdiluted": 0.95, "weightedAverageShsOut": 47052632, "weightedAverageShsOutDil": 47052632, "link": "", "finalLink": "", "calculatedOtherExpenses": 0, "calculatedOperatingExpenses": 0, "calculatedNetInterest": 0, "calculatedOtherIncome": -970600000, "calculatedIncomeNonControlling": 0, "calculatedEbitda": 970600000}]}