{"originalCurrency": "USD", "convertedCurrency": "USD", "report": [{"date": "2023-12-31", "symbol": "NI", "reportedCurrency": "USD", "cik": "0001111711", "fillingDate": "2024-02-21", "acceptedDate": "2024-02-21 07:09:51", "calendarYear": "2023", "period": "FY", "revenue": 5505400000, "costOfRevenue": 3028200000, "grossProfit": 2477200000, "grossProfitRatio": 0.4499582228, "researchAndDevelopmentExpenses": 0, "generalAndAdministrativeExpenses": 24000000, "sellingAndMarketingExpenses": 1470900000, "sellingGeneralAndAdministrativeExpenses": 1494900000, "otherExpenses": 800000, "operatingExpenses": 1178800000, "costAndExpenses": 4207000000, "interestIncome": 9000000, "interestExpense": 501200000, "depreciationAndAmortization": 908200000, "ebitda": 2228000000, "ebitdaratio": 0.4046935736, "operatingIncome": 1295500000, "operatingIncomeRatio": 0.2353144186, "totalOtherIncomeExpensesNet": -3900000, "incomeBeforeTax": 813900000, "incomeBeforeTaxRatio": 0.1478366695, "incomeTaxExpense": 139500000, "netIncome": 714300000, "netIncomeRatio": 0.1297453409, "eps": 1.59, "epsdiluted": 1.48, "weightedAverageShsOut": 416100000, "weightedAverageShsOutDil": 447900000, "link": "https://www.sec.gov/Archives/edgar/data/1111711/000111171124000011/0001111711-24-000011-index.htm", "finalLink": "https://www.sec.gov/Archives/edgar/data/1111711/000111171124000011/nix-20231231.htm", "calculatedOtherExpenses": -313200000, "calculatedOperatingExpenses": 1181700000, "calculatedNetInterest": -492200000, "calculatedOtherIncome": 10600000, "calculatedIncomeNonControlling": -39900000, "calculatedEbitda": 2203700000}, {"date": "2022-12-31", "symbol": "NI", "reportedCurrency": "USD", "cik": "0001111711", "fillingDate": "2023-02-22", "acceptedDate": "2023-02-22 16:23:21", "calendarYear": "2022", "period": "FY", "revenue": 5850600000, "costOfRevenue": 3599900000, "grossProfit": 2250700000, "grossProfitRatio": 0.3846955868, "researchAndDevelopmentExpenses": 0, "generalAndAdministrativeExpenses": -27600000, "sellingAndMarketingExpenses": 1517000000, "sellingGeneralAndAdministrativeExpenses": 1489400000, "otherExpenses": 1089100000, "operatingExpenses": 1089100000, "costAndExpenses": 4689000000, "interestIncome": 4300000, "interestExpense": 360500000, "depreciationAndAmortization": 747000000, "ebitda": 2012800000, "ebitdaratio": 0.3440330906, "operatingIncome": 1265800000, "operatingIncomeRatio": 0.2163538782, "totalOtherIncomeExpensesNet": -309400000, "incomeBeforeTax": 956400000, "incomeBeforeTaxRatio": 0.1634704133, "incomeTaxExpense": 164600000, "netIncome": 804100000, "netIncomeRatio": 0.1374388952, "eps": 1.84, "epsdiluted": 1.69, "weightedAverageShsOut": 407100000, "weightedAverageShsOutDil": 442700000, "link": "https://www.sec.gov/Archives/edgar/data/1111711/000111171123000006/0001111711-23-000006-index.htm", "finalLink": "https://www.sec.gov/Archives/edgar/data/1111711/000111171123000006/nix-20221231.htm", "calculatedOtherExpenses": -504500000, "calculatedOperatingExpenses": 984900000, "calculatedNetInterest": -356200000, "calculatedOtherIncome": 46800000, "calculatedIncomeNonControlling": -12300000, "calculatedEbitda": 2012800000}, {"date": "2021-12-31", "symbol": "NI", "reportedCurrency": "USD", "cik": "0001111711", "fillingDate": "2022-02-23", "acceptedDate": "2022-02-23 14:38:53", "calendarYear": "2021", "period": "FY", "revenue": 4899600000, "costOfRevenue": 2848300000, "grossProfit": 2051300000, "grossProfitRatio": 0.4186668299, "researchAndDevelopmentExpenses": 0, "generalAndAdministrativeExpenses": -35500000, "sellingAndMarketingExpenses": 1491500000, "sellingGeneralAndAdministrativeExpenses": 1456000000, "otherExpenses": 1036700000, "operatingExpenses": 1036700000, "costAndExpenses": 3885000000, "interestIncome": 4000000, "interestExpense": 332400000, "depreciationAndAmortization": 786600000, "ebitda": 1793500000, "ebitdaratio": 0.3660502898, "operatingIncome": 1006900000, "operatingIncomeRatio": 0.205506572, "totalOtherIncomeExpensesNet": -300300000, "incomeBeforeTax": 706600000, "incomeBeforeTaxRatio": 0.1442158544, "incomeTaxExpense": 117800000, "netIncome": 584900000, "netIncomeRatio": 0.119377092, "eps": 1.35, "epsdiluted": 1.27, "weightedAverageShsOut": 393600000, "weightedAverageShsOutDil": 417300000, "link": "https://www.sec.gov/Archives/edgar/data/1111711/000111171122000007/0001111711-22-000007-index.htm", "finalLink": "https://www.sec.gov/Archives/edgar/data/1111711/000111171122000007/nix-20211231.htm", "calculatedOtherExpenses": -411600000, "calculatedOperatingExpenses": 1044400000, "calculatedNetInterest": -328400000, "calculatedOtherIncome": 28100000, "calculatedIncomeNonControlling": 3900000, "calculatedEbitda": 1793500000}, {"date": "2020-12-31", "symbol": "NI", "reportedCurrency": "USD", "cik": "0001111711", "fillingDate": "2021-02-17", "acceptedDate": "2021-02-17 13:48:17", "calendarYear": "2020", "period": "FY", "revenue": 4681700000, "costOfRevenue": 2695200000, "grossProfit": 1986500000, "grossProfitRatio": 0.4243116817, "researchAndDevelopmentExpenses": 0, "generalAndAdministrativeExpenses": -9300000, "sellingAndMarketingExpenses": 1595200000, "sellingGeneralAndAdministrativeExpenses": 1585900000, "otherExpenses": 1025100000, "operatingExpenses": 1025100000, "costAndExpenses": 3720300000, "interestIncome": 5500000, "interestExpense": 361900000, "depreciationAndAmortization": 725900000, "ebitda": 1702200000, "ebitdaratio": 0.3635858769, "operatingIncome": 976300000, "operatingIncomeRatio": 0.2085353611, "totalOtherIncomeExpensesNet": -1007600000, "incomeBeforeTax": -31300000, "incomeBeforeTaxRatio": -0.0066856057, "incomeTaxExpense": -17100000, "netIncome": -14200000, "netIncomeRatio": -0.0030330863, "eps": -0.0369, "epsdiluted": -0.0369, "weightedAverageShsOut": 384347000, "weightedAverageShsOutDil": 384347000, "link": "https://www.sec.gov/Archives/edgar/data/1111711/000111171121000010/0001111711-21-000010-index.htm", "finalLink": "https://www.sec.gov/Archives/edgar/data/1111711/000111171121000010/nix-20201231.htm", "calculatedOtherExpenses": -575700000, "calculatedOperatingExpenses": 1010200000, "calculatedNetInterest": -356400000, "calculatedOtherIncome": -651200000, "calculatedIncomeNonControlling": 0, "calculatedEbitda": 1702200000}, {"date": "2019-12-31", "symbol": "NI", "reportedCurrency": "USD", "cik": "0001111711", "fillingDate": "2020-02-28", "acceptedDate": "2020-02-27 19:41:31", "calendarYear": "2019", "period": "FY", "revenue": 5208900000, "costOfRevenue": 2889500000, "grossProfit": 2319400000, "grossProfitRatio": 0.4452763539, "researchAndDevelopmentExpenses": 0, "generalAndAdministrativeExpenses": 0, "sellingAndMarketingExpenses": 0, "sellingGeneralAndAdministrativeExpenses": 1354700000, "otherExpenses": 1014200000, "operatingExpenses": 1014200000, "costAndExpenses": 3903700000, "interestIncome": 7700000, "interestExpense": 371000000, "depreciationAndAmortization": 717400000, "ebitda": 2006600000, "ebitdaratio": 0.3852252875, "operatingIncome": 1289200000, "operatingIncomeRatio": 0.2474994721, "totalOtherIncomeExpensesNet": -782600000, "incomeBeforeTax": 506600000, "incomeBeforeTaxRatio": 0.0972566185, "incomeTaxExpense": 123500000, "netIncome": 383100000, "netIncomeRatio": 0.0735471981, "eps": 0.88, "epsdiluted": 0.87, "weightedAverageShsOut": 374650000, "weightedAverageShsOutDil": 375986000, "link": "https://www.sec.gov/Archives/edgar/data/1111711/000111171120000013/0001111711-20-000013-index.htm", "finalLink": "https://www.sec.gov/Archives/edgar/data/1111711/000111171120000013/ni-20191231x10k.htm", "calculatedOtherExpenses": -324500000, "calculatedOperatingExpenses": 1030200000, "calculatedNetInterest": -363300000, "calculatedOtherIncome": -419300000, "calculatedIncomeNonControlling": 0, "calculatedEbitda": 2006600000}, {"date": "2018-12-31", "symbol": "NI", "reportedCurrency": "USD", "cik": "0001111711", "fillingDate": "2019-02-20", "acceptedDate": "2019-02-20 11:33:16", "calendarYear": "2018", "period": "FY", "revenue": 5114500000, "costOfRevenue": 4114200000, "grossProfit": 1000300000, "grossProfitRatio": 0.1955811907, "researchAndDevelopmentExpenses": 0, "generalAndAdministrativeExpenses": 0, "sellingAndMarketingExpenses": 0, "sellingGeneralAndAdministrativeExpenses": 2352900000, "otherExpenses": 21800000, "operatingExpenses": 874400000, "costAndExpenses": 4988600000, "interestIncome": 6600000, "interestExpense": 364900000, "depreciationAndAmortization": 599600000, "ebitda": 765500000, "ebitdaratio": 0.1496724998, "operatingIncome": 124700000, "operatingIncomeRatio": 0.02438166, "totalOtherIncomeExpensesNet": -9800000, "incomeBeforeTax": -230600000, "incomeBeforeTaxRatio": -0.0450874963, "incomeTaxExpense": -180000000, "netIncome": -50600000, "netIncomeRatio": -0.0098934402, "eps": -0.14, "epsdiluted": -0.14, "weightedAverageShsOut": 356491000, "weightedAverageShsOutDil": 356500000, "link": "https://www.sec.gov/Archives/edgar/data/1111711/000111171119000008/0001111711-19-000008-index.htm", "finalLink": "https://www.sec.gov/Archives/edgar/data/1111711/000111171119000008/ni-20181231x10k.htm", "calculatedOtherExpenses": -1477300000, "calculatedOperatingExpenses": 875600000, "calculatedNetInterest": -358300000, "calculatedOtherIncome": 3000000, "calculatedIncomeNonControlling": 0, "calculatedEbitda": 724300000}, {"date": "2017-12-31", "symbol": "NI", "reportedCurrency": "USD", "cik": "0001111711", "fillingDate": "2018-02-20", "acceptedDate": "2018-02-20 11:00:43", "calendarYear": "2017", "period": "FY", "revenue": 4874600000, "costOfRevenue": 3131000000, "grossProfit": 1743600000, "grossProfitRatio": 0.3576908875, "researchAndDevelopmentExpenses": 0, "generalAndAdministrativeExpenses": 0, "sellingAndMarketingExpenses": 0, "sellingGeneralAndAdministrativeExpenses": 1612300000, "otherExpenses": -100000, "operatingExpenses": 827500000, "costAndExpenses": 3958500000, "interestIncome": 4600000, "interestExpense": 363500000, "depreciationAndAmortization": 570300000, "ebitda": 1501200000, "ebitdaratio": 0.3079637304, "operatingIncome": 910600000, "operatingIncomeRatio": 0.1868050712, "totalOtherIncomeExpensesNet": -124400000, "incomeBeforeTax": 443100000, "incomeBeforeTaxRatio": 0.0908997661, "incomeTaxExpense": 314500000, "netIncome": 128500000, "netIncomeRatio": 0.0263611373, "eps": 0.39, "epsdiluted": 0.39, "weightedAverageShsOut": 329400000, "weightedAverageShsOutDil": 330800000, "link": "https://www.sec.gov/Archives/edgar/data/1111711/000111171118000008/0001111711-18-000008-index.htm", "finalLink": "https://www.sec.gov/Archives/edgar/data/1111711/000111171118000008/ni-20171231x10k.htm", "calculatedOtherExpenses": -779300000, "calculatedOperatingExpenses": 833000000, "calculatedNetInterest": -358900000, "calculatedOtherIncome": -108600000, "calculatedIncomeNonControlling": 100000, "calculatedEbitda": 1480900000}, {"date": "2016-12-31", "symbol": "NI", "reportedCurrency": "USD", "cik": "0001111711", "fillingDate": "2017-02-22", "acceptedDate": "2017-02-22 10:06:30", "calendarYear": "2016", "period": "FY", "revenue": 4492500000, "costOfRevenue": 2843900000, "grossProfit": 1648600000, "grossProfitRatio": 0.3669671675, "researchAndDevelopmentExpenses": 0, "generalAndAdministrativeExpenses": 0, "sellingAndMarketingExpenses": 0, "sellingGeneralAndAdministrativeExpenses": 1453700000, "otherExpenses": -9000000, "operatingExpenses": 791400000, "costAndExpenses": 3635300000, "interestIncome": 3400000, "interestExpense": 355900000, "depreciationAndAmortization": 547100000, "ebitda": 1405100000, "ebitdaratio": 0.3127657206, "operatingIncome": 858200000, "operatingIncomeRatio": 0.1910294936, "totalOtherIncomeExpensesNet": -900000, "incomeBeforeTax": 510200000, "incomeBeforeTaxRatio": 0.1135670562, "incomeTaxExpense": 182100000, "netIncome": 331500000, "netIncomeRatio": 0.0737896494, "eps": 1.03, "epsdiluted": 1.02, "weightedAverageShsOut": 321800000, "weightedAverageShsOutDil": 323500000, "link": "https://www.sec.gov/Archives/edgar/data/1111711/000111171117000011/0001111711-17-000011-index.htm", "finalLink": "https://www.sec.gov/Archives/edgar/data/1111711/000111171117000011/ni-20161231x10k.htm", "calculatedOtherExpenses": -663300000, "calculatedOperatingExpenses": 790400000, "calculatedNetInterest": -352500000, "calculatedOtherIncome": 4500000, "calculatedIncomeNonControlling": -3400000, "calculatedEbitda": 1405300000}, {"date": "2015-12-31", "symbol": "NI", "reportedCurrency": "USD", "cik": "0001111711", "fillingDate": "2016-02-18", "acceptedDate": "2016-02-18 11:29:02", "calendarYear": "2015", "period": "FY", "revenue": 4651800000, "costOfRevenue": 3069800000, "grossProfit": 1582000000, "grossProfitRatio": 0.3400834086, "researchAndDevelopmentExpenses": 0, "generalAndAdministrativeExpenses": 0, "sellingAndMarketingExpenses": 0, "sellingGeneralAndAdministrativeExpenses": 1426100000, "otherExpenses": 17400000, "operatingExpenses": 780500000, "costAndExpenses": 3850300000, "interestIncome": 800000, "interestExpense": 380200000, "depreciationAndAmortization": 524400000, "ebitda": 1343300000, "ebitdaratio": 0.2887699385, "operatingIncome": 799900000, "operatingIncomeRatio": 0.1719549422, "totalOtherIncomeExpensesNet": -81400000, "incomeBeforeTax": 339900000, "incomeBeforeTaxRatio": 0.0730684896, "incomeTaxExpense": 141300000, "netIncome": 286500000, "netIncomeRatio": 0.0615890623, "eps": 0.9, "epsdiluted": 0.9, "weightedAverageShsOut": 317700000, "weightedAverageShsOutDil": 319800000, "link": "https://www.sec.gov/Archives/edgar/data/1111711/000111171116000049/0001111711-16-000049-index.htm", "finalLink": "https://www.sec.gov/Archives/edgar/data/1111711/000111171116000049/ni-20151231x10kq4.htm", "calculatedOtherExpenses": -644000000, "calculatedOperatingExpenses": 782100000, "calculatedNetInterest": -379400000, "calculatedOtherIncome": -80600000, "calculatedIncomeNonControlling": -87900000, "calculatedEbitda": 1324300000}, {"date": "2014-12-31", "symbol": "NI", "reportedCurrency": "USD", "cik": "0001111711", "fillingDate": "2015-02-18", "acceptedDate": "2015-02-18 10:36:47", "calendarYear": "2014", "period": "FY", "revenue": 6470600000, "costOfRevenue": 4360500000, "grossProfit": 2110100000, "grossProfitRatio": 0.3261057707, "researchAndDevelopmentExpenses": 0, "generalAndAdministrativeExpenses": 0, "sellingAndMarketingExpenses": 0, "sellingGeneralAndAdministrativeExpenses": 59800000, "otherExpenses": 22300000, "operatingExpenses": 925800000, "costAndExpenses": 5286300000, "interestIncome": 0, "interestExpense": 430200000, "depreciationAndAmortization": 605500000, "ebitda": 1845300000, "ebitdaratio": 0.2851822088, "operatingIncome": 1262400000, "operatingIncomeRatio": 0.1950978271, "totalOtherIncomeExpensesNet": 100400000, "incomeBeforeTax": 841100000, "incomeBeforeTaxRatio": 0.1299879455, "incomeTaxExpense": 310400000, "netIncome": 530000000, "netIncomeRatio": 0.081908942, "eps": 1.68, "epsdiluted": 1.67, "weightedAverageShsOut": 315100000, "weightedAverageShsOutDil": 316600000, "link": "https://www.sec.gov/Archives/edgar/data/1111711/000111171115000008/0001111711-15-000008-index.htm", "finalLink": "https://www.sec.gov/Archives/edgar/data/1111711/000111171115000008/ni-20141231x10k.htm", "calculatedOtherExpenses": 787900000, "calculatedOperatingExpenses": 847700000, "calculatedNetInterest": -430200000, "calculatedOtherIncome": 8900000, "calculatedIncomeNonControlling": 700000, "calculatedEbitda": 1867900000}, {"date": "2013-12-31", "symbol": "NI", "reportedCurrency": "USD", "cik": "0001111711", "fillingDate": "2014-02-18", "acceptedDate": "2014-02-18 10:20:54", "calendarYear": "2013", "period": "FY", "revenue": 5657300000, "costOfRevenue": 3689400000, "grossProfit": 1967900000, "grossProfitRatio": 0.3478514486, "researchAndDevelopmentExpenses": 31300000, "generalAndAdministrativeExpenses": 0, "sellingAndMarketingExpenses": 0, "sellingGeneralAndAdministrativeExpenses": 47200000, "otherExpenses": 2100000, "operatingExpenses": 877900000, "costAndExpenses": 4567300000, "interestIncome": 3600000, "interestExpense": 398400000, "depreciationAndAmortization": 577300000, "ebitda": 1692500000, "ebitdaratio": 0.2991709826, "operatingIncome": 1143400000, "operatingIncomeRatio": 0.2021105474, "totalOtherIncomeExpensesNet": 74000000, "incomeBeforeTax": 752800000, "incomeBeforeTaxRatio": 0.1330670108, "incomeTaxExpense": 261900000, "netIncome": 532100000, "netIncomeRatio": 0.0940554682, "eps": 1.7, "epsdiluted": 1.7, "weightedAverageShsOut": 312400000, "weightedAverageShsOutDil": 313600000, "link": "https://www.sec.gov/Archives/edgar/data/1111711/000111171114000016/0001111711-14-000016-index.htm", "finalLink": "https://www.sec.gov/Archives/edgar/data/1111711/000111171114000016/ni-20131231x10k.htm", "calculatedOtherExpenses": 746000000, "calculatedOperatingExpenses": 824500000, "calculatedNetInterest": -394800000, "calculatedOtherIncome": 4200000, "calculatedIncomeNonControlling": -41200000, "calculatedEbitda": 1720700000}, {"date": "2012-12-31", "symbol": "NI", "reportedCurrency": "USD", "cik": "0001111711", "fillingDate": "2013-02-19", "acceptedDate": "2013-02-19 11:56:41", "calendarYear": "2012", "period": "FY", "revenue": 5061200000, "costOfRevenue": 3204300000, "grossProfit": 1856900000, "grossProfitRatio": 0.3668892753, "researchAndDevelopmentExpenses": 30600000, "generalAndAdministrativeExpenses": 0, "sellingAndMarketingExpenses": 0, "sellingGeneralAndAdministrativeExpenses": 50900000, "otherExpenses": 1700000, "operatingExpenses": 850200000, "costAndExpenses": 4054500000, "interestIncome": 0, "interestExpense": 397800000, "depreciationAndAmortization": 561900000, "ebitda": 1582000000, "ebitdaratio": 0.3125740931, "operatingIncome": 1042700000, "operatingIncomeRatio": 0.2060183356, "totalOtherIncomeExpensesNet": 37700000, "incomeBeforeTax": 626100000, "incomeBeforeTaxRatio": 0.1237058405, "incomeTaxExpense": 215500000, "netIncome": 416100000, "netIncomeRatio": 0.0822137043, "eps": 1.43, "epsdiluted": 1.39, "weightedAverageShsOut": 291900000, "weightedAverageShsOutDil": 300400000, "link": "https://www.sec.gov/Archives/edgar/data/1111711/000111171113000007/0001111711-13-000007-index.htm", "finalLink": "https://www.sec.gov/Archives/edgar/data/1111711/000111171113000007/ni-20121231x10k.htm", "calculatedOtherExpenses": 732700000, "calculatedOperatingExpenses": 814200000, "calculatedNetInterest": -397800000, "calculatedOtherIncome": -18800000, "calculatedIncomeNonControlling": -5500000, "calculatedEbitda": 1604600000}, {"date": "2011-12-31", "symbol": "NI", "reportedCurrency": "USD", "cik": "0001111711", "fillingDate": "2012-02-24", "acceptedDate": "2012-02-24 14:26:10", "calendarYear": "2011", "period": "FY", "revenue": 6019100000, "costOfRevenue": 2556400000, "grossProfit": 3462700000, "grossProfitRatio": 0.5752853417, "researchAndDevelopmentExpenses": 0, "generalAndAdministrativeExpenses": 0, "sellingAndMarketingExpenses": 0, "sellingGeneralAndAdministrativeExpenses": 0, "otherExpenses": 2555400000, "operatingExpenses": 2555400000, "costAndExpenses": 5111800000, "interestIncome": 4400000, "interestExpense": 376800000, "depreciationAndAmortization": 538200000, "ebitda": 1460100000, "ebitdaratio": 0.242577794, "operatingIncome": 905100000, "operatingIncomeRatio": 0.150371318, "totalOtherIncomeExpensesNet": -78000000, "incomeBeforeTax": 467100000, "incomeBeforeTaxRatio": 0.0776029639, "incomeTaxExpense": 163300000, "netIncome": 299100000, "netIncomeRatio": 0.0496918144, "eps": 1.06, "epsdiluted": 1.03, "weightedAverageShsOut": 280400000, "weightedAverageShsOutDil": 288500000, "link": "https://www.sec.gov/Archives/edgar/data/1111711/000119312512077712/0001193125-12-077712-index.htm", "finalLink": "https://www.sec.gov/Archives/edgar/data/1111711/000119312512077712/d260054d10k.htm", "calculatedOtherExpenses": 2557600000, "calculatedOperatingExpenses": 2557600000, "calculatedNetInterest": -372400000, "calculatedOtherIncome": -65600000, "calculatedIncomeNonControlling": 4700000, "calculatedEbitda": 1443300000}, {"date": "2010-12-31", "symbol": "NI", "reportedCurrency": "USD", "cik": "0001111711", "fillingDate": "2011-02-28", "acceptedDate": "2011-02-28 14:19:33", "calendarYear": "2010", "period": "FY", "revenue": 6422000000, "costOfRevenue": 2974100000, "grossProfit": 3447900000, "grossProfitRatio": 0.5368888197, "researchAndDevelopmentExpenses": 0, "generalAndAdministrativeExpenses": 0, "sellingAndMarketingExpenses": 0, "sellingGeneralAndAdministrativeExpenses": 0, "otherExpenses": 2539600000, "operatingExpenses": 2541600000, "costAndExpenses": 5515700000, "interestIncome": 6300000, "interestExpense": 392300000, "depreciationAndAmortization": 596300000, "ebitda": 1517600000, "ebitdaratio": 0.2363126752, "operatingIncome": 921300000, "operatingIncomeRatio": 0.1434599813, "totalOtherIncomeExpensesNet": -92900000, "incomeBeforeTax": 436100000, "incomeBeforeTaxRatio": 0.067907194, "incomeTaxExpense": 141500000, "netIncome": 292000000, "netIncomeRatio": 0.0454687013, "eps": 1.05, "epsdiluted": 1.04, "weightedAverageShsOut": 277800000, "weightedAverageShsOutDil": 280100000, "link": "https://www.sec.gov/Archives/edgar/data/1111711/000095012311019598/0000950123-11-019598-index.htm", "finalLink": "https://www.sec.gov/Archives/edgar/data/1111711/000095012311019598/c62032e10vk.htm", "calculatedOtherExpenses": 2526600000, "calculatedOperatingExpenses": 2526600000, "calculatedNetInterest": -386000000, "calculatedOtherIncome": -99200000, "calculatedIncomeNonControlling": 2600000, "calculatedEbitda": 1517600000}, {"date": "2009-12-31", "symbol": "NI", "reportedCurrency": "USD", "cik": "0001111711", "fillingDate": "2010-02-26", "acceptedDate": "2010-02-26 14:24:41", "calendarYear": "2009", "period": "FY", "revenue": 6649400000, "costOfRevenue": 3318000000, "grossProfit": 3331400000, "grossProfitRatio": 0.5010076097, "researchAndDevelopmentExpenses": 0, "generalAndAdministrativeExpenses": 0, "sellingAndMarketingExpenses": 0, "sellingGeneralAndAdministrativeExpenses": 0, "otherExpenses": 2510300000, "operatingExpenses": 2526300000, "costAndExpenses": 5844300000, "interestIncome": 6800000, "interestExpense": 399000000, "depreciationAndAmortization": 589000000, "ebitda": 1410100000, "ebitdaratio": 0.2120642464, "operatingIncome": 801900000, "operatingIncomeRatio": 0.1205973471, "totalOtherIncomeExpensesNet": -25100000, "incomeBeforeTax": 397000000, "incomeBeforeTaxRatio": 0.059704635, "incomeTaxExpense": 165800000, "netIncome": 217700000, "netIncomeRatio": 0.0327397961, "eps": 0.79, "epsdiluted": 0.79, "weightedAverageShsOut": 275100000, "weightedAverageShsOutDil": 275800000, "link": "https://www.sec.gov/Archives/edgar/data/1111711/000095012310017958/0000950123-10-017958-index.htm", "finalLink": "https://www.sec.gov/Archives/edgar/data/1111711/000095012310017958/c55429e10vk.htm", "calculatedOtherExpenses": 2529500000, "calculatedOperatingExpenses": 2529500000, "calculatedNetInterest": -392200000, "calculatedOtherIncome": -12700000, "calculatedIncomeNonControlling": 13500000, "calculatedEbitda": 1390900000}, {"date": "2008-12-31", "symbol": "NI", "reportedCurrency": "USD", "cik": "0001111711", "fillingDate": "2009-02-27", "acceptedDate": "2009-02-27 16:14:07", "calendarYear": "2008", "period": "FY", "revenue": 8874200000, "costOfRevenue": 0, "grossProfit": 8874200000, "grossProfitRatio": 1, "researchAndDevelopmentExpenses": 0, "generalAndAdministrativeExpenses": 0, "sellingAndMarketingExpenses": 0, "sellingGeneralAndAdministrativeExpenses": 0, "otherExpenses": 7968800000, "operatingExpenses": 7968800000, "costAndExpenses": 7968800000, "interestIncome": 0, "interestExpense": 0, "depreciationAndAmortization": 567200000, "ebitda": 1442700000, "ebitdaratio": 0.1625724009, "operatingIncome": 905400000, "operatingIncomeRatio": 0.1020260981, "totalOtherIncomeExpensesNet": 29900000, "incomeBeforeTax": 555200000, "incomeBeforeTaxRatio": 0.062563386, "incomeTaxExpense": 185400000, "netIncome": 79000000, "netIncomeRatio": 0.0089022109, "eps": 0.29, "epsdiluted": 0.29, "weightedAverageShsOut": 274000000, "weightedAverageShsOutDil": 275400000, "link": "https://www.sec.gov/Archives/edgar/data/1111711/000095015209001944/0000950152-09-001944-index.htm", "finalLink": "https://www.sec.gov/Archives/edgar/data/1111711/000095015209001944/c48955e10vk.htm", "calculatedOtherExpenses": 7968800000, "calculatedOperatingExpenses": 7968800000, "calculatedNetInterest": 0, "calculatedOtherIncome": -350200000, "calculatedIncomeNonControlling": 290800000, "calculatedEbitda": 1472600000}, {"date": "2007-12-31", "symbol": "NI", "reportedCurrency": "USD", "cik": "0001111711", "fillingDate": "2008-03-05", "acceptedDate": "2008-03-05 17:01:53", "calendarYear": "2007", "period": "FY", "revenue": 7939800000, "costOfRevenue": 0, "grossProfit": 7939800000, "grossProfitRatio": 1, "researchAndDevelopmentExpenses": 0, "generalAndAdministrativeExpenses": 0, "sellingAndMarketingExpenses": 0, "sellingGeneralAndAdministrativeExpenses": 0, "otherExpenses": 7057900000, "operatingExpenses": 7057900000, "costAndExpenses": 7057900000, "interestIncome": 0, "interestExpense": 0, "depreciationAndAmortization": 566500000, "ebitda": 1457800000, "ebitdaratio": 0.18360664, "operatingIncome": 881900000, "operatingIncomeRatio": 0.1110733268, "totalOtherIncomeExpensesNet": -9400000, "incomeBeforeTax": 484100000, "incomeBeforeTaxRatio": 0.0609713091, "incomeTaxExpense": 172100000, "netIncome": 321400000, "netIncomeRatio": 0.0404796091, "eps": 1.17, "epsdiluted": 1.17, "weightedAverageShsOut": 273800000, "weightedAverageShsOutDil": 274700000, "link": "https://www.sec.gov/Archives/edgar/data/1111711/000095013708003307/0000950137-08-003307-index.htm", "finalLink": "https://www.sec.gov/Archives/edgar/data/1111711/000095013708003307/c23373e10vk.htm", "calculatedOtherExpenses": 7057900000, "calculatedOperatingExpenses": 7057900000, "calculatedNetInterest": 0, "calculatedOtherIncome": -397800000, "calculatedIncomeNonControlling": -9400000, "calculatedEbitda": 1448400000}, {"date": "2006-12-31", "symbol": "NI", "reportedCurrency": "USD", "cik": "0001111711", "fillingDate": "2007-03-01", "acceptedDate": "2007-03-01 11:39:57", "calendarYear": "2006", "period": "FY", "revenue": 7490000000, "costOfRevenue": 0, "grossProfit": 7490000000, "grossProfitRatio": 1, "researchAndDevelopmentExpenses": 0, "generalAndAdministrativeExpenses": 0, "sellingAndMarketingExpenses": 0, "sellingGeneralAndAdministrativeExpenses": 0, "otherExpenses": 6598400000, "operatingExpenses": 6598400000, "costAndExpenses": 6598400000, "interestIncome": 8800000, "interestExpense": 0, "depreciationAndAmortization": 556900000, "ebitda": 1477200000, "ebitdaratio": 0.197222964, "operatingIncome": 891600000, "operatingIncomeRatio": 0.1190387183, "totalOtherIncomeExpensesNet": -28700000, "incomeBeforeTax": 484300000, "incomeBeforeTaxRatio": 0.0646595461, "incomeTaxExpense": 170800000, "netIncome": 282200000, "netIncomeRatio": 0.0376769025, "eps": 1.04, "epsdiluted": 1.03, "weightedAverageShsOut": 272600000, "weightedAverageShsOutDil": 273400000, "link": "https://www.sec.gov/Archives/edgar/data/1111711/000095013707003072/0000950137-07-003072-index.htm", "finalLink": "https://www.sec.gov/Archives/edgar/data/1111711/000095013707003072/c12445e10vk.htm", "calculatedOtherExpenses": 6598400000, "calculatedOperatingExpenses": 6598400000, "calculatedNetInterest": 8800000, "calculatedOtherIncome": -416100000, "calculatedIncomeNonControlling": 31300000, "calculatedEbitda": 1448500000}, {"date": "2005-12-31", "symbol": "NI", "reportedCurrency": "USD", "cik": "0001111711", "fillingDate": "2006-03-10", "acceptedDate": "2006-03-10 06:01:46", "calendarYear": "2005", "period": "FY", "revenue": 7899100000, "costOfRevenue": 0, "grossProfit": 7899100000, "grossProfitRatio": 1, "researchAndDevelopmentExpenses": 0, "generalAndAdministrativeExpenses": 0, "sellingAndMarketingExpenses": 0, "sellingGeneralAndAdministrativeExpenses": 0, "otherExpenses": 6924100000, "operatingExpenses": 6924100000, "costAndExpenses": 6924100000, "interestIncome": 0, "interestExpense": 0, "depreciationAndAmortization": 562700000, "ebitda": 1654500000, "ebitdaratio": 0.2094542416, "operatingIncome": 975000000, "operatingIncomeRatio": 0.1234317834, "totalOtherIncomeExpensesNet": -116800000, "incomeBeforeTax": 433000000, "incomeBeforeTaxRatio": 0.0548163715, "incomeTaxExpense": 149400000, "netIncome": 306500000, "netIncomeRatio": 0.0388018888, "eps": 1.13, "epsdiluted": 1.12, "weightedAverageShsOut": 271300000, "weightedAverageShsOutDil": 273000000, "link": "https://www.sec.gov/Archives/edgar/data/1111711/000095013406004660/0000950134-06-004660-index.htm", "finalLink": "https://www.sec.gov/Archives/edgar/data/1111711/000095013406004660/c03079e10vk.htm", "calculatedOtherExpenses": 6924100000, "calculatedOperatingExpenses": 6924100000, "calculatedNetInterest": 0, "calculatedOtherIncome": -542000000, "calculatedIncomeNonControlling": -22900000, "calculatedEbitda": 1537700000}, {"date": "2004-12-31", "symbol": "NI", "reportedCurrency": "USD", "cik": "0001111711", "fillingDate": "2005-03-09", "acceptedDate": "2005-03-09 16:02:27", "calendarYear": "2004", "period": "FY", "revenue": 6666200000, "costOfRevenue": 0, "grossProfit": 6666200000, "grossProfitRatio": 1, "researchAndDevelopmentExpenses": 0, "generalAndAdministrativeExpenses": 0, "sellingAndMarketingExpenses": 0, "sellingGeneralAndAdministrativeExpenses": 0, "otherExpenses": 5597300000, "operatingExpenses": 5597300000, "costAndExpenses": 5597300000, "interestIncome": 0, "interestExpense": 0, "depreciationAndAmortization": 531300000, "ebitda": 1589700000, "ebitdaratio": 0.238471693, "operatingIncome": 1068900000, "operatingIncomeRatio": 0.1603462242, "totalOtherIncomeExpensesNet": 10500000, "incomeBeforeTax": 671100000, "incomeBeforeTaxRatio": 0.100672047, "incomeTaxExpense": 240900000, "netIncome": 436300000, "netIncomeRatio": 0.0654495815, "eps": 1.65, "epsdiluted": 1.64, "weightedAverageShsOut": 263700000, "weightedAverageShsOutDil": 265500000, "link": "https://www.sec.gov/Archives/edgar/data/1111711/000095013705002819/0000950137-05-002819-index.htm", "finalLink": "https://www.sec.gov/Archives/edgar/data/1111711/000095013705002819/c92732e10vk.htm", "calculatedOtherExpenses": 5597300000, "calculatedOperatingExpenses": 5597300000, "calculatedNetInterest": 0, "calculatedOtherIncome": -397800000, "calculatedIncomeNonControlling": -6100000, "calculatedEbitda": 1600200000}, {"date": "2003-12-31", "symbol": "NI", "reportedCurrency": "USD", "cik": "0001111711", "fillingDate": "2004-03-12", "acceptedDate": "2004-03-12 15:52:07", "calendarYear": "2003", "period": "FY", "revenue": 6246600000, "costOfRevenue": 0, "grossProfit": 6246600000, "grossProfitRatio": 1, "researchAndDevelopmentExpenses": 0, "generalAndAdministrativeExpenses": 0, "sellingAndMarketingExpenses": 0, "sellingGeneralAndAdministrativeExpenses": 0, "otherExpenses": 5155200000, "operatingExpenses": 5155200000, "costAndExpenses": 5155200000, "interestIncome": 0, "interestExpense": 0, "depreciationAndAmortization": 515900000, "ebitda": 1567100000, "ebitdaratio": 0.2508724746, "operatingIncome": 1091400000, "operatingIncomeRatio": 0.1747190472, "totalOtherIncomeExpensesNet": 40200000, "incomeBeforeTax": 659900000, "incomeBeforeTaxRatio": 0.105641469, "incomeTaxExpense": 234200000, "netIncome": 85700000, "netIncomeRatio": 0.0137194634, "eps": 0.33, "epsdiluted": 0.33, "weightedAverageShsOut": 258181818, "weightedAverageShsOutDil": 258181818, "link": "https://www.sec.gov/Archives/edgar/data/1111711/000095013704001796/0000950137-04-001796-index.htm", "finalLink": "https://www.sec.gov/Archives/edgar/data/1111711/000095013704001796/c83669e10vk.txt", "calculatedOtherExpenses": 5155200000, "calculatedOperatingExpenses": 5155200000, "calculatedNetInterest": 0, "calculatedOtherIncome": -431500000, "calculatedIncomeNonControlling": 340000000, "calculatedEbitda": 1607300000}, {"date": "2002-12-31", "symbol": "NI", "reportedCurrency": "USD", "cik": "0001111711", "fillingDate": "2003-03-03", "acceptedDate": "2003-02-28 19:47:05", "calendarYear": "2002", "period": "FY", "revenue": 6492300000, "costOfRevenue": 0, "grossProfit": 6492300000, "grossProfitRatio": 1, "researchAndDevelopmentExpenses": 0, "generalAndAdministrativeExpenses": 0, "sellingAndMarketingExpenses": 0, "sellingGeneralAndAdministrativeExpenses": 0, "otherExpenses": 5316800000, "operatingExpenses": 5316800000, "costAndExpenses": 5316800000, "interestIncome": 0, "interestExpense": 0, "depreciationAndAmortization": 574000000, "ebitda": 1718900000, "ebitdaratio": 0.2647597924, "operatingIncome": 1175500000, "operatingIncomeRatio": 0.1810606411, "totalOtherIncomeExpensesNet": 30600000, "incomeBeforeTax": 659600000, "incomeBeforeTaxRatio": 0.1015972768, "incomeTaxExpense": 233900000, "netIncome": 372500000, "netIncomeRatio": 0.0573756604, "eps": 1.77, "epsdiluted": 1.75, "weightedAverageShsOut": 210451977, "weightedAverageShsOutDil": 212857143, "link": "https://www.sec.gov/Archives/edgar/data/1111711/000089322003000230/0000893220-03-000230-index.htm", "finalLink": "https://www.sec.gov/Archives/edgar/data/1111711/000089322003000230/w83926e10vk.txt", "calculatedOtherExpenses": 5316800000, "calculatedOperatingExpenses": 5316800000, "calculatedNetInterest": 0, "calculatedOtherIncome": -515900000, "calculatedIncomeNonControlling": 53200000, "calculatedEbitda": 1749500000}, {"date": "2001-12-31", "symbol": "NI", "reportedCurrency": "USD", "cik": "0001111711", "fillingDate": "2002-02-22", "acceptedDate": "2002-02-22 00:00:00", "calendarYear": "2001", "period": "FY", "revenue": 9458700000, "costOfRevenue": 0, "grossProfit": 9458700000, "grossProfitRatio": 1, "researchAndDevelopmentExpenses": 0, "generalAndAdministrativeExpenses": 0, "sellingAndMarketingExpenses": 0, "sellingGeneralAndAdministrativeExpenses": 0, "otherExpenses": 8449800000, "operatingExpenses": 8449800000, "costAndExpenses": 8449800000, "interestIncome": 0, "interestExpense": 0, "depreciationAndAmortization": 671700000, "ebitda": 1668600000, "ebitdaratio": 0.1764090203, "operatingIncome": 1008900000, "operatingIncomeRatio": 0.1066637064, "totalOtherIncomeExpensesNet": 12000000, "incomeBeforeTax": 395300000, "incomeBeforeTaxRatio": 0.0417922125, "incomeTaxExpense": 183200000, "netIncome": 216200000, "netIncomeRatio": 0.0228572637, "eps": 1.05, "epsdiluted": 1.03, "weightedAverageShsOut": 205904762, "weightedAverageShsOutDil": 209902913, "link": "https://www.sec.gov/Archives/edgar/data/1111711/000089322002000181/0000893220-02-000181-index.htm", "finalLink": "https://www.sec.gov/Archives/edgar/data/1111711/000089322002000181/w57495e10-k.txt", "calculatedOtherExpenses": 8449800000, "calculatedOperatingExpenses": 8449800000, "calculatedNetInterest": 0, "calculatedOtherIncome": -613600000, "calculatedIncomeNonControlling": -4100000, "calculatedEbitda": 1680600000}, {"date": "2000-12-31", "symbol": "NI", "reportedCurrency": "USD", "cik": "0001111711", "fillingDate": "2001-03-30", "acceptedDate": "2001-03-30 00:00:00", "calendarYear": "2000", "period": "FY", "revenue": 6030700000, "costOfRevenue": 0, "grossProfit": 6030700000, "grossProfitRatio": 1, "researchAndDevelopmentExpenses": 0, "generalAndAdministrativeExpenses": 0, "sellingAndMarketingExpenses": 0, "sellingGeneralAndAdministrativeExpenses": 0, "otherExpenses": 5462900000, "operatingExpenses": 5462900000, "costAndExpenses": 5462900000, "interestIncome": 0, "interestExpense": 0, "depreciationAndAmortization": 374200000, "ebitda": 899900000, "ebitdaratio": 0.1492198252, "operatingIncome": 567800000, "operatingIncomeRatio": 0.094151591, "totalOtherIncomeExpensesNet": 42100000, "incomeBeforeTax": 277200000, "incomeBeforeTaxRatio": 0.0459648134, "incomeTaxExpense": 130100000, "netIncome": 156900000, "netIncomeRatio": 0.0260168803, "eps": 1.12, "epsdiluted": 1.11, "weightedAverageShsOut": 121651509, "weightedAverageShsOutDil": 121651509, "link": "https://www.sec.gov/Archives/edgar/data/1111711/000089322001000397/0000893220-01-000397-index.htm", "finalLink": "https://www.sec.gov/Archives/edgar/data/1111711/000089322001000397/w47075e10-k405.txt", "calculatedOtherExpenses": 5462900000, "calculatedOperatingExpenses": 5462900000, "calculatedNetInterest": 0, "calculatedOtherIncome": -290600000, "calculatedIncomeNonControlling": -9800000, "calculatedEbitda": 942000000}, {"date": "1999-12-31", "symbol": "NI", "reportedCurrency": "USD", "cik": "0001111711", "fillingDate": "1999-12-31", "acceptedDate": "1999-12-30 19:00:00", "calendarYear": "1999", "period": "FY", "revenue": 3144600000, "costOfRevenue": 1651100000, "grossProfit": 1493500000, "grossProfitRatio": 0.474941169, "researchAndDevelopmentExpenses": 0, "generalAndAdministrativeExpenses": 0, "sellingAndMarketingExpenses": 0, "sellingGeneralAndAdministrativeExpenses": 0, "otherExpenses": 1032000000, "operatingExpenses": 1032000000, "costAndExpenses": 2683100000, "interestIncome": 0, "interestExpense": 0, "depreciationAndAmortization": 337700000, "ebitda": 799200000, "ebitdaratio": 0.2541499714, "operatingIncome": 461500000, "operatingIncomeRatio": 0.1467595243, "totalOtherIncomeExpensesNet": -26300000, "incomeBeforeTax": 250800000, "incomeBeforeTaxRatio": 0.0797557718, "incomeTaxExpense": 90400000, "netIncome": 160400000, "netIncomeRatio": 0.0510080773, "eps": 1.29, "epsdiluted": 1.27, "weightedAverageShsOut": 124341085, "weightedAverageShsOutDil": 126299213, "link": "", "finalLink": "", "calculatedOtherExpenses": 1032000000, "calculatedOperatingExpenses": 1032000000, "calculatedNetInterest": 0, "calculatedOtherIncome": -210700000, "calculatedIncomeNonControlling": 0, "calculatedEbitda": 799200000}, {"date": "1998-12-31", "symbol": "NI", "reportedCurrency": "USD", "cik": "0001111711", "fillingDate": "1998-12-31", "acceptedDate": "1998-12-30 19:00:00", "calendarYear": "1998", "period": "FY", "revenue": 2932800000, "costOfRevenue": 1021400000, "grossProfit": 1911400000, "grossProfitRatio": 0.6517321331, "researchAndDevelopmentExpenses": 0, "generalAndAdministrativeExpenses": 0, "sellingAndMarketingExpenses": 0, "sellingGeneralAndAdministrativeExpenses": 0, "otherExpenses": 1494300000, "operatingExpenses": 1494300000, "costAndExpenses": 2515700000, "interestIncome": 0, "interestExpense": 0, "depreciationAndAmortization": 245900000, "ebitda": 663000000, "ebitdaratio": 0.2260638298, "operatingIncome": 417100000, "operatingIncomeRatio": 0.1422190398, "totalOtherIncomeExpensesNet": 10600000, "incomeBeforeTax": 294800000, "incomeBeforeTaxRatio": 0.1005182761, "incomeTaxExpense": 100900000, "netIncome": 193900000, "netIncomeRatio": 0.0661142935, "eps": 1.6, "epsdiluted": 1.59, "weightedAverageShsOut": 121187500, "weightedAverageShsOutDil": 121949686, "link": "", "finalLink": "", "calculatedOtherExpenses": 1494300000, "calculatedOperatingExpenses": 1494300000, "calculatedNetInterest": 0, "calculatedOtherIncome": -122300000, "calculatedIncomeNonControlling": 0, "calculatedEbitda": 663000000}, {"date": "1997-12-31", "symbol": "NI", "reportedCurrency": "USD", "cik": "0001111711", "fillingDate": "1997-12-31", "acceptedDate": "1997-12-30 19:00:00", "calendarYear": "1997", "period": "FY", "revenue": 2586500000, "costOfRevenue": 771100000, "grossProfit": 1815400000, "grossProfitRatio": 0.7018751208, "researchAndDevelopmentExpenses": 0, "generalAndAdministrativeExpenses": 0, "sellingAndMarketingExpenses": 0, "sellingGeneralAndAdministrativeExpenses": 0, "otherExpenses": 1409700000, "operatingExpenses": 1409700000, "costAndExpenses": 2180800000, "interestIncome": 0, "interestExpense": 0, "depreciationAndAmortization": 235200000, "ebitda": 640900000, "ebitdaratio": 0.2477865842, "operatingIncome": 405700000, "operatingIncomeRatio": 0.15685289, "totalOtherIncomeExpensesNet": 14600000, "incomeBeforeTax": 295800000, "incomeBeforeTaxRatio": 0.1143630389, "incomeTaxExpense": 105000000, "netIncome": 190800000, "netIncomeRatio": 0.0737676397, "eps": 1.54, "epsdiluted": 1.53, "weightedAverageShsOut": 123896104, "weightedAverageShsOutDil": 124705882, "link": "", "finalLink": "", "calculatedOtherExpenses": 1409700000, "calculatedOperatingExpenses": 1409700000, "calculatedNetInterest": 0, "calculatedOtherIncome": -109900000, "calculatedIncomeNonControlling": 0, "calculatedEbitda": 640900000}, {"date": "1996-12-31", "symbol": "NI", "reportedCurrency": "USD", "cik": "0001111711", "fillingDate": "1996-12-31", "acceptedDate": "1996-12-30 19:00:00", "calendarYear": "1996", "period": "FY", "revenue": 1821600000, "costOfRevenue": 770700000, "grossProfit": 1050900000, "grossProfitRatio": 0.5769104084, "researchAndDevelopmentExpenses": 0, "generalAndAdministrativeExpenses": 0, "sellingAndMarketingExpenses": 0, "sellingGeneralAndAdministrativeExpenses": 0, "otherExpenses": 658100000, "operatingExpenses": 658100000, "costAndExpenses": 1428800000, "interestIncome": 0, "interestExpense": 0, "depreciationAndAmortization": 209300000, "ebitda": 602100000, "ebitdaratio": 0.3305335968, "operatingIncome": 392800000, "operatingIncomeRatio": 0.2156346069, "totalOtherIncomeExpensesNet": 5700000, "incomeBeforeTax": 287700000, "incomeBeforeTaxRatio": 0.1579380764, "incomeTaxExpense": 111000000, "netIncome": 176700000, "netIncomeRatio": 0.097002635, "eps": 1.44, "epsdiluted": 1.43, "weightedAverageShsOut": 122638889, "weightedAverageShsOutDil": 123496503, "link": "", "finalLink": "", "calculatedOtherExpenses": 658100000, "calculatedOperatingExpenses": 658100000, "calculatedNetInterest": 0, "calculatedOtherIncome": -105100000, "calculatedIncomeNonControlling": 0, "calculatedEbitda": 602100000}, {"date": "1995-12-31", "symbol": "NI", "reportedCurrency": "USD", "cik": "0001111711", "fillingDate": "1995-12-31", "acceptedDate": "1995-12-30 19:00:00", "calendarYear": "1995", "period": "FY", "revenue": 1722300000, "costOfRevenue": 685100000, "grossProfit": 1037200000, "grossProfitRatio": 0.6022179643, "researchAndDevelopmentExpenses": 0, "generalAndAdministrativeExpenses": 0, "sellingAndMarketingExpenses": 0, "sellingGeneralAndAdministrativeExpenses": 0, "otherExpenses": 648300000, "operatingExpenses": 648300000, "costAndExpenses": 1333400000, "interestIncome": 0, "interestExpense": 0, "depreciationAndAmortization": 205300000, "ebitda": 594200000, "ebitdaratio": 0.345003774, "operatingIncome": 388900000, "operatingIncomeRatio": 0.2258027057, "totalOtherIncomeExpensesNet": -4200000, "incomeBeforeTax": 283900000, "incomeBeforeTaxRatio": 0.164837717, "incomeTaxExpense": 108400000, "netIncome": 175500000, "netIncomeRatio": 0.1018986239, "eps": 1.36, "epsdiluted": 1.35, "weightedAverageShsOut": 126764706, "weightedAverageShsOutDil": 127703704, "link": "", "finalLink": "", "calculatedOtherExpenses": 648300000, "calculatedOperatingExpenses": 648300000, "calculatedNetInterest": 0, "calculatedOtherIncome": -105000000, "calculatedIncomeNonControlling": 0, "calculatedEbitda": 594200000}, {"date": "1994-12-31", "symbol": "NI", "reportedCurrency": "USD", "cik": "0001111711", "fillingDate": "1994-12-31", "acceptedDate": "1994-12-30 19:00:00", "calendarYear": "1994", "period": "FY", "revenue": 1676400000, "costOfRevenue": 683100000, "grossProfit": 993300000, "grossProfitRatio": 0.592519685, "researchAndDevelopmentExpenses": 0, "generalAndAdministrativeExpenses": 0, "sellingAndMarketingExpenses": 0, "sellingGeneralAndAdministrativeExpenses": 0, "otherExpenses": 638400000, "operatingExpenses": 638400000, "costAndExpenses": 1321500000, "interestIncome": 0, "interestExpense": 0, "depreciationAndAmortization": 192100000, "ebitda": 547000000, "ebitdaratio": 0.3262944405, "operatingIncome": 354900000, "operatingIncomeRatio": 0.2117036507, "totalOtherIncomeExpensesNet": 2200000, "incomeBeforeTax": 261700000, "incomeBeforeTaxRatio": 0.1561083274, "incomeTaxExpense": 97700000, "netIncome": 164000000, "netIncomeRatio": 0.0978286805, "eps": 1.24, "epsdiluted": 1.23, "weightedAverageShsOut": 129758065, "weightedAverageShsOutDil": 130813008, "link": "", "finalLink": "", "calculatedOtherExpenses": 638400000, "calculatedOperatingExpenses": 638400000, "calculatedNetInterest": 0, "calculatedOtherIncome": -93200000, "calculatedIncomeNonControlling": 0, "calculatedEbitda": 547000000}, {"date": "1993-12-31", "symbol": "NI", "reportedCurrency": "USD", "cik": "0001111711", "fillingDate": "1993-12-31", "acceptedDate": "1993-12-30 19:00:00", "calendarYear": "1993", "period": "FY", "revenue": 1677900000, "costOfRevenue": 0, "grossProfit": 1677900000, "grossProfitRatio": 1, "researchAndDevelopmentExpenses": 0, "generalAndAdministrativeExpenses": 0, "sellingAndMarketingExpenses": 0, "sellingGeneralAndAdministrativeExpenses": 0, "otherExpenses": 0, "operatingExpenses": 0, "costAndExpenses": 0, "interestIncome": 0, "interestExpense": 0, "depreciationAndAmortization": 0, "ebitda": 1677900000, "ebitdaratio": 1, "operatingIncome": 1677900000, "operatingIncomeRatio": 1, "totalOtherIncomeExpensesNet": 0, "incomeBeforeTax": 0, "incomeBeforeTaxRatio": 0, "incomeTaxExpense": -156100000, "netIncome": 156100000, "netIncomeRatio": 0.0930329579, "eps": 1.15, "epsdiluted": 1.15, "weightedAverageShsOut": 133043478, "weightedAverageShsOutDil": 133043478, "link": "", "finalLink": "", "calculatedOtherExpenses": 0, "calculatedOperatingExpenses": 0, "calculatedNetInterest": 0, "calculatedOtherIncome": -1677900000, "calculatedIncomeNonControlling": 0, "calculatedEbitda": 1677900000}, {"date": "1992-12-31", "symbol": "NI", "reportedCurrency": "USD", "cik": "0001111711", "fillingDate": "1992-12-31", "acceptedDate": "1992-12-30 19:00:00", "calendarYear": "1992", "period": "FY", "revenue": 1582400000, "costOfRevenue": 0, "grossProfit": 1582400000, "grossProfitRatio": 1, "researchAndDevelopmentExpenses": 0, "generalAndAdministrativeExpenses": 0, "sellingAndMarketingExpenses": 0, "sellingGeneralAndAdministrativeExpenses": 0, "otherExpenses": 0, "operatingExpenses": 0, "costAndExpenses": 0, "interestIncome": 0, "interestExpense": 0, "depreciationAndAmortization": 0, "ebitda": 1582400000, "ebitdaratio": 1, "operatingIncome": 1582400000, "operatingIncomeRatio": 1, "totalOtherIncomeExpensesNet": 0, "incomeBeforeTax": 0, "incomeBeforeTaxRatio": 0, "incomeTaxExpense": -136600000, "netIncome": 136600000, "netIncomeRatio": 0.0863245703, "eps": 1, "epsdiluted": 0.99, "weightedAverageShsOut": 133500000, "weightedAverageShsOutDil": 134848485, "link": "", "finalLink": "", "calculatedOtherExpenses": 0, "calculatedOperatingExpenses": 0, "calculatedNetInterest": 0, "calculatedOtherIncome": -1582400000, "calculatedIncomeNonControlling": 0, "calculatedEbitda": 1582400000}, {"date": "1991-12-31", "symbol": "NI", "reportedCurrency": "USD", "cik": "0001111711", "fillingDate": "1991-12-31", "acceptedDate": "1991-12-30 19:00:00", "calendarYear": "1991", "period": "FY", "revenue": 1535200000, "costOfRevenue": 0, "grossProfit": 1535200000, "grossProfitRatio": 1, "researchAndDevelopmentExpenses": 0, "generalAndAdministrativeExpenses": 0, "sellingAndMarketingExpenses": 0, "sellingGeneralAndAdministrativeExpenses": 0, "otherExpenses": 0, "operatingExpenses": 0, "costAndExpenses": 0, "interestIncome": 0, "interestExpense": 0, "depreciationAndAmortization": 0, "ebitda": 1535200000, "ebitdaratio": 1, "operatingIncome": 1535200000, "operatingIncomeRatio": 1, "totalOtherIncomeExpensesNet": 0, "incomeBeforeTax": 0, "incomeBeforeTaxRatio": 0, "incomeTaxExpense": -133400000, "netIncome": 133400000, "netIncomeRatio": 0.0868942157, "eps": 0.97, "epsdiluted": 0.96, "weightedAverageShsOut": 134329897, "weightedAverageShsOutDil": 135729167, "link": "", "finalLink": "", "calculatedOtherExpenses": 0, "calculatedOperatingExpenses": 0, "calculatedNetInterest": 0, "calculatedOtherIncome": -1535200000, "calculatedIncomeNonControlling": 0, "calculatedEbitda": 1535200000}, {"date": "1990-12-31", "symbol": "NI", "reportedCurrency": "USD", "cik": "0001111711", "fillingDate": "1990-12-31", "acceptedDate": "1990-12-30 19:00:00", "calendarYear": "1990", "period": "FY", "revenue": 1521000000, "costOfRevenue": 0, "grossProfit": 1521000000, "grossProfitRatio": 1, "researchAndDevelopmentExpenses": 0, "generalAndAdministrativeExpenses": 0, "sellingAndMarketingExpenses": 0, "sellingGeneralAndAdministrativeExpenses": 0, "otherExpenses": 0, "operatingExpenses": 0, "costAndExpenses": 0, "interestIncome": 0, "interestExpense": 0, "depreciationAndAmortization": 0, "ebitda": 1521000000, "ebitdaratio": 1, "operatingIncome": 1521000000, "operatingIncomeRatio": 1, "totalOtherIncomeExpensesNet": 0, "incomeBeforeTax": 0, "incomeBeforeTaxRatio": 0, "incomeTaxExpense": -125400000, "netIncome": 125400000, "netIncomeRatio": 0.0824457594, "eps": 0.9, "epsdiluted": 0.89, "weightedAverageShsOut": 125000000, "weightedAverageShsOutDil": 126404494, "link": "", "finalLink": "", "calculatedOtherExpenses": 0, "calculatedOperatingExpenses": 0, "calculatedNetInterest": 0, "calculatedOtherIncome": -1521000000, "calculatedIncomeNonControlling": 0, "calculatedEbitda": 1521000000}, {"date": "1989-12-31", "symbol": "NI", "reportedCurrency": "USD", "cik": "0001111711", "fillingDate": "1989-12-31", "acceptedDate": "1989-12-30 19:00:00", "calendarYear": "1989", "period": "FY", "revenue": 1559600000, "costOfRevenue": 0, "grossProfit": 1559600000, "grossProfitRatio": 1, "researchAndDevelopmentExpenses": 0, "generalAndAdministrativeExpenses": 0, "sellingAndMarketingExpenses": 0, "sellingGeneralAndAdministrativeExpenses": 0, "otherExpenses": 0, "operatingExpenses": 0, "costAndExpenses": 0, "interestIncome": 0, "interestExpense": 0, "depreciationAndAmortization": 0, "ebitda": 1559600000, "ebitdaratio": 1, "operatingIncome": 1559600000, "operatingIncomeRatio": 1, "totalOtherIncomeExpensesNet": 0, "incomeBeforeTax": 0, "incomeBeforeTaxRatio": 0, "incomeTaxExpense": -137300000, "netIncome": 137300000, "netIncomeRatio": 0.0880353937, "eps": 0.5, "epsdiluted": 0.49, "weightedAverageShsOut": 145762712, "weightedAverageShsOutDil": 145762712, "link": "", "finalLink": "", "calculatedOtherExpenses": 0, "calculatedOperatingExpenses": 0, "calculatedNetInterest": 0, "calculatedOtherIncome": -1559600000, "calculatedIncomeNonControlling": 0, "calculatedEbitda": 1559600000}, {"date": "1988-12-31", "symbol": "NI", "reportedCurrency": "USD", "cik": "0001111711", "fillingDate": "1988-12-31", "acceptedDate": "1988-12-30 19:00:00", "calendarYear": "1988", "period": "FY", "revenue": 1524200000, "costOfRevenue": 0, "grossProfit": 1524200000, "grossProfitRatio": 1, "researchAndDevelopmentExpenses": 0, "generalAndAdministrativeExpenses": 0, "sellingAndMarketingExpenses": 0, "sellingGeneralAndAdministrativeExpenses": 0, "otherExpenses": 0, "operatingExpenses": 0, "costAndExpenses": 0, "interestIncome": 0, "interestExpense": 0, "depreciationAndAmortization": 0, "ebitda": 1524200000, "ebitdaratio": 1, "operatingIncome": 1524200000, "operatingIncomeRatio": 1, "totalOtherIncomeExpensesNet": 0, "incomeBeforeTax": 0, "incomeBeforeTaxRatio": 0, "incomeTaxExpense": -122900000, "netIncome": 122900000, "netIncomeRatio": 0.0806324629, "eps": 0.7, "epsdiluted": 0.7, "weightedAverageShsOut": 147857143, "weightedAverageShsOutDil": 147857143, "link": "", "finalLink": "", "calculatedOtherExpenses": 0, "calculatedOperatingExpenses": 0, "calculatedNetInterest": 0, "calculatedOtherIncome": -1524200000, "calculatedIncomeNonControlling": 0, "calculatedEbitda": 1524200000}, {"date": "1987-12-31", "symbol": "NI", "reportedCurrency": "USD", "cik": "0001111711", "fillingDate": "1987-12-31", "acceptedDate": "1987-12-30 19:00:00", "calendarYear": "1987", "period": "FY", "revenue": 1451600000, "costOfRevenue": 0, "grossProfit": 1451600000, "grossProfitRatio": 1, "researchAndDevelopmentExpenses": 0, "generalAndAdministrativeExpenses": 0, "sellingAndMarketingExpenses": 0, "sellingGeneralAndAdministrativeExpenses": 0, "otherExpenses": 0, "operatingExpenses": 0, "costAndExpenses": 0, "interestIncome": 0, "interestExpense": 0, "depreciationAndAmortization": 0, "ebitda": 1451600000, "ebitdaratio": 1, "operatingIncome": 1451600000, "operatingIncomeRatio": 1, "totalOtherIncomeExpensesNet": 0, "incomeBeforeTax": 0, "incomeBeforeTaxRatio": 0, "incomeTaxExpense": -65000000, "netIncome": 65000000, "netIncomeRatio": 0.0447781758, "eps": 0.27, "epsdiluted": 0.27, "weightedAverageShsOut": 144074074, "weightedAverageShsOutDil": 144074074, "link": "", "finalLink": "", "calculatedOtherExpenses": 0, "calculatedOperatingExpenses": 0, "calculatedNetInterest": 0, "calculatedOtherIncome": -1451600000, "calculatedIncomeNonControlling": 0, "calculatedEbitda": 1451600000}, {"date": "1986-12-31", "symbol": "NI", "reportedCurrency": "USD", "cik": "0001111711", "fillingDate": "1986-12-31", "acceptedDate": "1986-12-30 19:00:00", "calendarYear": "1986", "period": "FY", "revenue": 1626100000, "costOfRevenue": 0, "grossProfit": 1626100000, "grossProfitRatio": 1, "researchAndDevelopmentExpenses": 0, "generalAndAdministrativeExpenses": 0, "sellingAndMarketingExpenses": 0, "sellingGeneralAndAdministrativeExpenses": 0, "otherExpenses": 0, "operatingExpenses": 0, "costAndExpenses": 0, "interestIncome": 0, "interestExpense": 0, "depreciationAndAmortization": 0, "ebitda": 1626100000, "ebitdaratio": 1, "operatingIncome": 1626100000, "operatingIncomeRatio": 1, "totalOtherIncomeExpensesNet": 0, "incomeBeforeTax": 0, "incomeBeforeTaxRatio": 0, "incomeTaxExpense": 14100000, "netIncome": -14100000, "netIncomeRatio": -0.0086710534, "eps": -0.099, "epsdiluted": -0.099, "weightedAverageShsOut": 142413793, "weightedAverageShsOutDil": 142413793, "link": "", "finalLink": "", "calculatedOtherExpenses": 0, "calculatedOperatingExpenses": 0, "calculatedNetInterest": 0, "calculatedOtherIncome": -1626100000, "calculatedIncomeNonControlling": 0, "calculatedEbitda": 1626100000}, {"date": "1985-12-31", "symbol": "NI", "reportedCurrency": "USD", "cik": "0001111711", "fillingDate": "1985-12-31", "acceptedDate": "1985-12-30 19:00:00", "calendarYear": "1985", "period": "FY", "revenue": 1908500000, "costOfRevenue": 0, "grossProfit": 1908500000, "grossProfitRatio": 1, "researchAndDevelopmentExpenses": 0, "generalAndAdministrativeExpenses": 0, "sellingAndMarketingExpenses": 0, "sellingGeneralAndAdministrativeExpenses": 0, "otherExpenses": 0, "operatingExpenses": 0, "costAndExpenses": 0, "interestIncome": 0, "interestExpense": 0, "depreciationAndAmortization": 0, "ebitda": 1908500000, "ebitdaratio": 1, "operatingIncome": 1908500000, "operatingIncomeRatio": 1, "totalOtherIncomeExpensesNet": 0, "incomeBeforeTax": 0, "incomeBeforeTaxRatio": 0, "incomeTaxExpense": -107100000, "netIncome": 107100000, "netIncomeRatio": 0.0561173697, "eps": 0.55, "epsdiluted": 0.55, "weightedAverageShsOut": 142000000, "weightedAverageShsOutDil": 142000000, "link": "", "finalLink": "", "calculatedOtherExpenses": 0, "calculatedOperatingExpenses": 0, "calculatedNetInterest": 0, "calculatedOtherIncome": -1908500000, "calculatedIncomeNonControlling": 0, "calculatedEbitda": 1908500000}]}