{"originalCurrency": "USD", "convertedCurrency": "USD", "report": [{"date": "2023-09-30", "symbol": "NJR", "reportedCurrency": "USD", "cik": "0000356309", "fillingDate": "2023-11-21", "acceptedDate": "2023-11-21 16:28:09", "calendarYear": "2023", "period": "FY", "revenue": 1962994000, "costOfRevenue": 1352511000, "grossProfit": 610483000, "grossProfitRatio": 0.3109958563, "researchAndDevelopmentExpenses": 0, "generalAndAdministrativeExpenses": 0, "sellingAndMarketingExpenses": 0, "sellingGeneralAndAdministrativeExpenses": 10464000, "otherExpenses": 26083000, "operatingExpenses": 203483000, "costAndExpenses": 1555994000, "interestIncome": 8919000, "interestExpense": 123014000, "depreciationAndAmortization": 152941000, "ebitda": 586024000, "ebitdaratio": 0.2985358081, "operatingIncome": 407000000, "operatingIncomeRatio": 0.2073363444, "totalOtherIncomeExpensesNet": 26083000, "incomeBeforeTax": 310069000, "incomeBeforeTaxRatio": 0.1579571817, "incomeTaxExpense": 49275000, "netIncome": 264724000, "netIncomeRatio": 0.134857264, "eps": 2.73, "epsdiluted": 2.71, "weightedAverageShsOut": 97028000, "weightedAverageShsOutDil": 97627000, "link": "https://www.sec.gov/Archives/edgar/data/356309/000035630923000083/0000356309-23-000083-index.htm", "finalLink": "https://www.sec.gov/Archives/edgar/data/356309/000035630923000083/njr-20230930.htm", "calculatedOtherExpenses": 193019000, "calculatedOperatingExpenses": 203483000, "calculatedNetInterest": -114095000, "calculatedOtherIncome": 17164000, "calculatedIncomeNonControlling": -3930000, "calculatedEbitda": 559941000}, {"date": "2022-09-30", "symbol": "NJR", "reportedCurrency": "USD", "cik": "0000356309", "fillingDate": "2022-11-17", "acceptedDate": "2022-11-17 17:27:06", "calendarYear": "2022", "period": "FY", "revenue": 2905979000, "costOfRevenue": 2310818000, "grossProfit": 595161000, "grossProfitRatio": 0.2048056782, "researchAndDevelopmentExpenses": 0, "generalAndAdministrativeExpenses": 59437000, "sellingAndMarketingExpenses": 0, "sellingGeneralAndAdministrativeExpenses": 59437000, "otherExpenses": 129249000, "operatingExpenses": 188686000, "costAndExpenses": 2499504000, "interestIncome": 2716000, "interestExpense": 85830000, "depreciationAndAmortization": 151544000, "ebitda": 558019000, "ebitdaratio": 0.1920244434, "operatingIncome": 406475000, "operatingIncomeRatio": 0.1398754086, "totalOtherIncomeExpensesNet": -63535000, "incomeBeforeTax": 342940000, "incomeBeforeTaxRatio": 0.1180118645, "incomeTaxExpense": 76195000, "netIncome": 274922000, "netIncomeRatio": 0.0946056389, "eps": 2.86, "epsdiluted": 2.85, "weightedAverageShsOut": 96100000, "weightedAverageShsOutDil": 96488000, "link": "https://www.sec.gov/Archives/edgar/data/356309/000035630922000098/0000356309-22-000098-index.htm", "finalLink": "https://www.sec.gov/Archives/edgar/data/356309/000035630922000098/njr-20220930.htm", "calculatedOtherExpenses": 129249000, "calculatedOperatingExpenses": 188686000, "calculatedNetInterest": -83114000, "calculatedOtherIncome": 19579000, "calculatedIncomeNonControlling": -8177000, "calculatedEbitda": 558019000}, {"date": "2021-09-30", "symbol": "NJR", "reportedCurrency": "USD", "cik": "0000356309", "fillingDate": "2021-11-18", "acceptedDate": "2021-11-18 16:34:56", "calendarYear": "2021", "period": "FY", "revenue": 2156613000, "costOfRevenue": 1718572000, "grossProfit": 438041000, "grossProfitRatio": 0.2031152553, "researchAndDevelopmentExpenses": 0, "generalAndAdministrativeExpenses": 38304000, "sellingAndMarketingExpenses": 0, "sellingGeneralAndAdministrativeExpenses": 38304000, "otherExpenses": 111387000, "operatingExpenses": 149691000, "costAndExpenses": 1868263000, "interestIncome": 2580000, "interestExpense": 78559000, "depreciationAndAmortization": 135984000, "ebitda": 424334000, "ebitdaratio": 0.1967594557, "operatingIncome": 288350000, "operatingIncomeRatio": 0.1337050273, "totalOtherIncomeExpensesNet": -53962000, "incomeBeforeTax": 234388000, "incomeBeforeTaxRatio": 0.1086833845, "incomeTaxExpense": 33286000, "netIncome": 201102000, "netIncomeRatio": 0.0932489974, "eps": 2.09, "epsdiluted": 2.08, "weightedAverageShsOut": 96227000, "weightedAverageShsOutDil": 96560000, "link": "https://www.sec.gov/Archives/edgar/data/356309/000035630921000095/0000356309-21-000095-index.htm", "finalLink": "https://www.sec.gov/Archives/edgar/data/356309/000035630921000095/njr-20210930.htm", "calculatedOtherExpenses": 111387000, "calculatedOperatingExpenses": 149691000, "calculatedNetInterest": -75979000, "calculatedOtherIncome": 22017000, "calculatedIncomeNonControlling": 0, "calculatedEbitda": 424334000}, {"date": "2020-09-30", "symbol": "NJR", "reportedCurrency": "USD", "cik": "0000356309", "fillingDate": "2020-11-30", "acceptedDate": "2020-11-30 15:51:26", "calendarYear": "2020", "period": "FY", "revenue": 1953668000, "costOfRevenue": 1582862000, "grossProfit": 370806000, "grossProfitRatio": 0.1897999046, "researchAndDevelopmentExpenses": 0, "generalAndAdministrativeExpenses": 34529000, "sellingAndMarketingExpenses": 0, "sellingGeneralAndAdministrativeExpenses": 34529000, "otherExpenses": 107368000, "operatingExpenses": 141897000, "costAndExpenses": 1724759000, "interestIncome": 4387000, "interestExpense": 67597000, "depreciationAndAmortization": 131246000, "ebitda": 360155000, "ebitdaratio": 0.1843481083, "operatingIncome": 228909000, "operatingIncomeRatio": 0.1171688332, "totalOtherIncomeExpensesNet": -43719000, "incomeBeforeTax": 185190000, "incomeBeforeTaxRatio": 0.0947909266, "incomeTaxExpense": 36494000, "netIncome": 163007000, "netIncomeRatio": 0.0834363873, "eps": 1.72, "epsdiluted": 1.71, "weightedAverageShsOut": 94798000, "weightedAverageShsOutDil": 95103000, "link": "https://www.sec.gov/Archives/edgar/data/356309/000035630920000098/0000356309-20-000098-index.htm", "finalLink": "https://www.sec.gov/Archives/edgar/data/356309/000035630920000098/njr-20200930.htm", "calculatedOtherExpenses": 107368000, "calculatedOperatingExpenses": 141897000, "calculatedNetInterest": -63210000, "calculatedOtherIncome": 19491000, "calculatedIncomeNonControlling": -14311000, "calculatedEbitda": 360155000}, {"date": "2019-09-30", "symbol": "NJR", "reportedCurrency": "USD", "cik": "0000356309", "fillingDate": "2019-11-22", "acceptedDate": "2019-11-22 16:24:42", "calendarYear": "2019", "period": "FY", "revenue": 2592045000, "costOfRevenue": 2301253000, "grossProfit": 290792000, "grossProfitRatio": 0.1121863239, "researchAndDevelopmentExpenses": 0, "generalAndAdministrativeExpenses": 33937000, "sellingAndMarketingExpenses": 0, "sellingGeneralAndAdministrativeExpenses": 33937000, "otherExpenses": 102920000, "operatingExpenses": 136857000, "costAndExpenses": 2438110000, "interestIncome": 5072000, "interestExpense": 47082000, "depreciationAndAmortization": 103003000, "ebitda": 256938000, "ebitdaratio": 0.0991255939, "operatingIncome": 153935000, "operatingIncomeRatio": 0.0593874721, "totalOtherIncomeExpensesNet": -35809000, "incomeBeforeTax": 118126000, "incomeBeforeTaxRatio": 0.0455725113, "incomeTaxExpense": -37751000, "netIncome": 169505000, "netIncomeRatio": 0.0653943122, "eps": 1.9, "epsdiluted": 1.89, "weightedAverageShsOut": 89242000, "weightedAverageShsOutDil": 89616000, "link": "https://www.sec.gov/Archives/edgar/data/356309/000035630919000133/0000356309-19-000133-index.htm", "finalLink": "https://www.sec.gov/Archives/edgar/data/356309/000035630919000133/njr10k2019.htm", "calculatedOtherExpenses": 102920000, "calculatedOperatingExpenses": 136857000, "calculatedNetInterest": -42010000, "calculatedOtherIncome": 6201000, "calculatedIncomeNonControlling": -13628000, "calculatedEbitda": 256938000}, {"date": "2018-09-30", "symbol": "NJR", "reportedCurrency": "USD", "cik": "0000356309", "fillingDate": "2018-11-20", "acceptedDate": "2018-11-20 16:47:09", "calendarYear": "2018", "period": "FY", "revenue": 2915109000, "costOfRevenue": 2542261000, "grossProfit": 372848000, "grossProfitRatio": 0.1279019069, "researchAndDevelopmentExpenses": 0, "generalAndAdministrativeExpenses": 38969000, "sellingAndMarketingExpenses": 0, "sellingGeneralAndAdministrativeExpenses": 38969000, "otherExpenses": 16853000, "operatingExpenses": 176772000, "costAndExpenses": 2719033000, "interestIncome": 0, "interestExpense": 46286000, "depreciationAndAmortization": 85701000, "ebitda": 298630000, "ebitdaratio": 0.1024421385, "operatingIncome": 196076000, "operatingIncomeRatio": 0.0672619789, "totalOtherIncomeExpensesNet": 16853000, "incomeBeforeTax": 166643000, "incomeBeforeTaxRatio": 0.0571652724, "incomeTaxExpense": -53785000, "netIncome": 233436000, "netIncomeRatio": 0.0800779662, "eps": 2.66, "epsdiluted": 2.64, "weightedAverageShsOut": 87689000, "weightedAverageShsOutDil": 88315000, "link": "https://www.sec.gov/Archives/edgar/data/356309/000035630918000139/0000356309-18-000139-index.htm", "finalLink": "https://www.sec.gov/Archives/edgar/data/356309/000035630918000139/njr10k2018.htm", "calculatedOtherExpenses": 137803000, "calculatedOperatingExpenses": 176772000, "calculatedNetInterest": -46286000, "calculatedOtherIncome": 16853000, "calculatedIncomeNonControlling": -13008000, "calculatedEbitda": 281777000}, {"date": "2017-09-30", "symbol": "NJR", "reportedCurrency": "USD", "cik": "0000356309", "fillingDate": "2017-11-21", "acceptedDate": "2017-11-21 16:07:58", "calendarYear": "2017", "period": "FY", "revenue": 2268617000, "costOfRevenue": 1930123000, "grossProfit": 338494000, "grossProfitRatio": 0.1492072042, "researchAndDevelopmentExpenses": 0, "generalAndAdministrativeExpenses": 40243000, "sellingAndMarketingExpenses": 0, "sellingGeneralAndAdministrativeExpenses": 40243000, "otherExpenses": 14437000, "operatingExpenses": 171450000, "costAndExpenses": 2101573000, "interestIncome": 0, "interestExpense": 44886000, "depreciationAndAmortization": 81841000, "ebitda": 263322000, "ebitdaratio": 0.1160715978, "operatingIncome": 167044000, "operatingIncomeRatio": 0.0736325259, "totalOtherIncomeExpensesNet": 14437000, "incomeBeforeTax": 136595000, "incomeBeforeTaxRatio": 0.0602106922, "incomeTaxExpense": 18343000, "netIncome": 132065000, "netIncomeRatio": 0.058213881, "eps": 1.53, "epsdiluted": 1.52, "weightedAverageShsOut": 86321000, "weightedAverageShsOutDil": 87144000, "link": "https://www.sec.gov/Archives/edgar/data/356309/000035630917000185/0000356309-17-000185-index.htm", "finalLink": "https://www.sec.gov/Archives/edgar/data/356309/000035630917000185/njr10k2017.htm", "calculatedOtherExpenses": 131207000, "calculatedOperatingExpenses": 171450000, "calculatedNetInterest": -44886000, "calculatedOtherIncome": 14437000, "calculatedIncomeNonControlling": -13813000, "calculatedEbitda": 248885000}, {"date": "2016-09-30", "symbol": "NJR", "reportedCurrency": "USD", "cik": "0000356309", "fillingDate": "2016-11-22", "acceptedDate": "2016-11-22 15:48:29", "calendarYear": "2016", "period": "FY", "revenue": 1880905000, "costOfRevenue": 1561107000, "grossProfit": 319798000, "grossProfitRatio": 0.1700234727, "researchAndDevelopmentExpenses": 0, "generalAndAdministrativeExpenses": 39300000, "sellingAndMarketingExpenses": 0, "sellingGeneralAndAdministrativeExpenses": 39300000, "otherExpenses": 9196000, "operatingExpenses": 152263000, "costAndExpenses": 1713370000, "interestIncome": 0, "interestExpense": 31044000, "depreciationAndAmortization": 72748000, "ebitda": 249479000, "ebitdaratio": 0.1326377462, "operatingIncome": 167535000, "operatingIncomeRatio": 0.0890714842, "totalOtherIncomeExpensesNet": 9196000, "incomeBeforeTax": 145687000, "incomeBeforeTaxRatio": 0.0774557992, "incomeTaxExpense": 23530000, "netIncome": 131672000, "netIncomeRatio": 0.0700045989, "eps": 1.53, "epsdiluted": 1.52, "weightedAverageShsOut": 85884000, "weightedAverageShsOutDil": 86731000, "link": "https://www.sec.gov/Archives/edgar/data/356309/000035630916000283/0000356309-16-000283-index.htm", "finalLink": "https://www.sec.gov/Archives/edgar/data/356309/000035630916000283/njr10ksep2016.htm", "calculatedOtherExpenses": 112963000, "calculatedOperatingExpenses": 152263000, "calculatedNetInterest": -31044000, "calculatedOtherIncome": 9196000, "calculatedIncomeNonControlling": -9515000, "calculatedEbitda": 240283000}, {"date": "2015-09-30", "symbol": "NJR", "reportedCurrency": "USD", "cik": "0000356309", "fillingDate": "2015-11-24", "acceptedDate": "2015-11-24 14:29:59", "calendarYear": "2015", "period": "FY", "revenue": 2733987000, "costOfRevenue": 2295098000, "grossProfit": 438889000, "grossProfitRatio": 0.160530756, "researchAndDevelopmentExpenses": 0, "generalAndAdministrativeExpenses": 75779000, "sellingAndMarketingExpenses": 0, "sellingGeneralAndAdministrativeExpenses": 75779000, "otherExpenses": 6545000, "operatingExpenses": 190438000, "costAndExpenses": 2485536000, "interestIncome": 0, "interestExpense": 27721000, "depreciationAndAmortization": 61399000, "ebitda": 316395000, "ebitdaratio": 0.1157265927, "operatingIncome": 248451000, "operatingIncomeRatio": 0.0908749749, "totalOtherIncomeExpensesNet": 6545000, "incomeBeforeTax": 227275000, "incomeBeforeTaxRatio": 0.0831295101, "incomeTaxExpense": 59724000, "netIncome": 180960000, "netIncomeRatio": 0.0661890492, "eps": 2.12, "epsdiluted": 2.1, "weightedAverageShsOut": 85186000, "weightedAverageShsOutDil": 86265000, "link": "https://www.sec.gov/Archives/edgar/data/356309/000035630915000097/0000356309-15-000097-index.htm", "finalLink": "https://www.sec.gov/Archives/edgar/data/356309/000035630915000097/njr10ksep2015.htm", "calculatedOtherExpenses": 114659000, "calculatedOperatingExpenses": 190438000, "calculatedNetInterest": -27721000, "calculatedOtherIncome": 6545000, "calculatedIncomeNonControlling": -13409000, "calculatedEbitda": 309850000}, {"date": "2014-09-30", "symbol": "NJR", "reportedCurrency": "USD", "cik": "0000356309", "fillingDate": "2014-11-25", "acceptedDate": "2014-11-25 13:58:45", "calendarYear": "2014", "period": "FY", "revenue": 3738145000, "costOfRevenue": 3354705000, "grossProfit": 383440000, "grossProfitRatio": 0.1025749402, "researchAndDevelopmentExpenses": 0, "generalAndAdministrativeExpenses": 72164000, "sellingAndMarketingExpenses": 0, "sellingGeneralAndAdministrativeExpenses": 72164000, "otherExpenses": 7551000, "operatingExpenses": 182250000, "costAndExpenses": 3536955000, "interestIncome": 0, "interestExpense": 25463000, "depreciationAndAmortization": 52742000, "ebitda": 261483000, "ebitdaratio": 0.0699499351, "operatingIncome": 201190000, "operatingIncomeRatio": 0.0538208122, "totalOtherIncomeExpensesNet": 7551000, "incomeBeforeTax": 183278000, "incomeBeforeTaxRatio": 0.0490291308, "incomeTaxExpense": 51840000, "netIncome": 141970000, "netIncomeRatio": 0.0379787301, "eps": 1.69, "epsdiluted": 1.67, "weightedAverageShsOut": 84198000, "weightedAverageShsOutDil": 84922000, "link": "https://www.sec.gov/Archives/edgar/data/356309/000035630914000113/0000356309-14-000113-index.htm", "finalLink": "https://www.sec.gov/Archives/edgar/data/356309/000035630914000113/njr10ksep2014.htm", "calculatedOtherExpenses": 110086000, "calculatedOperatingExpenses": 182250000, "calculatedNetInterest": -25463000, "calculatedOtherIncome": 7551000, "calculatedIncomeNonControlling": -10532000, "calculatedEbitda": 253932000}, {"date": "2013-09-30", "symbol": "NJR", "reportedCurrency": "USD", "cik": "0000356309", "fillingDate": "2013-11-26", "acceptedDate": "2013-11-25 18:19:21", "calendarYear": "2013", "period": "FY", "revenue": 3198068000, "costOfRevenue": 2885696000, "grossProfit": 312372000, "grossProfitRatio": 0.0976752214, "researchAndDevelopmentExpenses": 0, "generalAndAdministrativeExpenses": 48417000, "sellingAndMarketingExpenses": 0, "sellingGeneralAndAdministrativeExpenses": 48417000, "otherExpenses": 4783000, "operatingExpenses": 153141000, "costAndExpenses": 3038837000, "interestIncome": 0, "interestExpense": 23979000, "depreciationAndAmortization": 47310000, "ebitda": 211324000, "ebitdaratio": 0.066078645, "operatingIncome": 159231000, "operatingIncomeRatio": 0.0497897481, "totalOtherIncomeExpensesNet": 4783000, "incomeBeforeTax": 140035000, "incomeBeforeTaxRatio": 0.0437873741, "incomeTaxExpense": 35575000, "netIncome": 114809000, "netIncomeRatio": 0.0358994868, "eps": 1.38, "epsdiluted": 1.37, "weightedAverageShsOut": 83316000, "weightedAverageShsOutDil": 83628000, "link": "https://www.sec.gov/Archives/edgar/data/356309/000035630913000103/0000356309-13-000103-index.htm", "finalLink": "https://www.sec.gov/Archives/edgar/data/356309/000035630913000103/njr10ksep2013.htm", "calculatedOtherExpenses": 104724000, "calculatedOperatingExpenses": 153141000, "calculatedNetInterest": -23979000, "calculatedOtherIncome": 4783000, "calculatedIncomeNonControlling": -10349000, "calculatedEbitda": 206541000}, {"date": "2012-09-30", "symbol": "NJR", "reportedCurrency": "USD", "cik": "0000356309", "fillingDate": "2012-11-29", "acceptedDate": "2012-11-28 18:02:33", "calendarYear": "2012", "period": "FY", "revenue": 2248923000, "costOfRevenue": 2012453000, "grossProfit": 236470000, "grossProfitRatio": 0.1051481087, "researchAndDevelopmentExpenses": 0, "generalAndAdministrativeExpenses": 40350000, "sellingAndMarketingExpenses": 0, "sellingGeneralAndAdministrativeExpenses": 40350000, "otherExpenses": 2128000, "operatingExpenses": 127780000, "costAndExpenses": 2140233000, "interestIncome": 0, "interestExpense": 20844000, "depreciationAndAmortization": 41643000, "ebitda": 152461000, "ebitdaratio": 0.0677928946, "operatingIncome": 108690000, "operatingIncomeRatio": 0.0483298005, "totalOtherIncomeExpensesNet": 2128000, "incomeBeforeTax": 89974000, "incomeBeforeTaxRatio": 0.0400075947, "incomeTaxExpense": 7729000, "netIncome": 92879000, "netIncomeRatio": 0.0412993242, "eps": 1.12, "epsdiluted": 1.12, "weightedAverageShsOut": 83054000, "weightedAverageShsOutDil": 83264000, "link": "https://www.sec.gov/Archives/edgar/data/356309/000035630912000060/0000356309-12-000060-index.htm", "finalLink": "https://www.sec.gov/Archives/edgar/data/356309/000035630912000060/njr10ksep2012.htm", "calculatedOtherExpenses": 87430000, "calculatedOperatingExpenses": 127780000, "calculatedNetInterest": -20844000, "calculatedOtherIncome": 2128000, "calculatedIncomeNonControlling": -10634000, "calculatedEbitda": 150333000}, {"date": "2011-09-30", "symbol": "NJR", "reportedCurrency": "USD", "cik": "0000356309", "fillingDate": "2011-11-23", "acceptedDate": "2011-11-23 16:12:51", "calendarYear": "2011", "period": "FY", "revenue": 3009209000, "costOfRevenue": 2550571000, "grossProfit": 458638000, "grossProfitRatio": 0.1524114809, "researchAndDevelopmentExpenses": 0, "generalAndAdministrativeExpenses": 0, "sellingAndMarketingExpenses": 0, "sellingGeneralAndAdministrativeExpenses": 51246000, "otherExpenses": 264391000, "operatingExpenses": 315637000, "costAndExpenses": 2866208000, "interestIncome": 0, "interestExpense": 19623000, "depreciationAndAmortization": 35200000, "ebitda": 178201000, "ebitdaratio": 0.0592185521, "operatingIncome": 143001000, "operatingIncomeRatio": 0.047521126, "totalOtherIncomeExpensesNet": 3747000, "incomeBeforeTax": 127125000, "incomeBeforeTaxRatio": 0.0422453209, "incomeTaxExpense": 37665000, "netIncome": 101299000, "netIncomeRatio": 0.0336629991, "eps": 1.22, "epsdiluted": 1.22, "weightedAverageShsOut": 82718000, "weightedAverageShsOutDil": 83136000, "link": "https://www.sec.gov/Archives/edgar/data/356309/000035630911000033/0000356309-11-000033-index.htm", "finalLink": "https://www.sec.gov/Archives/edgar/data/356309/000035630911000033/njr10ksep2011.htm", "calculatedOtherExpenses": 264391000, "calculatedOperatingExpenses": 315637000, "calculatedNetInterest": -19623000, "calculatedOtherIncome": 3747000, "calculatedIncomeNonControlling": -11839000, "calculatedEbitda": 178201000}, {"date": "2010-09-30", "symbol": "NJR", "reportedCurrency": "USD", "cik": "0000356309", "fillingDate": "2010-11-24", "acceptedDate": "2010-11-24 15:42:29", "calendarYear": "2010", "period": "FY", "revenue": 2639304000, "costOfRevenue": 2167558000, "grossProfit": 471746000, "grossProfitRatio": 0.1787387887, "researchAndDevelopmentExpenses": 0, "generalAndAdministrativeExpenses": 0, "sellingAndMarketingExpenses": 0, "sellingGeneralAndAdministrativeExpenses": 45966000, "otherExpenses": 237655000, "operatingExpenses": 283621000, "costAndExpenses": 2451179000, "interestIncome": 0, "interestExpense": 21251000, "depreciationAndAmortization": 32267000, "ebitda": 215134000, "ebitdaratio": 0.0815116409, "operatingIncome": 188125000, "operatingIncomeRatio": 0.0712782612, "totalOtherIncomeExpensesNet": 5258000, "incomeBeforeTax": 172132000, "incomeBeforeTaxRatio": 0.0652187092, "incomeTaxExpense": 64692000, "netIncome": 117457000, "netIncomeRatio": 0.0445030205, "eps": 1.42, "epsdiluted": 1.41, "weightedAverageShsOut": 82728000, "weightedAverageShsOutDil": 83260000, "link": "https://www.sec.gov/Archives/edgar/data/356309/000035630910000025/0000356309-10-000025-index.htm", "finalLink": "https://www.sec.gov/Archives/edgar/data/356309/000035630910000025/njr201010k.htm", "calculatedOtherExpenses": 237655000, "calculatedOperatingExpenses": 283621000, "calculatedNetInterest": -21251000, "calculatedOtherIncome": 5258000, "calculatedIncomeNonControlling": -10017000, "calculatedEbitda": 220392000}, {"date": "2009-09-30", "symbol": "NJR", "reportedCurrency": "USD", "cik": "0000356309", "fillingDate": "2009-11-30", "acceptedDate": "2009-11-30 17:20:13", "calendarYear": "2009", "period": "FY", "revenue": 2592460000, "costOfRevenue": 2245169000, "grossProfit": 347291000, "grossProfitRatio": 0.1339619512, "researchAndDevelopmentExpenses": 0, "generalAndAdministrativeExpenses": 0, "sellingAndMarketingExpenses": 0, "sellingGeneralAndAdministrativeExpenses": 44992000, "otherExpenses": 254229000, "operatingExpenses": 299221000, "costAndExpenses": 2544390000, "interestIncome": 0, "interestExpense": 21014000, "depreciationAndAmortization": 31142000, "ebitda": 79212000, "ebitdaratio": 0.0305547627, "operatingIncome": 48070000, "operatingIncomeRatio": 0.018542234, "totalOtherIncomeExpensesNet": 4409000, "incomeBeforeTax": 31465000, "incomeBeforeTaxRatio": 0.0121371207, "incomeTaxExpense": 8488000, "netIncome": 27242000, "netIncomeRatio": 0.010508166, "eps": 0.32, "epsdiluted": 0.32, "weightedAverageShsOut": 84238000, "weightedAverageShsOutDil": 84930000, "link": "https://www.sec.gov/Archives/edgar/data/356309/000114036109027697/0001140361-09-027697-index.htm", "finalLink": "https://www.sec.gov/Archives/edgar/data/356309/000114036109027697/form10-k.htm", "calculatedOtherExpenses": 254229000, "calculatedOperatingExpenses": 299221000, "calculatedNetInterest": -21014000, "calculatedOtherIncome": 4409000, "calculatedIncomeNonControlling": -4265000, "calculatedEbitda": 79212000}, {"date": "2008-09-30", "symbol": "NJR", "reportedCurrency": "USD", "cik": "0000356309", "fillingDate": "2008-11-24", "acceptedDate": "2008-11-21 20:52:42", "calendarYear": "2008", "period": "FY", "revenue": 3816210000, "costOfRevenue": 3322644000, "grossProfit": 493566000, "grossProfitRatio": 0.1293340775, "researchAndDevelopmentExpenses": 0, "generalAndAdministrativeExpenses": 0, "sellingAndMarketingExpenses": 0, "sellingGeneralAndAdministrativeExpenses": 0, "otherExpenses": 292116000, "operatingExpenses": 292116000, "costAndExpenses": 3614760000, "interestIncome": 0, "interestExpense": 0, "depreciationAndAmortization": 39367000, "ebitda": 234461000, "ebitdaratio": 0.0614381808, "operatingIncome": 201450000, "operatingIncomeRatio": 0.0527879755, "totalOtherIncomeExpensesNet": 6356000, "incomeBeforeTax": 181995000, "incomeBeforeTaxRatio": 0.0476899856, "incomeTaxExpense": 68085000, "netIncome": 113910000, "netIncomeRatio": 0.0298489863, "eps": 1.36, "epsdiluted": 1.35, "weightedAverageShsOut": 83756000, "weightedAverageShsOutDil": 84352000, "link": "https://www.sec.gov/Archives/edgar/data/356309/000035630908000064/0000356309-08-000064-index.htm", "finalLink": "https://www.sec.gov/Archives/edgar/data/356309/000035630908000064/form10k_2008.htm", "calculatedOtherExpenses": 292116000, "calculatedOperatingExpenses": 292116000, "calculatedNetInterest": 0, "calculatedOtherIncome": -19455000, "calculatedIncomeNonControlling": 0, "calculatedEbitda": 240817000}, {"date": "2007-09-30", "symbol": "NJR", "reportedCurrency": "USD", "cik": "0000356309", "fillingDate": "2007-12-10", "acceptedDate": "2007-12-10 15:41:52", "calendarYear": "2007", "period": "FY", "revenue": 3021765000, "costOfRevenue": 2621575000, "grossProfit": 400190000, "grossProfitRatio": 0.1324358446, "researchAndDevelopmentExpenses": 0, "generalAndAdministrativeExpenses": 0, "sellingAndMarketingExpenses": 0, "sellingGeneralAndAdministrativeExpenses": 0, "otherExpenses": 272940000, "operatingExpenses": 272940000, "costAndExpenses": 2894515000, "interestIncome": 0, "interestExpense": 27613000, "depreciationAndAmortization": 36536000, "ebitda": 157830000, "ebitdaratio": 0.0522310636, "operatingIncome": 127250000, "operatingIncomeRatio": 0.0421111503, "totalOtherIncomeExpensesNet": 5956000, "incomeBeforeTax": 105593000, "incomeBeforeTaxRatio": 0.0349441469, "incomeTaxExpense": 40312000, "netIncome": 65281000, "netIncomeRatio": 0.0216035992, "eps": 0.78, "epsdiluted": 0.78, "weightedAverageShsOut": 83709000, "weightedAverageShsOutDil": 84225000, "link": "https://www.sec.gov/Archives/edgar/data/356309/000035630907000114/0000356309-07-000114-index.htm", "finalLink": "https://www.sec.gov/Archives/edgar/data/356309/000035630907000114/form_10-k.htm", "calculatedOtherExpenses": 272940000, "calculatedOperatingExpenses": 272940000, "calculatedNetInterest": -27613000, "calculatedOtherIncome": 5956000, "calculatedIncomeNonControlling": 0, "calculatedEbitda": 163786000}, {"date": "2006-09-30", "symbol": "NJR", "reportedCurrency": "USD", "cik": "0000356309", "fillingDate": "2006-11-22", "acceptedDate": "2006-11-22 17:10:37", "calendarYear": "2006", "period": "FY", "revenue": 3299608000, "costOfRevenue": 2909789000, "grossProfit": 389819000, "grossProfitRatio": 0.1181410034, "researchAndDevelopmentExpenses": 0, "generalAndAdministrativeExpenses": 0, "sellingAndMarketingExpenses": 0, "sellingGeneralAndAdministrativeExpenses": 0, "otherExpenses": 243356000, "operatingExpenses": 243356000, "costAndExpenses": 3153145000, "interestIncome": 0, "interestExpense": 0, "depreciationAndAmortization": 35054000, "ebitda": 173770000, "ebitdaratio": 0.0526638316, "operatingIncome": 146463000, "operatingIncomeRatio": 0.044388, "totalOtherIncomeExpensesNet": 7747000, "incomeBeforeTax": 128541000, "incomeBeforeTaxRatio": 0.0389564457, "incomeTaxExpense": 50022000, "netIncome": 78519000, "netIncomeRatio": 0.0237964631, "eps": 0.94, "epsdiluted": 0.93, "weightedAverageShsOut": 83586000, "weightedAverageShsOutDil": 84243000, "link": "https://www.sec.gov/Archives/edgar/data/356309/000110465906077505/0001104659-06-077505-index.htm", "finalLink": "https://www.sec.gov/Archives/edgar/data/356309/000110465906077505/a06-23841_110k.htm", "calculatedOtherExpenses": 243356000, "calculatedOperatingExpenses": 243356000, "calculatedNetInterest": 0, "calculatedOtherIncome": -17922000, "calculatedIncomeNonControlling": 0, "calculatedEbitda": 181517000}, {"date": "2005-09-30", "symbol": "NJR", "reportedCurrency": "USD", "cik": "0000356309", "fillingDate": "2005-11-29", "acceptedDate": "2005-11-29 17:23:06", "calendarYear": "2005", "period": "FY", "revenue": 3148262000, "costOfRevenue": 2780343000, "grossProfit": 367919000, "grossProfitRatio": 0.1168641619, "researchAndDevelopmentExpenses": 0, "generalAndAdministrativeExpenses": 0, "sellingAndMarketingExpenses": 0, "sellingGeneralAndAdministrativeExpenses": 0, "otherExpenses": 229551000, "operatingExpenses": 229551000, "costAndExpenses": 3009894000, "interestIncome": 0, "interestExpense": 0, "depreciationAndAmortization": 35227000, "ebitda": 166236000, "ebitdaratio": 0.0528024669, "operatingIncome": 138368000, "operatingIncomeRatio": 0.0439505988, "totalOtherIncomeExpensesNet": 7359000, "incomeBeforeTax": 125253000, "incomeBeforeTaxRatio": 0.0397848083, "incomeTaxExpense": 48913000, "netIncome": 76340000, "netIncomeRatio": 0.0242482995, "eps": 0.93, "epsdiluted": 0.91, "weightedAverageShsOut": 82377778, "weightedAverageShsOutDil": 84250000, "link": "https://www.sec.gov/Archives/edgar/data/356309/000110465905058182/0001104659-05-058182-index.htm", "finalLink": "https://www.sec.gov/Archives/edgar/data/356309/000110465905058182/a05-20441_110k.htm", "calculatedOtherExpenses": 229551000, "calculatedOperatingExpenses": 229551000, "calculatedNetInterest": 0, "calculatedOtherIncome": -13115000, "calculatedIncomeNonControlling": 0, "calculatedEbitda": 173595000}, {"date": "2004-09-30", "symbol": "NJR", "reportedCurrency": "USD", "cik": "0000356309", "fillingDate": "2004-12-01", "acceptedDate": "2004-12-01 09:47:51", "calendarYear": "2004", "period": "FY", "revenue": 2533607000, "costOfRevenue": 2213374000, "grossProfit": 320233000, "grossProfitRatio": 0.1263941093, "researchAndDevelopmentExpenses": 0, "generalAndAdministrativeExpenses": 0, "sellingAndMarketingExpenses": 0, "sellingGeneralAndAdministrativeExpenses": 0, "otherExpenses": 193015000, "operatingExpenses": 193015000, "costAndExpenses": 2406389000, "interestIncome": 0, "interestExpense": 0, "depreciationAndAmortization": 34250000, "ebitda": 155772000, "ebitdaratio": 0.0614823057, "operatingIncome": 127218000, "operatingIncomeRatio": 0.0502122073, "totalOtherIncomeExpensesNet": 5696000, "incomeBeforeTax": 117519000, "incomeBeforeTaxRatio": 0.0463840682, "incomeTaxExpense": 45945000, "netIncome": 71574000, "netIncomeRatio": 0.028249843, "eps": 0.79, "epsdiluted": 0.78, "weightedAverageShsOut": 90600000, "weightedAverageShsOutDil": 92353548, "link": "https://www.sec.gov/Archives/edgar/data/356309/000110465904037977/0001104659-04-037977-index.htm", "finalLink": "https://www.sec.gov/Archives/edgar/data/356309/000110465904037977/a04-13799_110k.htm", "calculatedOtherExpenses": 193015000, "calculatedOperatingExpenses": 193015000, "calculatedNetInterest": 0, "calculatedOtherIncome": -9699000, "calculatedIncomeNonControlling": 0, "calculatedEbitda": 161468000}, {"date": "2003-09-30", "symbol": "NJR", "reportedCurrency": "USD", "cik": "0000356309", "fillingDate": "2003-12-16", "acceptedDate": "2003-12-16 11:23:07", "calendarYear": "2003", "period": "FY", "revenue": 2544379000, "costOfRevenue": 2238394000, "grossProfit": 305985000, "grossProfitRatio": 0.1202592067, "researchAndDevelopmentExpenses": 0, "generalAndAdministrativeExpenses": 0, "sellingAndMarketingExpenses": 0, "sellingGeneralAndAdministrativeExpenses": 0, "otherExpenses": 184634000, "operatingExpenses": 184634000, "costAndExpenses": 2423028000, "interestIncome": 0, "interestExpense": 0, "depreciationAndAmortization": 36375000, "ebitda": 157211000, "ebitdaratio": 0.0617875717, "operatingIncome": 121351000, "operatingIncomeRatio": 0.0476937595, "totalOtherIncomeExpensesNet": 515000, "incomeBeforeTax": 107874000, "incomeBeforeTaxRatio": 0.0423969857, "incomeTaxExpense": 42462000, "netIncome": 65412000, "netIncomeRatio": 0.0257084342, "eps": 1.02, "epsdiluted": 1, "weightedAverageShsOut": 64339672, "weightedAverageShsOutDil": 65194684, "link": "https://www.sec.gov/Archives/edgar/data/356309/000095012303013828/0000950123-03-013828-index.htm", "finalLink": "https://www.sec.gov/Archives/edgar/data/356309/000095012303013828/y92489e10vk.htm", "calculatedOtherExpenses": 184634000, "calculatedOperatingExpenses": 184634000, "calculatedNetInterest": 0, "calculatedOtherIncome": -13477000, "calculatedIncomeNonControlling": 0, "calculatedEbitda": 157726000}, {"date": "2002-09-30", "symbol": "NJR", "reportedCurrency": "USD", "cik": "0000356309", "fillingDate": "2002-12-20", "acceptedDate": "2002-12-20 15:21:05", "calendarYear": "2002", "period": "FY", "revenue": 1830754000, "costOfRevenue": 1565717000, "grossProfit": 265037000, "grossProfitRatio": 0.1447693136, "researchAndDevelopmentExpenses": 0, "generalAndAdministrativeExpenses": 0, "sellingAndMarketingExpenses": 0, "sellingGeneralAndAdministrativeExpenses": 0, "otherExpenses": 160658000, "operatingExpenses": 160658000, "costAndExpenses": 1726375000, "interestIncome": 0, "interestExpense": 0, "depreciationAndAmortization": 35737000, "ebitda": 135171000, "ebitdaratio": 0.0738335134, "operatingIncome": 104379000, "operatingIncomeRatio": 0.0570142138, "totalOtherIncomeExpensesNet": 4945000, "incomeBeforeTax": 92768000, "incomeBeforeTaxRatio": 0.0506720182, "incomeTaxExpense": 35924000, "netIncome": 56844000, "netIncomeRatio": 0.031049502, "eps": 0.71, "epsdiluted": 0.7, "weightedAverageShsOut": 80580000, "weightedAverageShsOutDil": 81504000, "link": "https://www.sec.gov/Archives/edgar/data/356309/000095012302012107/0000950123-02-012107-index.htm", "finalLink": "https://www.sec.gov/Archives/edgar/data/356309/000095012302012107/y66677e10vk.txt", "calculatedOtherExpenses": 160658000, "calculatedOperatingExpenses": 160658000, "calculatedNetInterest": 0, "calculatedOtherIncome": -11611000, "calculatedIncomeNonControlling": 0, "calculatedEbitda": 140116000}, {"date": "2001-09-30", "symbol": "NJR", "reportedCurrency": "USD", "cik": "0000356309", "fillingDate": "2001-12-26", "acceptedDate": "2001-12-26 00:00:00", "calendarYear": "2001", "period": "FY", "revenue": 2048408000, "costOfRevenue": 1782840000, "grossProfit": 265568000, "grossProfitRatio": 0.1296460471, "researchAndDevelopmentExpenses": 0, "generalAndAdministrativeExpenses": 0, "sellingAndMarketingExpenses": 0, "sellingGeneralAndAdministrativeExpenses": 0, "otherExpenses": 165755000, "operatingExpenses": 165755000, "costAndExpenses": 1948595000, "interestIncome": 0, "interestExpense": 0, "depreciationAndAmortization": 36688000, "ebitda": 130055000, "ebitdaratio": 0.0634907694, "operatingIncome": 99813000, "operatingIncomeRatio": 0.0487271091, "totalOtherIncomeExpensesNet": 6446000, "incomeBeforeTax": 86554000, "incomeBeforeTaxRatio": 0.0422542775, "incomeTaxExpense": 32891000, "netIncome": 52316000, "netIncomeRatio": 0.0255398339, "eps": 0.66, "epsdiluted": 0.65, "weightedAverageShsOut": 79794000, "weightedAverageShsOutDil": 80401500, "link": "https://www.sec.gov/Archives/edgar/data/356309/000095012301509552/0000950123-01-509552-index.htm", "finalLink": "https://www.sec.gov/Archives/edgar/data/356309/000095012301509552/y55975e10-k405.txt", "calculatedOtherExpenses": 165755000, "calculatedOperatingExpenses": 165755000, "calculatedNetInterest": 0, "calculatedOtherIncome": -13259000, "calculatedIncomeNonControlling": 1347000, "calculatedEbitda": 136501000}, {"date": "2000-09-30", "symbol": "NJR", "reportedCurrency": "USD", "cik": "0000356309", "fillingDate": "2000-12-22", "acceptedDate": "2000-12-22 00:00:00", "calendarYear": "2000", "period": "FY", "revenue": 1164549000, "costOfRevenue": 919903000, "grossProfit": 244646000, "grossProfitRatio": 0.2100778928, "researchAndDevelopmentExpenses": 0, "generalAndAdministrativeExpenses": 0, "sellingAndMarketingExpenses": 0, "sellingGeneralAndAdministrativeExpenses": 0, "otherExpenses": 150734000, "operatingExpenses": 150734000, "costAndExpenses": 1070637000, "interestIncome": 0, "interestExpense": 0, "depreciationAndAmortization": 36660000, "ebitda": 128624000, "ebitdaratio": 0.1104496247, "operatingIncome": 93912000, "operatingIncomeRatio": 0.0806423774, "totalOtherIncomeExpensesNet": 1948000, "incomeBeforeTax": 77110000, "incomeBeforeTaxRatio": 0.0662144744, "incomeTaxExpense": 29147000, "netIncome": 48791000, "netIncomeRatio": 0.041896906, "eps": 0.61, "epsdiluted": 0.61, "weightedAverageShsOut": 79641000, "weightedAverageShsOutDil": 80199000, "link": "https://www.sec.gov/Archives/edgar/data/356309/000095012300011747/0000950123-00-011747-index.htm", "finalLink": "https://www.sec.gov/Archives/edgar/data/356309/000095012300011747/y43622e10-k405.txt", "calculatedOtherExpenses": 150734000, "calculatedOperatingExpenses": 150734000, "calculatedNetInterest": 0, "calculatedOtherIncome": -16802000, "calculatedIncomeNonControlling": -828000, "calculatedEbitda": 130572000}, {"date": "1999-09-30", "symbol": "NJR", "reportedCurrency": "USD", "cik": "0000356309", "fillingDate": "1999-12-28", "acceptedDate": "1999-12-28 00:00:00", "calendarYear": "1999", "period": "FY", "revenue": 904268000, "costOfRevenue": 669835000, "grossProfit": 234433000, "grossProfitRatio": 0.259251682, "researchAndDevelopmentExpenses": 0, "generalAndAdministrativeExpenses": 0, "sellingAndMarketingExpenses": 0, "sellingGeneralAndAdministrativeExpenses": 0, "otherExpenses": 146916000, "operatingExpenses": 146916000, "costAndExpenses": 816751000, "interestIncome": 0, "interestExpense": 0, "depreciationAndAmortization": 32147000, "ebitda": 117257000, "ebitdaratio": 0.1296706286, "operatingIncome": 87517000, "operatingIncomeRatio": 0.0967821487, "totalOtherIncomeExpensesNet": 2407000, "incomeBeforeTax": 70367000, "incomeBeforeTaxRatio": 0.0778165323, "incomeTaxExpense": 25445000, "netIncome": 44922000, "netIncomeRatio": 0.0496777504, "eps": 0.56, "epsdiluted": 0.56, "weightedAverageShsOut": 80334000, "weightedAverageShsOutDil": 80928000, "link": "https://www.sec.gov/Archives/edgar/data/356309/000095012399011190/0000950123-99-011190-index.html", "finalLink": "https://www.sec.gov/Archives/edgar/data/356309/000095012399011190/", "calculatedOtherExpenses": 146916000, "calculatedOperatingExpenses": 146916000, "calculatedNetInterest": 0, "calculatedOtherIncome": -17150000, "calculatedIncomeNonControlling": 0, "calculatedEbitda": 119664000}, {"date": "1998-09-30", "symbol": "NJR", "reportedCurrency": "USD", "cik": "0000356309", "fillingDate": "1998-12-24", "acceptedDate": "1998-12-24 00:00:00", "calendarYear": "1998", "period": "FY", "revenue": 710300000, "costOfRevenue": 483700000, "grossProfit": 226600000, "grossProfitRatio": 0.3190201323, "researchAndDevelopmentExpenses": 0, "generalAndAdministrativeExpenses": 0, "sellingAndMarketingExpenses": 0, "sellingGeneralAndAdministrativeExpenses": 0, "otherExpenses": 142700000, "operatingExpenses": 142700000, "costAndExpenses": 626400000, "interestIncome": 0, "interestExpense": 0, "depreciationAndAmortization": 28200000, "ebitda": 112100000, "ebitdaratio": 0.1578206392, "operatingIncome": 83900000, "operatingIncomeRatio": 0.1181191046, "totalOtherIncomeExpensesNet": 2400000, "incomeBeforeTax": 66700000, "incomeBeforeTaxRatio": 0.0939039842, "incomeTaxExpense": 23400000, "netIncome": 43300000, "netIncomeRatio": 0.0609601577, "eps": 0.54, "epsdiluted": 0.54, "weightedAverageShsOut": 80091000, "weightedAverageShsOutDil": 80523000, "link": "https://www.sec.gov/Archives/edgar/data/356309/000095012398010899/0000950123-98-010899-index.html", "finalLink": "https://www.sec.gov/Archives/edgar/data/356309/", "calculatedOtherExpenses": 142700000, "calculatedOperatingExpenses": 142700000, "calculatedNetInterest": 0, "calculatedOtherIncome": -17200000, "calculatedIncomeNonControlling": 0, "calculatedEbitda": 112100000}, {"date": "1997-09-30", "symbol": "NJR", "reportedCurrency": "USD", "cik": "0000356309", "fillingDate": "1997-12-29", "acceptedDate": "1997-12-29 00:00:00", "calendarYear": "1997", "period": "FY", "revenue": 696500000, "costOfRevenue": 465600000, "grossProfit": 230900000, "grossProfitRatio": 0.3315147164, "researchAndDevelopmentExpenses": 0, "generalAndAdministrativeExpenses": 0, "sellingAndMarketingExpenses": 0, "sellingGeneralAndAdministrativeExpenses": 0, "otherExpenses": 148800000, "operatingExpenses": 148800000, "costAndExpenses": 614400000, "interestIncome": 0, "interestExpense": 0, "depreciationAndAmortization": 26300000, "ebitda": 108400000, "ebitdaratio": 0.1556353195, "operatingIncome": 82100000, "operatingIncomeRatio": 0.1178750897, "totalOtherIncomeExpensesNet": 600000, "incomeBeforeTax": 62300000, "incomeBeforeTaxRatio": 0.0894472362, "incomeTaxExpense": 20800000, "netIncome": 41500000, "netIncomeRatio": 0.0595836324, "eps": 0.51, "epsdiluted": 0.51, "weightedAverageShsOut": 80923556, "weightedAverageShsOutDil": 81152828, "link": "https://www.sec.gov/Archives/edgar/data/356309/000095012397010658/0000950123-97-010658-index.html", "finalLink": "https://www.sec.gov/Archives/edgar/data/356309/", "calculatedOtherExpenses": 148800000, "calculatedOperatingExpenses": 148800000, "calculatedNetInterest": 0, "calculatedOtherIncome": -19800000, "calculatedIncomeNonControlling": 0, "calculatedEbitda": 108400000}, {"date": "1996-09-30", "symbol": "NJR", "reportedCurrency": "USD", "cik": "0000356309", "fillingDate": "1996-12-30", "acceptedDate": "1996-12-30 00:00:00", "calendarYear": "1996", "period": "FY", "revenue": 548500000, "costOfRevenue": 328000000, "grossProfit": 220500000, "grossProfitRatio": 0.4020054695, "researchAndDevelopmentExpenses": 0, "generalAndAdministrativeExpenses": 0, "sellingAndMarketingExpenses": 0, "sellingGeneralAndAdministrativeExpenses": 0, "otherExpenses": 142200000, "operatingExpenses": 142200000, "costAndExpenses": 470200000, "interestIncome": 0, "interestExpense": 0, "depreciationAndAmortization": 26500000, "ebitda": 104800000, "ebitdaratio": 0.1910665451, "operatingIncome": 78300000, "operatingIncomeRatio": 0.1427529626, "totalOtherIncomeExpensesNet": 100000, "incomeBeforeTax": 57400000, "incomeBeforeTaxRatio": 0.1046490428, "incomeTaxExpense": 18700000, "netIncome": 38700000, "netIncomeRatio": 0.070556062, "eps": 0.48, "epsdiluted": 0.48, "weightedAverageShsOut": 80962736, "weightedAverageShsOutDil": 81357687, "link": "https://www.sec.gov/Archives/edgar/data/356309/000095012396007614/0000950123-96-007614-index.html", "finalLink": "https://www.sec.gov/Archives/edgar/data/356309/", "calculatedOtherExpenses": 142200000, "calculatedOperatingExpenses": 142200000, "calculatedNetInterest": 0, "calculatedOtherIncome": -20900000, "calculatedIncomeNonControlling": 0, "calculatedEbitda": 104800000}, {"date": "1995-09-30", "symbol": "NJR", "reportedCurrency": "USD", "cik": "0000356309", "fillingDate": "1995-12-29", "acceptedDate": "1995-12-29 00:00:00", "calendarYear": "1995", "period": "FY", "revenue": 454600000, "costOfRevenue": 251100000, "grossProfit": 203500000, "grossProfitRatio": 0.4476462824, "researchAndDevelopmentExpenses": 0, "generalAndAdministrativeExpenses": 0, "sellingAndMarketingExpenses": 0, "sellingGeneralAndAdministrativeExpenses": 0, "otherExpenses": 128200000, "operatingExpenses": 128200000, "costAndExpenses": 379300000, "interestIncome": 0, "interestExpense": 0, "depreciationAndAmortization": 28900000, "ebitda": 104200000, "ebitdaratio": 0.2292124945, "operatingIncome": 75300000, "operatingIncomeRatio": 0.1656401232, "totalOtherIncomeExpensesNet": 400000, "incomeBeforeTax": 51500000, "incomeBeforeTaxRatio": 0.1132864056, "incomeTaxExpense": 16000000, "netIncome": 26400000, "netIncomeRatio": 0.0580730312, "eps": 0.33, "epsdiluted": 0.33, "weightedAverageShsOut": 79069782, "weightedAverageShsOutDil": 79069782, "link": "https://www.sec.gov/Archives/edgar/data/356309/000095011095000883/0000950110-95-000883-index.html", "finalLink": "https://www.sec.gov/Archives/edgar/data/356309/", "calculatedOtherExpenses": 128200000, "calculatedOperatingExpenses": 128200000, "calculatedNetInterest": 0, "calculatedOtherIncome": -23800000, "calculatedIncomeNonControlling": 9100000, "calculatedEbitda": 104200000}, {"date": "1994-09-30", "symbol": "NJR", "reportedCurrency": "USD", "cik": "0000356309", "fillingDate": "1994-12-29", "acceptedDate": "1994-12-29 00:00:00", "calendarYear": "1994", "period": "FY", "revenue": 498700000, "costOfRevenue": 0, "grossProfit": 498700000, "grossProfitRatio": 1, "researchAndDevelopmentExpenses": 0, "generalAndAdministrativeExpenses": 0, "sellingAndMarketingExpenses": 0, "sellingGeneralAndAdministrativeExpenses": 0, "otherExpenses": 0, "operatingExpenses": 0, "costAndExpenses": 0, "interestIncome": 0, "interestExpense": 0, "depreciationAndAmortization": 0, "ebitda": 498700000, "ebitdaratio": 1, "operatingIncome": 498700000, "operatingIncomeRatio": 1, "totalOtherIncomeExpensesNet": 0, "incomeBeforeTax": 0, "incomeBeforeTaxRatio": 0, "incomeTaxExpense": -34600000, "netIncome": 34600000, "netIncomeRatio": 0.069380389, "eps": 0.45, "epsdiluted": 0.45, "weightedAverageShsOut": 76932000, "weightedAverageShsOutDil": 76932000, "link": "https://www.sec.gov/Archives/edgar/data/356309/000095011094000358/0000950110-94-000358-index.html", "finalLink": "https://www.sec.gov/Archives/edgar/data/356309/", "calculatedOtherExpenses": 0, "calculatedOperatingExpenses": 0, "calculatedNetInterest": 0, "calculatedOtherIncome": -498700000, "calculatedIncomeNonControlling": 0, "calculatedEbitda": 498700000}, {"date": "1993-09-30", "symbol": "NJR", "reportedCurrency": "USD", "cik": "0000356309", "fillingDate": "1994-04-28", "acceptedDate": "1994-04-28 00:00:00", "calendarYear": "1993", "period": "FY", "revenue": 454700000, "costOfRevenue": 0, "grossProfit": 454700000, "grossProfitRatio": 1, "researchAndDevelopmentExpenses": 0, "generalAndAdministrativeExpenses": 0, "sellingAndMarketingExpenses": 0, "sellingGeneralAndAdministrativeExpenses": 0, "otherExpenses": 0, "operatingExpenses": 0, "costAndExpenses": 0, "interestIncome": 0, "interestExpense": 0, "depreciationAndAmortization": 0, "ebitda": 454700000, "ebitdaratio": 1, "operatingIncome": 454700000, "operatingIncomeRatio": 1, "totalOtherIncomeExpensesNet": 0, "incomeBeforeTax": 0, "incomeBeforeTaxRatio": 0, "incomeTaxExpense": -30500000, "netIncome": 30500000, "netIncomeRatio": 0.0670771938, "eps": 0.39, "epsdiluted": 0.39, "weightedAverageShsOut": 78123073, "weightedAverageShsOutDil": 78602367, "link": "https://www.sec.gov/Archives/edgar/data/356309/000095011294001116/0000950112-94-001116-index.html", "finalLink": "https://www.sec.gov/Archives/edgar/data/356309/", "calculatedOtherExpenses": 0, "calculatedOperatingExpenses": 0, "calculatedNetInterest": 0, "calculatedOtherIncome": -454700000, "calculatedIncomeNonControlling": 0, "calculatedEbitda": 454700000}, {"date": "1992-09-30", "symbol": "NJR", "reportedCurrency": "USD", "cik": "0000356309", "fillingDate": "1992-09-30", "acceptedDate": "1992-09-29 20:00:00", "calendarYear": "1992", "period": "FY", "revenue": 412300000, "costOfRevenue": 0, "grossProfit": 412300000, "grossProfitRatio": 1, "researchAndDevelopmentExpenses": 0, "generalAndAdministrativeExpenses": 0, "sellingAndMarketingExpenses": 0, "sellingGeneralAndAdministrativeExpenses": 0, "otherExpenses": 0, "operatingExpenses": 0, "costAndExpenses": 0, "interestIncome": 0, "interestExpense": 0, "depreciationAndAmortization": 0, "ebitda": 412300000, "ebitdaratio": 1, "operatingIncome": 412300000, "operatingIncomeRatio": 1, "totalOtherIncomeExpensesNet": 0, "incomeBeforeTax": 0, "incomeBeforeTaxRatio": 0, "incomeTaxExpense": -25900000, "netIncome": 25900000, "netIncomeRatio": 0.0628183362, "eps": 0.4, "epsdiluted": 0.4, "weightedAverageShsOut": 64143154, "weightedAverageShsOutDil": 64143154, "link": "", "finalLink": "", "calculatedOtherExpenses": 0, "calculatedOperatingExpenses": 0, "calculatedNetInterest": 0, "calculatedOtherIncome": -412300000, "calculatedIncomeNonControlling": 0, "calculatedEbitda": 412300000}, {"date": "1991-09-30", "symbol": "NJR", "reportedCurrency": "USD", "cik": "0000356309", "fillingDate": "1991-09-30", "acceptedDate": "1991-09-29 20:00:00", "calendarYear": "1991", "period": "FY", "revenue": 334900000, "costOfRevenue": 0, "grossProfit": 334900000, "grossProfitRatio": 1, "researchAndDevelopmentExpenses": 0, "generalAndAdministrativeExpenses": 0, "sellingAndMarketingExpenses": 0, "sellingGeneralAndAdministrativeExpenses": 0, "otherExpenses": 0, "operatingExpenses": 0, "costAndExpenses": 0, "interestIncome": 0, "interestExpense": 0, "depreciationAndAmortization": 0, "ebitda": 334900000, "ebitdaratio": 1, "operatingIncome": 334900000, "operatingIncomeRatio": 1, "totalOtherIncomeExpensesNet": 0, "incomeBeforeTax": 0, "incomeBeforeTaxRatio": 0, "incomeTaxExpense": -12400000, "netIncome": 12400000, "netIncomeRatio": 0.0370259779, "eps": 0.2, "epsdiluted": 0.2, "weightedAverageShsOut": 61745446, "weightedAverageShsOutDil": 61745446, "link": "", "finalLink": "", "calculatedOtherExpenses": 0, "calculatedOperatingExpenses": 0, "calculatedNetInterest": 0, "calculatedOtherIncome": -334900000, "calculatedIncomeNonControlling": 0, "calculatedEbitda": 334900000}, {"date": "1990-09-30", "symbol": "NJR", "reportedCurrency": "USD", "cik": "0000356309", "fillingDate": "1990-09-30", "acceptedDate": "1990-09-29 20:00:00", "calendarYear": "1990", "period": "FY", "revenue": 324800000, "costOfRevenue": 0, "grossProfit": 324800000, "grossProfitRatio": 1, "researchAndDevelopmentExpenses": 0, "generalAndAdministrativeExpenses": 0, "sellingAndMarketingExpenses": 0, "sellingGeneralAndAdministrativeExpenses": 0, "otherExpenses": 0, "operatingExpenses": 0, "costAndExpenses": 0, "interestIncome": 0, "interestExpense": 0, "depreciationAndAmortization": 0, "ebitda": 324800000, "ebitdaratio": 1, "operatingIncome": 324800000, "operatingIncomeRatio": 1, "totalOtherIncomeExpensesNet": 0, "incomeBeforeTax": 0, "incomeBeforeTaxRatio": 0, "incomeTaxExpense": -13900000, "netIncome": 13900000, "netIncomeRatio": 0.0427955665, "eps": 0.23, "epsdiluted": 0.23, "weightedAverageShsOut": 60249060, "weightedAverageShsOutDil": 60249060, "link": "", "finalLink": "", "calculatedOtherExpenses": 0, "calculatedOperatingExpenses": 0, "calculatedNetInterest": 0, "calculatedOtherIncome": -324800000, "calculatedIncomeNonControlling": 0, "calculatedEbitda": 324800000}, {"date": "1989-09-30", "symbol": "NJR", "reportedCurrency": "USD", "cik": "0000356309", "fillingDate": "1989-09-30", "acceptedDate": "1989-09-29 20:00:00", "calendarYear": "1989", "period": "FY", "revenue": 329900000, "costOfRevenue": 0, "grossProfit": 329900000, "grossProfitRatio": 1, "researchAndDevelopmentExpenses": 0, "generalAndAdministrativeExpenses": 0, "sellingAndMarketingExpenses": 0, "sellingGeneralAndAdministrativeExpenses": 0, "otherExpenses": 0, "operatingExpenses": 0, "costAndExpenses": 0, "interestIncome": 0, "interestExpense": 0, "depreciationAndAmortization": 0, "ebitda": 329900000, "ebitdaratio": 1, "operatingIncome": 329900000, "operatingIncomeRatio": 1, "totalOtherIncomeExpensesNet": 0, "incomeBeforeTax": 0, "incomeBeforeTaxRatio": 0, "incomeTaxExpense": -17400000, "netIncome": 17400000, "netIncomeRatio": 0.0527432555, "eps": 0.34, "epsdiluted": 0.34, "weightedAverageShsOut": 50845697, "weightedAverageShsOutDil": 50845697, "link": "", "finalLink": "", "calculatedOtherExpenses": 0, "calculatedOperatingExpenses": 0, "calculatedNetInterest": 0, "calculatedOtherIncome": -329900000, "calculatedIncomeNonControlling": 0, "calculatedEbitda": 329900000}, {"date": "1988-09-30", "symbol": "NJR", "reportedCurrency": "USD", "cik": "0000356309", "fillingDate": "1988-09-30", "acceptedDate": "1988-09-29 20:00:00", "calendarYear": "1988", "period": "FY", "revenue": 295400000, "costOfRevenue": 0, "grossProfit": 295400000, "grossProfitRatio": 1, "researchAndDevelopmentExpenses": 0, "generalAndAdministrativeExpenses": 0, "sellingAndMarketingExpenses": 0, "sellingGeneralAndAdministrativeExpenses": 0, "otherExpenses": 0, "operatingExpenses": 0, "costAndExpenses": 0, "interestIncome": 0, "interestExpense": 0, "depreciationAndAmortization": 0, "ebitda": 295400000, "ebitdaratio": 1, "operatingIncome": 295400000, "operatingIncomeRatio": 1, "totalOtherIncomeExpensesNet": 0, "incomeBeforeTax": 0, "incomeBeforeTaxRatio": 0, "incomeTaxExpense": -17000000, "netIncome": 17000000, "netIncomeRatio": 0.057549086, "eps": 0.39, "epsdiluted": 0.39, "weightedAverageShsOut": 43070670, "weightedAverageShsOutDil": 43070670, "link": "", "finalLink": "", "calculatedOtherExpenses": 0, "calculatedOperatingExpenses": 0, "calculatedNetInterest": 0, "calculatedOtherIncome": -295400000, "calculatedIncomeNonControlling": 0, "calculatedEbitda": 295400000}, {"date": "1987-09-30", "symbol": "NJR", "reportedCurrency": "USD", "cik": "0000356309", "fillingDate": "1987-09-30", "acceptedDate": "1987-09-29 20:00:00", "calendarYear": "1987", "period": "FY", "revenue": 269200000, "costOfRevenue": 0, "grossProfit": 269200000, "grossProfitRatio": 1, "researchAndDevelopmentExpenses": 0, "generalAndAdministrativeExpenses": 0, "sellingAndMarketingExpenses": 0, "sellingGeneralAndAdministrativeExpenses": 0, "otherExpenses": 0, "operatingExpenses": 0, "costAndExpenses": 0, "interestIncome": 0, "interestExpense": 0, "depreciationAndAmortization": 0, "ebitda": 269200000, "ebitdaratio": 1, "operatingIncome": 269200000, "operatingIncomeRatio": 1, "totalOtherIncomeExpensesNet": 0, "incomeBeforeTax": 0, "incomeBeforeTaxRatio": 0, "incomeTaxExpense": -11200000, "netIncome": 11200000, "netIncomeRatio": 0.0416047548, "eps": 0.31, "epsdiluted": 0.31, "weightedAverageShsOut": 36459596, "weightedAverageShsOutDil": 36459596, "link": "", "finalLink": "", "calculatedOtherExpenses": 0, "calculatedOperatingExpenses": 0, "calculatedNetInterest": 0, "calculatedOtherIncome": -269200000, "calculatedIncomeNonControlling": 0, "calculatedEbitda": 269200000}, {"date": "1986-09-30", "symbol": "NJR", "reportedCurrency": "USD", "cik": "0000356309", "fillingDate": "1986-09-30", "acceptedDate": "1986-09-29 20:00:00", "calendarYear": "1986", "period": "FY", "revenue": 253100000, "costOfRevenue": 0, "grossProfit": 253100000, "grossProfitRatio": 1, "researchAndDevelopmentExpenses": 0, "generalAndAdministrativeExpenses": 0, "sellingAndMarketingExpenses": 0, "sellingGeneralAndAdministrativeExpenses": 0, "otherExpenses": 0, "operatingExpenses": 0, "costAndExpenses": 0, "interestIncome": 0, "interestExpense": 0, "depreciationAndAmortization": 0, "ebitda": 253100000, "ebitdaratio": 1, "operatingIncome": 253100000, "operatingIncomeRatio": 1, "totalOtherIncomeExpensesNet": 0, "incomeBeforeTax": 0, "incomeBeforeTaxRatio": 0, "incomeTaxExpense": -5900000, "netIncome": 5900000, "netIncomeRatio": 0.0233109443, "eps": 0.18, "epsdiluted": 0.18, "weightedAverageShsOut": 32576155, "weightedAverageShsOutDil": 32576155, "link": "", "finalLink": "", "calculatedOtherExpenses": 0, "calculatedOperatingExpenses": 0, "calculatedNetInterest": 0, "calculatedOtherIncome": -253100000, "calculatedIncomeNonControlling": 0, "calculatedEbitda": 253100000}, {"date": "1985-09-30", "symbol": "NJR", "reportedCurrency": "USD", "cik": "0000356309", "fillingDate": "1985-09-30", "acceptedDate": "1985-09-29 20:00:00", "calendarYear": "1985", "period": "FY", "revenue": 283300000, "costOfRevenue": 0, "grossProfit": 283300000, "grossProfitRatio": 1, "researchAndDevelopmentExpenses": 0, "generalAndAdministrativeExpenses": 0, "sellingAndMarketingExpenses": 0, "sellingGeneralAndAdministrativeExpenses": 0, "otherExpenses": 0, "operatingExpenses": 0, "costAndExpenses": 0, "interestIncome": 0, "interestExpense": 0, "depreciationAndAmortization": 0, "ebitda": 283300000, "ebitdaratio": 1, "operatingIncome": 283300000, "operatingIncomeRatio": 1, "totalOtherIncomeExpensesNet": 0, "incomeBeforeTax": 0, "incomeBeforeTaxRatio": 0, "incomeTaxExpense": -10400000, "netIncome": 10400000, "netIncomeRatio": 0.0367102012, "eps": 0.33, "epsdiluted": 0.33, "weightedAverageShsOut": 31635032, "weightedAverageShsOutDil": 31635032, "link": "", "finalLink": "", "calculatedOtherExpenses": 0, "calculatedOperatingExpenses": 0, "calculatedNetInterest": 0, "calculatedOtherIncome": -283300000, "calculatedIncomeNonControlling": 0, "calculatedEbitda": 283300000}]}