{"originalCurrency": "USD", "convertedCurrency": "USD", "report": [{"date": "2023-12-31", "symbol": "NLY", "reportedCurrency": "USD", "cik": "0001043219", "fillingDate": "2024-02-15", "acceptedDate": "2024-02-15 17:15:31", "calendarYear": "2023", "period": "FY", "revenue": -1651591000, "costOfRevenue": 24806000, "grossProfit": -1676397000, "grossProfitRatio": 1.015019457, "researchAndDevelopmentExpenses": 0, "generalAndAdministrativeExpenses": 42961000, "sellingAndMarketingExpenses": 0, "sellingGeneralAndAdministrativeExpenses": 42961000, "otherExpenses": -3339364000, "operatingExpenses": 42961000, "costAndExpenses": 42961000, "interestIncome": 3731581000, "interestExpense": 3842965000, "depreciationAndAmortization": 24806000, "ebitda": -1599023000, "ebitdaratio": 0.9681712966, "operatingIncome": -1599023000, "operatingIncomeRatio": 0.9681712966, "totalOtherIncomeExpensesNet": -3842746000, "incomeBeforeTax": -1599023000, "incomeBeforeTaxRatio": 0.9681712966, "incomeTaxExpense": 44148000, "netIncome": -1643171000, "netIncomeRatio": 0.9949018855, "eps": -3.32, "epsdiluted": -3.32, "weightedAverageShsOut": 494541323, "weightedAverageShsOutDil": 494541323, "link": "https://www.sec.gov/Archives/edgar/data/1043219/000162828024005115/0001628280-24-005115-index.htm", "finalLink": "https://www.sec.gov/Archives/edgar/data/1043219/000162828024005115/nly-20231231.htm", "calculatedOtherExpenses": -120335000, "calculatedOperatingExpenses": -77374000, "calculatedNetInterest": -111384000, "calculatedOtherIncome": 111384000, "calculatedIncomeNonControlling": 0, "calculatedEbitda": -1574217000}, {"date": "2022-12-31", "symbol": "NLY", "reportedCurrency": "USD", "cik": "0001043219", "fillingDate": "2023-02-16", "acceptedDate": "2023-02-16 16:32:25", "calendarYear": "2022", "period": "FY", "revenue": 1954318000, "costOfRevenue": 20506000, "grossProfit": 1933812000, "grossProfitRatio": 0.9895073371, "researchAndDevelopmentExpenses": 0, "generalAndAdministrativeExpenses": 162729000, "sellingAndMarketingExpenses": 0, "sellingGeneralAndAdministrativeExpenses": 162729000, "otherExpenses": 6667000, "operatingExpenses": 50026000, "costAndExpenses": 50026000, "interestIncome": 2778887000, "interestExpense": 1309735000, "depreciationAndAmortization": 20506000, "ebitda": 3077668000, "ebitdaratio": 1.5748041005, "operatingIncome": 3057162000, "operatingIncomeRatio": 1.5643114375, "totalOtherIncomeExpensesNet": -1285171000, "incomeBeforeTax": 1771991000, "incomeBeforeTaxRatio": 0.9067055617, "incomeTaxExpense": 45571000, "netIncome": 1725325000, "netIncomeRatio": 0.882827155, "eps": 3.93, "epsdiluted": 3.92, "weightedAverageShsOut": 411348484, "weightedAverageShsOutDil": 411621758, "link": "https://www.sec.gov/Archives/edgar/data/1043219/000162828023003895/0001628280-23-003895-index.htm", "finalLink": "https://www.sec.gov/Archives/edgar/data/1043219/000162828023003895/nly-20221231.htm", "calculatedOtherExpenses": -1286079000, "calculatedOperatingExpenses": -1123350000, "calculatedNetInterest": 1469152000, "calculatedOtherIncome": -2754323000, "calculatedIncomeNonControlling": 1095000, "calculatedEbitda": 3077668000}, {"date": "2021-12-31", "symbol": "NLY", "reportedCurrency": "USD", "cik": "0001043219", "fillingDate": "2022-02-18", "acceptedDate": "2022-02-17 19:10:27", "calendarYear": "2021", "period": "FY", "revenue": 2662481000, "costOfRevenue": 24636000, "grossProfit": 2637845000, "grossProfitRatio": 0.9907469762, "researchAndDevelopmentExpenses": 0, "generalAndAdministrativeExpenses": 186014000, "sellingAndMarketingExpenses": 0, "sellingGeneralAndAdministrativeExpenses": 186014000, "otherExpenses": 57981000, "operatingExpenses": 243995000, "costAndExpenses": 243995000, "interestIncome": 1983036000, "interestExpense": 249243000, "depreciationAndAmortization": 24636000, "ebitda": 2419207000, "ebitdaratio": 0.9086288315, "operatingIncome": 2394571000, "operatingIncomeRatio": 0.8993758078, "totalOtherIncomeExpensesNet": 6384000, "incomeBeforeTax": 2400955000, "incomeBeforeTaxRatio": 0.9017735713, "incomeTaxExpense": 4675000, "netIncome": 2389896000, "netIncomeRatio": 0.8976199267, "eps": 6.4, "epsdiluted": 6.39, "weightedAverageShsOut": 356856520, "weightedAverageShsOutDil": 357142251, "link": "https://www.sec.gov/Archives/edgar/data/1043219/000162828022003099/0001628280-22-003099-index.htm", "finalLink": "https://www.sec.gov/Archives/edgar/data/1043219/000162828022003099/nly-20211231.htm", "calculatedOtherExpenses": 57260000, "calculatedOperatingExpenses": 243274000, "calculatedNetInterest": 1733793000, "calculatedOtherIncome": -1727409000, "calculatedIncomeNonControlling": 6384000, "calculatedEbitda": 2419207000}, {"date": "2020-12-31", "symbol": "NLY", "reportedCurrency": "USD", "cik": "0001043219", "fillingDate": "2021-02-19", "acceptedDate": "2021-02-18 20:52:45", "calendarYear": "2020", "period": "FY", "revenue": -584730000, "costOfRevenue": 22700000, "grossProfit": -607430000, "grossProfitRatio": 1.0388213363, "researchAndDevelopmentExpenses": 0, "generalAndAdministrativeExpenses": 239198000, "sellingAndMarketingExpenses": 0, "sellingGeneralAndAdministrativeExpenses": 239198000, "otherExpenses": 53314000, "operatingExpenses": 292512000, "costAndExpenses": 292512000, "interestIncome": 2229625000, "interestExpense": 899112000, "depreciationAndAmortization": 41357000, "ebitda": -878229000, "ebitdaratio": 1.5019393566, "operatingIncome": -919586000, "operatingIncomeRatio": 1.572667727, "totalOtherIncomeExpensesNet": 1391000, "incomeBeforeTax": -918195000, "incomeBeforeTaxRatio": 1.5702888513, "incomeTaxExpense": -28423000, "netIncome": -889772000, "netIncomeRatio": 1.5216800917, "eps": -2.52, "epsdiluted": -2.52, "weightedAverageShsOut": 353664859, "weightedAverageShsOutDil": 353664859, "link": "https://www.sec.gov/Archives/edgar/data/1043219/000162828021002510/0001628280-21-002510-index.htm", "finalLink": "https://www.sec.gov/Archives/edgar/data/1043219/000162828021002510/nly-20201231.htm", "calculatedOtherExpenses": 72958000, "calculatedOperatingExpenses": 312156000, "calculatedNetInterest": 1330513000, "calculatedOtherIncome": -1329122000, "calculatedIncomeNonControlling": 0, "calculatedEbitda": -878229000}, {"date": "2019-12-31", "symbol": "NLY", "reportedCurrency": "USD", "cik": "0001043219", "fillingDate": "2020-02-14", "acceptedDate": "2020-02-13 21:13:29", "calendarYear": "2019", "period": "FY", "revenue": -1992136000, "costOfRevenue": 23700000, "grossProfit": -2015836000, "grossProfitRatio": 1.0118967781, "researchAndDevelopmentExpenses": 0, "generalAndAdministrativeExpenses": 301634000, "sellingAndMarketingExpenses": 0, "sellingGeneralAndAdministrativeExpenses": 301634000, "otherExpenses": 136413000, "operatingExpenses": 438047000, "costAndExpenses": 438047000, "interestIncome": 3787297000, "interestExpense": 2784875000, "depreciationAndAmortization": 31559000, "ebitda": -2142141000, "ebitdaratio": 1.075298574, "operatingIncome": -2173700000, "operatingIncomeRatio": 1.0911403639, "totalOtherIncomeExpensesNet": -226000, "incomeBeforeTax": -2173926000, "incomeBeforeTaxRatio": 1.09125381, "incomeTaxExpense": -10835000, "netIncome": -2163091000, "netIncomeRatio": 1.0858149243, "eps": -6.03, "epsdiluted": -6.03, "weightedAverageShsOut": 358728170, "weightedAverageShsOutDil": 358728170, "link": "https://www.sec.gov/Archives/edgar/data/1043219/000162828020001548/0001628280-20-001548-index.htm", "finalLink": "https://www.sec.gov/Archives/edgar/data/1043219/000162828020001548/a2019nly10-k.htm", "calculatedOtherExpenses": -143770000, "calculatedOperatingExpenses": 157864000, "calculatedNetInterest": 1002422000, "calculatedOtherIncome": -1002648000, "calculatedIncomeNonControlling": 0, "calculatedEbitda": -2142141000}, {"date": "2018-12-31", "symbol": "NLY", "reportedCurrency": "USD", "cik": "0001043219", "fillingDate": "2019-02-15", "acceptedDate": "2019-02-14 22:01:27", "calendarYear": "2018", "period": "FY", "revenue": 275215000, "costOfRevenue": 0, "grossProfit": 275215000, "grossProfitRatio": 1, "researchAndDevelopmentExpenses": 0, "generalAndAdministrativeExpenses": 329873000, "sellingAndMarketingExpenses": 0, "sellingGeneralAndAdministrativeExpenses": 329873000, "otherExpenses": 109927000, "operatingExpenses": 439800000, "costAndExpenses": 439800000, "interestIncome": 3332563000, "interestExpense": 1897860000, "depreciationAndAmortization": 72364000, "ebitda": 2022257000, "ebitdaratio": 7.347917083, "operatingIncome": 1949893000, "operatingIncomeRatio": 7.0849808332, "totalOtherIncomeExpensesNet": -1898120000, "incomeBeforeTax": 51773000, "incomeBeforeTaxRatio": 0.1881183802, "incomeTaxExpense": -2375000, "netIncome": 54408000, "netIncomeRatio": 0.197692713, "eps": 0.18, "epsdiluted": 0.18, "weightedAverageShsOut": 302400452, "weightedAverageShsOutDil": 302400452, "link": "https://www.sec.gov/Archives/edgar/data/1043219/000162828019001442/0001628280-19-001442-index.htm", "finalLink": "https://www.sec.gov/Archives/edgar/data/1043219/000162828019001442/a2018nly10-k.htm", "calculatedOtherExpenses": -2004551000, "calculatedOperatingExpenses": -1674678000, "calculatedNetInterest": 1434703000, "calculatedOtherIncome": -3332823000, "calculatedIncomeNonControlling": -260000, "calculatedEbitda": 2022257000}, {"date": "2017-12-31", "symbol": "NLY", "reportedCurrency": "USD", "cik": "0001043219", "fillingDate": "2018-02-16", "acceptedDate": "2018-02-15 18:04:30", "calendarYear": "2017", "period": "FY", "revenue": 1684265000, "costOfRevenue": 0, "grossProfit": 1684265000, "grossProfitRatio": 1, "researchAndDevelopmentExpenses": 0, "generalAndAdministrativeExpenses": 224124000, "sellingAndMarketingExpenses": 0, "sellingGeneralAndAdministrativeExpenses": 224124000, "otherExpenses": 115857000, "operatingExpenses": 339981000, "costAndExpenses": 339981000, "interestIncome": 2493126000, "interestExpense": 1008354000, "depreciationAndAmortization": 26550000, "ebitda": 2611490000, "ebitdaratio": 1.5505220378, "operatingIncome": 2584940000, "operatingIncomeRatio": 1.5347584852, "totalOtherIncomeExpensesNet": -1008942000, "incomeBeforeTax": 1575998000, "incomeBeforeTaxRatio": 0.9357185479, "incomeTaxExpense": 6982000, "netIncome": 1569604000, "netIncomeRatio": 0.9319222331, "eps": 5.48, "epsdiluted": 5.48, "weightedAverageShsOut": 266480913, "weightedAverageShsOutDil": 266587904, "link": "https://www.sec.gov/Archives/edgar/data/1043219/000162828018001815/0001628280-18-001815-index.htm", "finalLink": "https://www.sec.gov/Archives/edgar/data/1043219/000162828018001815/a2017nly10-k.htm", "calculatedOtherExpenses": -1124799000, "calculatedOperatingExpenses": -900675000, "calculatedNetInterest": 1484772000, "calculatedOtherIncome": -2493714000, "calculatedIncomeNonControlling": -588000, "calculatedEbitda": 2611490000}, {"date": "2016-12-31", "symbol": "NLY", "reportedCurrency": "USD", "cik": "0001043219", "fillingDate": "2017-02-23", "acceptedDate": "2017-02-23 17:23:55", "calendarYear": "2016", "period": "FY", "revenue": 1564827000, "costOfRevenue": 0, "grossProfit": 1564827000, "grossProfitRatio": 1, "researchAndDevelopmentExpenses": 0, "generalAndAdministrativeExpenses": 250356000, "sellingAndMarketingExpenses": 0, "sellingGeneralAndAdministrativeExpenses": 250356000, "otherExpenses": 44144000, "operatingExpenses": 294500000, "costAndExpenses": 294500000, "interestIncome": 2210951000, "interestExpense": 657752000, "depreciationAndAmortization": 34761000, "ebitda": 2124674000, "ebitdaratio": 1.3577692614, "operatingIncome": 2089913000, "operatingIncomeRatio": 1.3355553042, "totalOtherIncomeExpensesNet": -658722000, "incomeBeforeTax": 1431191000, "incomeBeforeTaxRatio": 0.9146001443, "incomeTaxExpense": -1595000, "netIncome": 1433756000, "netIncomeRatio": 0.9162393031, "eps": 5.56, "epsdiluted": 5.56, "weightedAverageShsOut": 242446895, "weightedAverageShsOutDil": 242525588, "link": "https://www.sec.gov/Archives/edgar/data/1043219/000115752317000612/0001157523-17-000612-index.htm", "finalLink": "https://www.sec.gov/Archives/edgar/data/1043219/000115752317000612/a51512528.htm", "calculatedOtherExpenses": -775442000, "calculatedOperatingExpenses": -525086000, "calculatedNetInterest": 1553199000, "calculatedOtherIncome": -2211921000, "calculatedIncomeNonControlling": -970000, "calculatedEbitda": 2124674000}, {"date": "2015-12-31", "symbol": "NLY", "reportedCurrency": "USD", "cik": "0001043219", "fillingDate": "2016-02-26", "acceptedDate": "2016-02-25 17:35:10", "calendarYear": "2015", "period": "FY", "revenue": 734200000, "costOfRevenue": 0, "grossProfit": 734200000, "grossProfitRatio": 1, "researchAndDevelopmentExpenses": 0, "generalAndAdministrativeExpenses": 200240000, "sellingAndMarketingExpenses": 0, "sellingGeneralAndAdministrativeExpenses": 200240000, "otherExpenses": -47201000, "operatingExpenses": 153039000, "costAndExpenses": 153039000, "interestIncome": 2170697000, "interestExpense": 471596000, "depreciationAndAmortization": 19970000, "ebitda": 956168000, "ebitdaratio": 1.3023263416, "operatingIncome": 936198000, "operatingIncomeRatio": 1.2751266685, "totalOtherIncomeExpensesNet": -472405000, "incomeBeforeTax": 463793000, "incomeBeforeTaxRatio": 0.6316984473, "incomeTaxExpense": -1954000, "netIncome": 466556000, "netIncomeRatio": 0.635461727, "eps": 1.68, "epsdiluted": 1.68, "weightedAverageShsOut": 236765524, "weightedAverageShsOutDil": 236819185, "link": "https://www.sec.gov/Archives/edgar/data/1043219/000115752316004749/0001157523-16-004749-index.htm", "finalLink": "https://www.sec.gov/Archives/edgar/data/1043219/000115752316004749/a51283891.htm", "calculatedOtherExpenses": -402238000, "calculatedOperatingExpenses": -201998000, "calculatedNetInterest": 1699101000, "calculatedOtherIncome": -2171506000, "calculatedIncomeNonControlling": -809000, "calculatedEbitda": 956168000}, {"date": "2014-12-31", "symbol": "NLY", "reportedCurrency": "USD", "cik": "0001043219", "fillingDate": "2015-02-26", "acceptedDate": "2015-02-26 17:31:35", "calendarYear": "2014", "period": "FY", "revenue": 175500000, "costOfRevenue": 790379000, "grossProfit": -614879000, "grossProfitRatio": 1, "researchAndDevelopmentExpenses": 0, "generalAndAdministrativeExpenses": 209338000, "sellingAndMarketingExpenses": 0, "sellingGeneralAndAdministrativeExpenses": 209338000, "otherExpenses": -12737000, "operatingExpenses": 196601000, "costAndExpenses": 196601000, "interestIncome": 2632647000, "interestExpense": 512659000, "depreciationAndAmortization": 4595000, "ebitda": -319504000, "ebitdaratio": 0.5196209335, "operatingIncome": -324099000, "operatingIncomeRatio": 0.5270939486, "totalOtherIncomeExpensesNet": -512855000, "incomeBeforeTax": -836954000, "incomeBeforeTaxRatio": 1.3611686202, "incomeTaxExpense": 5325000, "netIncome": -842083000, "netIncomeRatio": 1.3695100987, "eps": -3.55, "epsdiluted": -3.55, "weightedAverageShsOut": 236884823, "weightedAverageShsOutDil": 236884823, "link": "https://www.sec.gov/Archives/edgar/data/1043219/000115752315000739/0001157523-15-000739-index.htm", "finalLink": "https://www.sec.gov/Archives/edgar/data/1043219/000115752315000739/a51045854.htm", "calculatedOtherExpenses": -500118000, "calculatedOperatingExpenses": -290780000, "calculatedNetInterest": 2119988000, "calculatedOtherIncome": -2632843000, "calculatedIncomeNonControlling": -196000, "calculatedEbitda": -319504000}, {"date": "2013-12-31", "symbol": "NLY", "reportedCurrency": "USD", "cik": "0001043219", "fillingDate": "2014-02-27", "acceptedDate": "2014-02-27 17:12:10", "calendarYear": "2013", "period": "FY", "revenue": 3997394000, "costOfRevenue": 0, "grossProfit": 3997394000, "grossProfitRatio": 1, "researchAndDevelopmentExpenses": 0, "generalAndAdministrativeExpenses": 232081000, "sellingAndMarketingExpenses": 0, "sellingGeneralAndAdministrativeExpenses": 232081000, "otherExpenses": 15481000, "operatingExpenses": 247562000, "costAndExpenses": 247562000, "interestIncome": 2918562000, "interestExpense": 624714000, "depreciationAndAmortization": 2614000, "ebitda": 4365239000, "ebitdaratio": 1.0920212018, "operatingIncome": 4362625000, "operatingIncomeRatio": 1.0913672758, "totalOtherIncomeExpensesNet": -624714000, "incomeBeforeTax": 3737911000, "incomeBeforeTaxRatio": 0.9350869592, "incomeTaxExpense": 8213000, "netIncome": 3729698000, "netIncomeRatio": 0.9330323706, "eps": 15.44, "epsdiluted": 14.96, "weightedAverageShsOut": 236834478, "weightedAverageShsOutDil": 248889256, "link": "https://www.sec.gov/Archives/edgar/data/1043219/000115752314000867/0001157523-14-000867-index.htm", "finalLink": "https://www.sec.gov/Archives/edgar/data/1043219/000115752314000867/a50811330.htm", "calculatedOtherExpenses": -597312000, "calculatedOperatingExpenses": -365231000, "calculatedNetInterest": 2293848000, "calculatedOtherIncome": -2918562000, "calculatedIncomeNonControlling": 0, "calculatedEbitda": 4365239000}, {"date": "2012-12-31", "symbol": "NLY", "reportedCurrency": "USD", "cik": "0001043219", "fillingDate": "2013-02-26", "acceptedDate": "2013-02-26 15:53:59", "calendarYear": "2012", "period": "FY", "revenue": 2169711000, "costOfRevenue": 0, "grossProfit": 2169711000, "grossProfitRatio": 1, "researchAndDevelopmentExpenses": 0, "generalAndAdministrativeExpenses": 235559000, "sellingAndMarketingExpenses": 0, "sellingGeneralAndAdministrativeExpenses": 235559000, "otherExpenses": 0, "operatingExpenses": 235559000, "costAndExpenses": 235559000, "interestIncome": 3259145000, "interestExpense": 667172000, "depreciationAndAmortization": 4080000, "ebitda": 2443064000, "ebitdaratio": 1.1259859032, "operatingIncome": 2438984000, "operatingIncomeRatio": 1.1241054684, "totalOtherIncomeExpensesNet": -667172000, "incomeBeforeTax": 1771812000, "incomeBeforeTaxRatio": 0.816611982, "incomeTaxExpense": 35912000, "netIncome": 1735900000, "netIncomeRatio": 0.8000604689, "eps": 6.96, "epsdiluted": 6.84, "weightedAverageShsOut": 243225614, "weightedAverageShsOutDil": 251438764, "link": "https://www.sec.gov/Archives/edgar/data/1043219/000115752313001038/0001157523-13-001038-index.htm", "finalLink": "https://www.sec.gov/Archives/edgar/data/1043219/000115752313001038/a50573546.htm", "calculatedOtherExpenses": -504832000, "calculatedOperatingExpenses": -269273000, "calculatedNetInterest": 2591973000, "calculatedOtherIncome": -3259145000, "calculatedIncomeNonControlling": 0, "calculatedEbitda": 2443064000}, {"date": "2011-12-31", "symbol": "NLY", "reportedCurrency": "USD", "cik": "0001043219", "fillingDate": "2012-02-28", "acceptedDate": "2012-02-28 16:18:24", "calendarYear": "2011", "period": "FY", "revenue": 639716000, "costOfRevenue": 0, "grossProfit": 639716000, "grossProfitRatio": 1, "researchAndDevelopmentExpenses": 0, "generalAndAdministrativeExpenses": 237344000, "sellingAndMarketingExpenses": 0, "sellingGeneralAndAdministrativeExpenses": 237344000, "otherExpenses": 0, "operatingExpenses": 237344000, "costAndExpenses": 237344000, "interestIncome": 3579618000, "interestExpense": 480326000, "depreciationAndAmortization": 2300000, "ebitda": 886138000, "ebitdaratio": 1.3852053099, "operatingIncome": 883838000, "operatingIncomeRatio": 1.3816099644, "totalOtherIncomeExpensesNet": -481466000, "incomeBeforeTax": 402372000, "incomeBeforeTaxRatio": 0.6289853623, "incomeTaxExpense": 59051000, "netIncome": 344461000, "netIncomeRatio": 0.5384592538, "eps": 1.48, "epsdiluted": 1.48, "weightedAverageShsOut": 218553009, "weightedAverageShsOutDil": 218629734, "link": "https://www.sec.gov/Archives/edgar/data/1043219/000115752312001096/0001157523-12-001096-index.htm", "finalLink": "https://www.sec.gov/Archives/edgar/data/1043219/000115752312001096/a50177769.htm", "calculatedOtherExpenses": -481466000, "calculatedOperatingExpenses": -244122000, "calculatedNetInterest": 3099292000, "calculatedOtherIncome": -3580758000, "calculatedIncomeNonControlling": -1140000, "calculatedEbitda": 886138000}, {"date": "2010-12-31", "symbol": "NLY", "reportedCurrency": "USD", "cik": "0001043219", "fillingDate": "2011-02-25", "acceptedDate": "2011-02-25 09:16:38", "calendarYear": "2010", "period": "FY", "revenue": 1471616000, "costOfRevenue": 0, "grossProfit": 1471616000, "grossProfitRatio": 1, "researchAndDevelopmentExpenses": 0, "generalAndAdministrativeExpenses": 171487000, "sellingAndMarketingExpenses": 360000, "sellingGeneralAndAdministrativeExpenses": 171847000, "otherExpenses": 0, "operatingExpenses": 171847000, "costAndExpenses": 171847000, "interestIncome": 2683134000, "interestExpense": 1194370000, "depreciationAndAmortization": 1600000, "ebitda": 2467646000, "ebitdaratio": 1.6768273789, "operatingIncome": 2466046000, "operatingIncomeRatio": 1.6757401387, "totalOtherIncomeExpensesNet": -1166277000, "incomeBeforeTax": 1299769000, "incomeBeforeTaxRatio": 0.8832256513, "incomeTaxExpense": 35434000, "netIncome": 1267280000, "netIncomeRatio": 0.8611485605, "eps": 8.48, "epsdiluted": 8.16, "weightedAverageShsOut": 147048164, "weightedAverageShsOutDil": 156326793, "link": "https://www.sec.gov/Archives/edgar/data/1043219/000115752311001180/0001157523-11-001180-index.htm", "finalLink": "https://www.sec.gov/Archives/edgar/data/1043219/000115752311001180/a6624738.htm", "calculatedOtherExpenses": -1166277000, "calculatedOperatingExpenses": -994430000, "calculatedNetInterest": 1488764000, "calculatedOtherIncome": -2655041000, "calculatedIncomeNonControlling": -2945000, "calculatedEbitda": 2467646000}, {"date": "2009-12-31", "symbol": "NLY", "reportedCurrency": "USD", "cik": "0001043219", "fillingDate": "2010-02-24", "acceptedDate": "2010-02-24 16:45:35", "calendarYear": "2009", "period": "FY", "revenue": 2110828000, "costOfRevenue": 0, "grossProfit": 2110828000, "grossProfitRatio": 1, "researchAndDevelopmentExpenses": 0, "generalAndAdministrativeExpenses": 130152000, "sellingAndMarketingExpenses": 1756000, "sellingGeneralAndAdministrativeExpenses": 131908000, "otherExpenses": 0, "operatingExpenses": 131908000, "costAndExpenses": 131908000, "interestIncome": 2922602000, "interestExpense": 1295762000, "depreciationAndAmortization": 2316000, "ebitda": 3293930000, "ebitdaratio": 1.5604919018, "operatingIncome": 3291614000, "operatingIncomeRatio": 1.559394702, "totalOtherIncomeExpensesNet": -1295762000, "incomeBeforeTax": 1996104000, "incomeBeforeTaxRatio": 0.945649764, "incomeTaxExpense": 34381000, "netIncome": 1961471000, "netIncomeRatio": 0.9292424584, "eps": 14.2, "epsdiluted": 14.08, "weightedAverageShsOut": 136743259, "weightedAverageShsOutDil": 138282660, "link": "https://www.sec.gov/Archives/edgar/data/1043219/000115752310001176/0001157523-10-001176-index.htm", "finalLink": "https://www.sec.gov/Archives/edgar/data/1043219/000115752310001176/a6189739.htm", "calculatedOtherExpenses": -1312694000, "calculatedOperatingExpenses": -1180786000, "calculatedNetInterest": 1626840000, "calculatedOtherIncome": -2922350000, "calculatedIncomeNonControlling": 252000, "calculatedEbitda": 3293930000}, {"date": "2008-12-31", "symbol": "NLY", "reportedCurrency": "USD", "cik": "0001043219", "fillingDate": "2009-02-26", "acceptedDate": "2009-02-26 12:08:58", "calendarYear": "2008", "period": "FY", "revenue": 1245694000, "costOfRevenue": 0, "grossProfit": 1245694000, "grossProfitRatio": 1, "researchAndDevelopmentExpenses": 0, "generalAndAdministrativeExpenses": 103622000, "sellingAndMarketingExpenses": 0, "sellingGeneralAndAdministrativeExpenses": 103622000, "otherExpenses": 0, "operatingExpenses": 103622000, "costAndExpenses": 103622000, "interestIncome": 3115428000, "interestExpense": 1888912000, "depreciationAndAmortization": 4133000, "ebitda": 2265202000, "ebitdaratio": 1.8184257129, "operatingIncome": 2261069000, "operatingIncomeRatio": 1.8151078836, "totalOtherIncomeExpensesNet": -1888912000, "incomeBeforeTax": 372157000, "incomeBeforeTaxRatio": 0.2987547504, "incomeTaxExpense": 25977000, "netIncome": 346180000, "netIncomeRatio": 0.2779013144, "eps": 2.56, "epsdiluted": 2.56, "weightedAverageShsOut": 126756149, "weightedAverageShsOutDil": 126756149, "link": "https://www.sec.gov/Archives/edgar/data/1043219/000115752309001643/0001157523-09-001643-index.htm", "finalLink": "https://www.sec.gov/Archives/edgar/data/1043219/000115752309001643/a5904224.txt", "calculatedOtherExpenses": -1118997000, "calculatedOperatingExpenses": -1015375000, "calculatedNetInterest": 1226516000, "calculatedOtherIncome": -3115428000, "calculatedIncomeNonControlling": 0, "calculatedEbitda": 2265202000}, {"date": "2007-12-31", "symbol": "NLY", "reportedCurrency": "USD", "cik": "0001043219", "fillingDate": "2008-02-26", "acceptedDate": "2008-02-26 14:27:41", "calendarYear": "2007", "period": "FY", "revenue": 490217000, "costOfRevenue": 0, "grossProfit": 490217000, "grossProfitRatio": 1, "researchAndDevelopmentExpenses": 0, "generalAndAdministrativeExpenses": 62666000, "sellingAndMarketingExpenses": 0, "sellingGeneralAndAdministrativeExpenses": 62666000, "otherExpenses": 0, "operatingExpenses": 62666000, "costAndExpenses": 62666000, "interestIncome": 2355447000, "interestExpense": 1926465000, "depreciationAndAmortization": 66551000, "ebitda": 2416270000, "ebitdaratio": 4.9289804311, "operatingIncome": 2349719000, "operatingIncomeRatio": 4.7932221853, "totalOtherIncomeExpensesNet": -1926465000, "incomeBeforeTax": 423254000, "incomeBeforeTaxRatio": 0.86340131, "incomeTaxExpense": 8870000, "netIncome": 414384000, "netIncomeRatio": 0.8453072823, "eps": 5.28, "epsdiluted": 5.24, "weightedAverageShsOut": 74372098, "weightedAverageShsOutDil": 76565941, "link": "https://www.sec.gov/Archives/edgar/data/1043219/000115752308001744/0001157523-08-001744-index.htm", "finalLink": "https://www.sec.gov/Archives/edgar/data/1043219/000115752308001744/a5617618.txt", "calculatedOtherExpenses": -1922168000, "calculatedOperatingExpenses": -1859502000, "calculatedNetInterest": 428982000, "calculatedOtherIncome": -2355447000, "calculatedIncomeNonControlling": 0, "calculatedEbitda": 2416270000}, {"date": "2006-12-31", "symbol": "NLY", "reportedCurrency": "USD", "cik": "0001043219", "fillingDate": "2007-02-28", "acceptedDate": "2007-02-28 11:59:08", "calendarYear": "2006", "period": "FY", "revenue": 147678000, "costOfRevenue": 0, "grossProfit": 147678000, "grossProfitRatio": 1, "researchAndDevelopmentExpenses": 0, "generalAndAdministrativeExpenses": 40063000, "sellingAndMarketingExpenses": 0, "sellingGeneralAndAdministrativeExpenses": 40063000, "otherExpenses": 0, "operatingExpenses": 40063000, "costAndExpenses": 40063000, "interestIncome": 1221882000, "interestExpense": 1055013000, "depreciationAndAmortization": 65214000, "ebitda": 1221581000, "ebitdaratio": 8.2719226967, "operatingIncome": 1156367000, "operatingIncomeRatio": 7.8303267921, "totalOtherIncomeExpensesNet": -1055013000, "incomeBeforeTax": 101354000, "incomeBeforeTaxRatio": 0.6863175287, "incomeTaxExpense": 7538000, "netIncome": 93816000, "netIncomeRatio": 0.6352740422, "eps": 1.76, "epsdiluted": 1.76, "weightedAverageShsOut": 41916657, "weightedAverageShsOutDil": 41936596, "link": "https://www.sec.gov/Archives/edgar/data/1043219/000115752307002148/0001157523-07-002148-index.htm", "finalLink": "https://www.sec.gov/Archives/edgar/data/1043219/000115752307002148/a5342683.txt", "calculatedOtherExpenses": -1048752000, "calculatedOperatingExpenses": -1008689000, "calculatedNetInterest": 166869000, "calculatedOtherIncome": -1221882000, "calculatedIncomeNonControlling": 0, "calculatedEbitda": 1221581000}, {"date": "2005-12-31", "symbol": "NLY", "reportedCurrency": "USD", "cik": "0001043219", "fillingDate": "2006-03-13", "acceptedDate": "2006-03-13 15:59:55", "calendarYear": "2005", "period": "FY", "revenue": 118873000, "costOfRevenue": 0, "grossProfit": 118873000, "grossProfitRatio": 1, "researchAndDevelopmentExpenses": 0, "generalAndAdministrativeExpenses": 26278000, "sellingAndMarketingExpenses": 0, "sellingGeneralAndAdministrativeExpenses": 26278000, "otherExpenses": 0, "operatingExpenses": 26278000, "costAndExpenses": 26278000, "interestIncome": 705046000, "interestExpense": 568560000, "depreciationAndAmortization": 154880000, "ebitda": 724937000, "ebitdaratio": 6.0984159565, "operatingIncome": 570057000, "operatingIncomeRatio": 4.7955128583, "totalOtherIncomeExpensesNet": -568560000, "incomeBeforeTax": 1497000, "incomeBeforeTaxRatio": 0.0125932718, "incomeTaxExpense": 10744000, "netIncome": -9247000, "netIncomeRatio": -0.0777889008, "eps": -0.3, "epsdiluted": -0.3, "weightedAverageShsOut": 30618758, "weightedAverageShsOutDil": 30618758, "link": "https://www.sec.gov/Archives/edgar/data/1043219/000115752306002606/0001157523-06-002606-index.htm", "finalLink": "https://www.sec.gov/Archives/edgar/data/1043219/000115752306002606/a5099820.txt", "calculatedOtherExpenses": -477462000, "calculatedOperatingExpenses": -451184000, "calculatedNetInterest": 136486000, "calculatedOtherIncome": -705046000, "calculatedIncomeNonControlling": 0, "calculatedEbitda": 724937000}, {"date": "2004-12-31", "symbol": "NLY", "reportedCurrency": "USD", "cik": "0001043219", "fillingDate": "2005-03-10", "acceptedDate": "2005-03-10 13:43:21", "calendarYear": "2004", "period": "FY", "revenue": 279939000, "costOfRevenue": 0, "grossProfit": 279939000, "grossProfitRatio": 1, "researchAndDevelopmentExpenses": 0, "generalAndAdministrativeExpenses": 24029000, "sellingAndMarketingExpenses": 0, "sellingGeneralAndAdministrativeExpenses": 24029000, "otherExpenses": 0, "operatingExpenses": 24029000, "costAndExpenses": 24029000, "interestIncome": 532328000, "interestExpense": 270116000, "depreciationAndAmortization": 179732000, "ebitda": 702898000, "ebitdaratio": 2.5108970169, "operatingIncome": 523166000, "operatingIncomeRatio": 1.8688571439, "totalOtherIncomeExpensesNet": -270116000, "incomeBeforeTax": 253050000, "incomeBeforeTaxRatio": 0.9039469313, "incomeTaxExpense": 4458000, "netIncome": 248592000, "netIncomeRatio": 0.8880220334, "eps": 8.16, "epsdiluted": 8.12, "weightedAverageShsOut": 29555832, "weightedAverageShsOutDil": 29614786, "link": "https://www.sec.gov/Archives/edgar/data/1043219/000093041305001734/0000930413-05-001734-index.htm", "finalLink": "https://www.sec.gov/Archives/edgar/data/1043219/000093041305001734/c36021_10k.txt", "calculatedOtherExpenses": -267256000, "calculatedOperatingExpenses": -243227000, "calculatedNetInterest": 262212000, "calculatedOtherIncome": -532328000, "calculatedIncomeNonControlling": 0, "calculatedEbitda": 702898000}, {"date": "2003-12-31", "symbol": "NLY", "reportedCurrency": "USD", "cik": "0001043219", "fillingDate": "2004-03-09", "acceptedDate": "2004-03-09 14:58:13", "calendarYear": "2003", "period": "FY", "revenue": 196336000, "costOfRevenue": 0, "grossProfit": 196336000, "grossProfitRatio": 1, "researchAndDevelopmentExpenses": 0, "generalAndAdministrativeExpenses": 16233000, "sellingAndMarketingExpenses": 0, "sellingGeneralAndAdministrativeExpenses": 16233000, "otherExpenses": 0, "operatingExpenses": 16233000, "costAndExpenses": 16233000, "interestIncome": 337433000, "interestExpense": 182004000, "depreciationAndAmortization": 216570000, "ebitda": 578677000, "ebitdaratio": 2.9473810203, "operatingIncome": 362107000, "operatingIncomeRatio": 1.8443229973, "totalOtherIncomeExpensesNet": -182004000, "incomeBeforeTax": 180103000, "incomeBeforeTaxRatio": 0.917320308, "incomeTaxExpense": -180103000, "netIncome": 180103000, "netIncomeRatio": 0.917320308, "eps": 7.8, "epsdiluted": 7.76, "weightedAverageShsOut": 23053838, "weightedAverageShsOutDil": 23257813, "link": "https://www.sec.gov/Archives/edgar/data/1043219/000093041304000954/0000930413-04-000954-index.htm", "finalLink": "https://www.sec.gov/Archives/edgar/data/1043219/000093041304000954/c31335_10k.txt", "calculatedOtherExpenses": -182004000, "calculatedOperatingExpenses": -165771000, "calculatedNetInterest": 155429000, "calculatedOtherIncome": -337433000, "calculatedIncomeNonControlling": 180103000, "calculatedEbitda": 578677000}, {"date": "2002-12-31", "symbol": "NLY", "reportedCurrency": "USD", "cik": "0001043219", "fillingDate": "2003-03-26", "acceptedDate": "2003-03-26 16:21:46", "calendarYear": "2002", "period": "FY", "revenue": 233470000, "costOfRevenue": 0, "grossProfit": 233470000, "grossProfitRatio": 1, "researchAndDevelopmentExpenses": 0, "generalAndAdministrativeExpenses": 13963000, "sellingAndMarketingExpenses": 0, "sellingGeneralAndAdministrativeExpenses": 13963000, "otherExpenses": 0, "operatingExpenses": 13963000, "costAndExpenses": 13963000, "interestIncome": 404165000, "interestExpense": 191758000, "depreciationAndAmortization": 106198000, "ebitda": 517463000, "ebitdaratio": 2.2164003941, "operatingIncome": 411265000, "operatingIncomeRatio": 1.7615325309, "totalOtherIncomeExpensesNet": -191758000, "incomeBeforeTax": 219507000, "incomeBeforeTaxRatio": 0.9401936009, "incomeTaxExpense": -219507000, "netIncome": 219507000, "netIncomeRatio": 0.9401936009, "eps": 10.72, "epsdiluted": 10.68, "weightedAverageShsOut": 20511035, "weightedAverageShsOutDil": 20570720, "link": "https://www.sec.gov/Archives/edgar/data/1043219/000115752303000774/0001157523-03-000774-index.htm", "finalLink": "https://www.sec.gov/Archives/edgar/data/1043219/000115752303000774/a4360904.txt", "calculatedOtherExpenses": -191758000, "calculatedOperatingExpenses": -177795000, "calculatedNetInterest": 212407000, "calculatedOtherIncome": -404165000, "calculatedIncomeNonControlling": 219507000, "calculatedEbitda": 517463000}, {"date": "2001-12-31", "symbol": "NLY", "reportedCurrency": "USD", "cik": "0001043219", "fillingDate": "2002-03-29", "acceptedDate": "2002-03-29 00:00:00", "calendarYear": "2001", "period": "FY", "revenue": 99588893, "costOfRevenue": 0, "grossProfit": 99588893, "grossProfitRatio": 1, "researchAndDevelopmentExpenses": 0, "generalAndAdministrativeExpenses": 7311208, "sellingAndMarketingExpenses": 0, "sellingGeneralAndAdministrativeExpenses": 7311208, "otherExpenses": 0, "operatingExpenses": 7311208, "costAndExpenses": 7311208, "interestIncome": 263057732, "interestExpense": 168055304, "depreciationAndAmortization": 36865112, "ebitda": 297198101, "ebitdaratio": 2.9842494685, "operatingIncome": 260332989, "operatingIncomeRatio": 2.6140765416, "totalOtherIncomeExpensesNet": -168055304, "incomeBeforeTax": 92277685, "incomeBeforeTaxRatio": 0.9265861104, "incomeTaxExpense": -92277685, "netIncome": 92277685, "netIncomeRatio": 0.9265861104, "eps": 8.92, "epsdiluted": 8.84, "weightedAverageShsOut": 10359907, "weightedAverageShsOutDil": 10464374, "link": "https://www.sec.gov/Archives/edgar/data/1043219/000089155402001655/0000891554-02-001655-index.htm", "finalLink": "https://www.sec.gov/Archives/edgar/data/1043219/000089155402001655/d50196_10k.txt", "calculatedOtherExpenses": -168055304, "calculatedOperatingExpenses": -160744096, "calculatedNetInterest": 95002428, "calculatedOtherIncome": -263057732, "calculatedIncomeNonControlling": 92277685, "calculatedEbitda": 297198101}, {"date": "2000-12-31", "symbol": "NLY", "reportedCurrency": "USD", "cik": "0001043219", "fillingDate": "2001-03-27", "acceptedDate": "2001-03-27 00:00:00", "calendarYear": "2000", "period": "FY", "revenue": 18873914, "costOfRevenue": 0, "grossProfit": 18873914, "grossProfitRatio": 1, "researchAndDevelopmentExpenses": 0, "generalAndAdministrativeExpenses": 2286626, "sellingAndMarketingExpenses": 0, "sellingGeneralAndAdministrativeExpenses": 2286626, "otherExpenses": 0, "operatingExpenses": 2286626, "costAndExpenses": 2286626, "interestIncome": 109750406, "interestExpense": 92901697, "depreciationAndAmortization": 2646753, "ebitda": 112135738, "ebitdaratio": 5.9413080933, "operatingIncome": 109488985, "operatingIncomeRatio": 5.8010747002, "totalOtherIncomeExpensesNet": -92901697, "incomeBeforeTax": 16587288, "incomeBeforeTaxRatio": 0.878847281, "incomeTaxExpense": -16587288, "netIncome": 16587288, "netIncomeRatio": 0.878847281, "eps": 4.72, "epsdiluted": 4.6, "weightedAverageShsOut": 3522359, "weightedAverageShsOutDil": 3594364, "link": "https://www.sec.gov/Archives/edgar/data/1043219/000089155401501591/0000891554-01-501591-index.htm", "finalLink": "https://www.sec.gov/Archives/edgar/data/1043219/000089155401501591/d25174_10-k.txt", "calculatedOtherExpenses": -92901697, "calculatedOperatingExpenses": -90615071, "calculatedNetInterest": 16848709, "calculatedOtherIncome": -109750406, "calculatedIncomeNonControlling": 16587288, "calculatedEbitda": 112135738}, {"date": "1999-12-31", "symbol": "NLY", "reportedCurrency": "USD", "cik": "0001043219", "fillingDate": "2000-03-30", "acceptedDate": "2000-03-30 00:00:00", "calendarYear": "1999", "period": "FY", "revenue": 20420570, "costOfRevenue": 0, "grossProfit": 20420570, "grossProfitRatio": 1, "researchAndDevelopmentExpenses": 0, "generalAndAdministrativeExpenses": 2281290, "sellingAndMarketingExpenses": 0, "sellingGeneralAndAdministrativeExpenses": 2281290, "otherExpenses": 0, "operatingExpenses": 2281290, "costAndExpenses": 2281290, "interestIncome": 89811994, "interestExpense": 69846206, "depreciationAndAmortization": 6125909, "ebitda": 94111395, "ebitdaratio": 4.6086566144, "operatingIncome": 87985486, "operatingIncomeRatio": 4.3086694446, "totalOtherIncomeExpensesNet": -69846206, "incomeBeforeTax": 18139280, "incomeBeforeTaxRatio": 0.8882847051, "incomeTaxExpense": -18139280, "netIncome": 18139280, "netIncomeRatio": 0.8882847051, "eps": 5.64, "epsdiluted": 5.4, "weightedAverageShsOut": 3222377, "weightedAverageShsOutDil": 3363501, "link": "https://www.sec.gov/Archives/edgar/data/1043219/000089155400000848/0000891554-00-000848-index.html", "finalLink": "https://www.sec.gov/Archives/edgar/data/1043219/000089155400000848/", "calculatedOtherExpenses": -69846206, "calculatedOperatingExpenses": -67564916, "calculatedNetInterest": 19965788, "calculatedOtherIncome": -89811994, "calculatedIncomeNonControlling": 18139280, "calculatedEbitda": 94111395}, {"date": "1998-12-31", "symbol": "NLY", "reportedCurrency": "USD", "cik": "0001043219", "fillingDate": "1999-03-31", "acceptedDate": "1999-03-31 00:00:00", "calendarYear": "1998", "period": "FY", "revenue": 17500000, "costOfRevenue": 0, "grossProfit": 17500000, "grossProfitRatio": 1, "researchAndDevelopmentExpenses": 0, "generalAndAdministrativeExpenses": 2100000, "sellingAndMarketingExpenses": 0, "sellingGeneralAndAdministrativeExpenses": 2100000, "otherExpenses": 0, "operatingExpenses": 2100000, "costAndExpenses": 2100000, "interestIncome": 90000000, "interestExpense": 75800000, "depreciationAndAmortization": 8200000, "ebitda": 99500000, "ebitdaratio": 5.6857142857, "operatingIncome": 91300000, "operatingIncomeRatio": 5.2171428571, "totalOtherIncomeExpensesNet": -75800000, "incomeBeforeTax": 15500000, "incomeBeforeTaxRatio": 0.8857142857, "incomeTaxExpense": -15500000, "netIncome": 15500000, "netIncomeRatio": 0.8857142857, "eps": 4.88, "epsdiluted": 4.76, "weightedAverageShsOut": 3177279, "weightedAverageShsOutDil": 3255162, "link": "https://www.sec.gov/Archives/edgar/data/1043219/000094018099000351/0000940180-99-000351-index.html", "finalLink": "https://www.sec.gov/Archives/edgar/data/1043219/", "calculatedOtherExpenses": -75900000, "calculatedOperatingExpenses": -73800000, "calculatedNetInterest": 14200000, "calculatedOtherIncome": -90000000, "calculatedIncomeNonControlling": 15500000, "calculatedEbitda": 99500000}, {"date": "1997-12-31", "symbol": "NLY", "reportedCurrency": "USD", "cik": "0001043219", "fillingDate": "1998-03-27", "acceptedDate": "1998-03-27 00:00:00", "calendarYear": "1997", "period": "FY", "revenue": 5700000, "costOfRevenue": 0, "grossProfit": 5700000, "grossProfitRatio": 1, "researchAndDevelopmentExpenses": 0, "generalAndAdministrativeExpenses": 900000, "sellingAndMarketingExpenses": 0, "sellingGeneralAndAdministrativeExpenses": 900000, "otherExpenses": 0, "operatingExpenses": 900000, "costAndExpenses": 900000, "interestIncome": 24700000, "interestExpense": 19700000, "depreciationAndAmortization": 2600000, "ebitda": 27200000, "ebitdaratio": 4.7719298246, "operatingIncome": 24600000, "operatingIncomeRatio": 4.3157894737, "totalOtherIncomeExpensesNet": -19700000, "incomeBeforeTax": 4900000, "incomeBeforeTaxRatio": 0.8596491228, "incomeTaxExpense": -4900000, "netIncome": 4900000, "netIncomeRatio": 0.8596491228, "eps": 3.32, "epsdiluted": 3.12, "weightedAverageShsOut": 3178500, "weightedAverageShsOutDil": 3178500, "link": "https://www.sec.gov/Archives/edgar/data/1043219/000094018098000334/0000940180-98-000334-index.html", "finalLink": "https://www.sec.gov/Archives/edgar/data/1043219/", "calculatedOtherExpenses": -19800000, "calculatedOperatingExpenses": -18900000, "calculatedNetInterest": 5000000, "calculatedOtherIncome": -24700000, "calculatedIncomeNonControlling": 4900000, "calculatedEbitda": 27200000}]}