{"originalCurrency": "USD", "convertedCurrency": "USD", "report": [{"date": "2023-12-31", "symbol": "NMIH", "reportedCurrency": "USD", "cik": "0001547903", "fillingDate": "2023-12-31", "acceptedDate": "2023-12-30 19:00:00", "calendarYear": "2023", "period": "FY", "revenue": 579003000, "costOfRevenue": 0, "grossProfit": 579003000, "grossProfitRatio": 1, "researchAndDevelopmentExpenses": 0, "generalAndAdministrativeExpenses": 0, "sellingAndMarketingExpenses": 0, "sellingGeneralAndAdministrativeExpenses": 2000000, "otherExpenses": -111470000, "operatingExpenses": 111470000, "costAndExpenses": -134088000, "interestIncome": 0, "interestExpense": 32212000, "depreciationAndAmortization": 11541000, "ebitda": 11541000, "ebitdaratio": 0.0199325392, "operatingIncome": 444915000, "operatingIncomeRatio": 0.7684157077, "totalOtherIncomeExpensesNet": 412703000, "incomeBeforeTax": 412703000, "incomeBeforeTaxRatio": 0.7127821445, "incomeTaxExpense": 90593000, "netIncome": 322110000, "netIncomeRatio": 0.556318361, "eps": 3.91, "epsdiluted": 3.84, "weightedAverageShsOut": 82407000, "weightedAverageShsOutDil": 83854000, "link": null, "finalLink": null, "calculatedOtherExpenses": 132088000, "calculatedOperatingExpenses": 134088000, "calculatedNetInterest": -32212000, "calculatedOtherIncome": 0, "calculatedIncomeNonControlling": 0, "calculatedEbitda": 456456000}, {"date": "2022-12-31", "symbol": "NMIH", "reportedCurrency": "USD", "cik": "0001547903", "fillingDate": "2023-02-15", "acceptedDate": "2023-02-14 17:54:08", "calendarYear": "2022", "period": "FY", "revenue": 524458000, "costOfRevenue": 0, "grossProfit": 524458000, "grossProfitRatio": 1, "researchAndDevelopmentExpenses": 0, "generalAndAdministrativeExpenses": 0, "sellingAndMarketingExpenses": 0, "sellingGeneralAndAdministrativeExpenses": 2000000, "otherExpenses": 117490000, "operatingExpenses": 117490000, "costAndExpenses": 147153000, "interestIncome": 32162999, "interestExpense": 32163000, "depreciationAndAmortization": 11870000, "ebitda": 410257000, "ebitdaratio": 0.7822494842, "operatingIncome": 398387000, "operatingIncomeRatio": 0.7596165947, "totalOtherIncomeExpensesNet": -21082000, "incomeBeforeTax": 377305000, "incomeBeforeTaxRatio": 0.7194189049, "incomeTaxExpense": 84403000, "netIncome": 292902000, "netIncomeRatio": 0.5584851409, "eps": 3.45, "epsdiluted": 3.39, "weightedAverageShsOut": 84921000, "weightedAverageShsOutDil": 85999000, "link": "https://www.sec.gov/Archives/edgar/data/1547903/000154790323000036/0001547903-23-000036-index.htm", "finalLink": "https://www.sec.gov/Archives/edgar/data/1547903/000154790323000036/nmih-20221231.htm", "calculatedOtherExpenses": 124071000, "calculatedOperatingExpenses": 126071000, "calculatedNetInterest": -1, "calculatedOtherIncome": -21081999, "calculatedIncomeNonControlling": 0, "calculatedEbitda": 410257000}, {"date": "2021-12-31", "symbol": "NMIH", "reportedCurrency": "USD", "cik": "0001547903", "fillingDate": "2022-02-16", "acceptedDate": "2022-02-15 21:45:31", "calendarYear": "2021", "period": "FY", "revenue": 485638000, "costOfRevenue": 0, "grossProfit": 485638000, "grossProfitRatio": 1, "researchAndDevelopmentExpenses": 0, "generalAndAdministrativeExpenses": 0, "sellingAndMarketingExpenses": 0, "sellingGeneralAndAdministrativeExpenses": 2300000, "otherExpenses": -190890000, "operatingExpenses": -190890000, "costAndExpenses": 188913000, "interestIncome": 31796000, "interestExpense": 31796000, "depreciationAndAmortization": 11232000, "ebitda": 305980000, "ebitdaratio": 0.6300577797, "operatingIncome": 294748000, "operatingIncomeRatio": 0.6069294413, "totalOtherIncomeExpensesNet": 1977000, "incomeBeforeTax": 296725000, "incomeBeforeTaxRatio": 0.6110003748, "incomeTaxExpense": 65595000, "netIncome": 231130000, "netIncomeRatio": 0.4759306315, "eps": 2.7, "epsdiluted": 2.65, "weightedAverageShsOut": 85620000, "weightedAverageShsOutDil": 86885000, "link": "https://www.sec.gov/Archives/edgar/data/1547903/000154790322000060/0001547903-22-000060-index.htm", "finalLink": "https://www.sec.gov/Archives/edgar/data/1547903/000154790322000060/nmih-20211231.htm", "calculatedOtherExpenses": 188590000, "calculatedOperatingExpenses": 190890000, "calculatedNetInterest": 0, "calculatedOtherIncome": 1977000, "calculatedIncomeNonControlling": 0, "calculatedEbitda": 305980000}, {"date": "2020-12-31", "symbol": "NMIH", "reportedCurrency": "USD", "cik": "0001547903", "fillingDate": "2021-02-24", "acceptedDate": "2021-02-24 16:14:58", "calendarYear": "2020", "period": "FY", "revenue": 436190000, "costOfRevenue": 0, "grossProfit": 436190000, "grossProfitRatio": 1, "researchAndDevelopmentExpenses": 0, "generalAndAdministrativeExpenses": 0, "sellingAndMarketingExpenses": 0, "sellingGeneralAndAdministrativeExpenses": 2300000, "otherExpenses": -221368000, "operatingExpenses": -221368000, "costAndExpenses": 218084000, "interestIncome": 24387000, "interestExpense": 24387000, "depreciationAndAmortization": 9930000, "ebitda": 224752000, "ebitdaratio": 0.5152616979, "operatingIncome": 214822000, "operatingIncomeRatio": 0.4924963892, "totalOtherIncomeExpensesNet": 3284000, "incomeBeforeTax": 218106000, "incomeBeforeTaxRatio": 0.5000252184, "incomeTaxExpense": 46540000, "netIncome": 171566000, "netIncomeRatio": 0.3933285953, "eps": 2.2, "epsdiluted": 2.13, "weightedAverageShsOut": 78023000, "weightedAverageShsOutDil": 79263000, "link": "https://www.sec.gov/Archives/edgar/data/1547903/000154790321000055/0001547903-21-000055-index.htm", "finalLink": "https://www.sec.gov/Archives/edgar/data/1547903/000154790321000055/nmih-20201231.htm", "calculatedOtherExpenses": 219068000, "calculatedOperatingExpenses": 221368000, "calculatedNetInterest": 0, "calculatedOtherIncome": 3284000, "calculatedIncomeNonControlling": 0, "calculatedEbitda": 224752000}, {"date": "2019-12-31", "symbol": "NMIH", "reportedCurrency": "USD", "cik": "0001547903", "fillingDate": "2020-02-14", "acceptedDate": "2020-02-13 18:35:49", "calendarYear": "2019", "period": "FY", "revenue": 370114000, "costOfRevenue": 0, "grossProfit": 370114000, "grossProfitRatio": 1, "researchAndDevelopmentExpenses": 0, "generalAndAdministrativeExpenses": 2248000, "sellingAndMarketingExpenses": 0, "sellingGeneralAndAdministrativeExpenses": 2248000, "otherExpenses": -158564000, "operatingExpenses": -156316000, "costAndExpenses": 153461000, "interestIncome": 12085000, "interestExpense": 12085000, "depreciationAndAmortization": 9299000, "ebitda": 223097000, "ebitdaratio": 0.6027791437, "operatingIncome": 213798000, "operatingIncomeRatio": 0.5776544524, "totalOtherIncomeExpensesNet": 2855000, "incomeBeforeTax": 216653000, "incomeBeforeTaxRatio": 0.5853682919, "incomeTaxExpense": 44696000, "netIncome": 171957000, "netIncomeRatio": 0.4646054999, "eps": 2.54, "epsdiluted": 2.47, "weightedAverageShsOut": 67573000, "weightedAverageShsOutDil": 69721000, "link": "https://www.sec.gov/Archives/edgar/data/1547903/000154790320000018/0001547903-20-000018-index.htm", "finalLink": "https://www.sec.gov/Archives/edgar/data/1547903/000154790320000018/nmih201910k.htm", "calculatedOtherExpenses": 154068000, "calculatedOperatingExpenses": 156316000, "calculatedNetInterest": 0, "calculatedOtherIncome": 2855000, "calculatedIncomeNonControlling": 0, "calculatedEbitda": 223097000}, {"date": "2018-12-31", "symbol": "NMIH", "reportedCurrency": "USD", "cik": "0001547903", "fillingDate": "2019-02-14", "acceptedDate": "2019-02-14 16:15:57", "calendarYear": "2018", "period": "FY", "revenue": 273628000, "costOfRevenue": 0, "grossProfit": 273628000, "grossProfitRatio": 1, "researchAndDevelopmentExpenses": 0, "generalAndAdministrativeExpenses": 0, "sellingAndMarketingExpenses": 0, "sellingGeneralAndAdministrativeExpenses": 0, "otherExpenses": 117236000, "operatingExpenses": 137667000, "costAndExpenses": 137667000, "interestIncome": 0, "interestExpense": 14979000, "depreciationAndAmortization": 7811000, "ebitda": 158751000, "ebitdaratio": 0.5801708889, "operatingIncome": 150940000, "operatingIncomeRatio": 0.5516248337, "totalOtherIncomeExpensesNet": 233000, "incomeBeforeTax": 135961000, "incomeBeforeTaxRatio": 0.496882629, "incomeTaxExpense": 28034000, "netIncome": 107927000, "netIncomeRatio": 0.3944296636, "eps": 1.66, "epsdiluted": 1.6, "weightedAverageShsOut": 65019000, "weightedAverageShsOutDil": 67652000, "link": "https://www.sec.gov/Archives/edgar/data/1547903/000154790319000017/0001547903-19-000017-index.htm", "finalLink": "https://www.sec.gov/Archives/edgar/data/1547903/000154790319000017/nmih201810kq4.htm", "calculatedOtherExpenses": 122688000, "calculatedOperatingExpenses": 122688000, "calculatedNetInterest": -14979000, "calculatedOtherIncome": 0, "calculatedIncomeNonControlling": 0, "calculatedEbitda": 158751000}, {"date": "2017-12-31", "symbol": "NMIH", "reportedCurrency": "USD", "cik": "0001547903", "fillingDate": "2018-02-16", "acceptedDate": "2018-02-16 16:02:35", "calendarYear": "2017", "period": "FY", "revenue": 178638000, "costOfRevenue": 0, "grossProfit": 178638000, "grossProfitRatio": 1, "researchAndDevelopmentExpenses": 0, "generalAndAdministrativeExpenses": 0, "sellingAndMarketingExpenses": 0, "sellingGeneralAndAdministrativeExpenses": 0, "otherExpenses": 106979000, "operatingExpenses": 125846000, "costAndExpenses": 125846000, "interestIncome": 0, "interestExpense": 13528000, "depreciationAndAmortization": 6663000, "ebitda": 72983000, "ebitdaratio": 0.4085524916, "operatingIncome": 66320000, "operatingIncomeRatio": 0.3712535967, "totalOtherIncomeExpensesNet": 522000, "incomeBeforeTax": 52792000, "incomeBeforeTaxRatio": 0.2955250283, "incomeTaxExpense": 30742000, "netIncome": 22050000, "netIncomeRatio": 0.1234339838, "eps": 0.37, "epsdiluted": 0.35, "weightedAverageShsOut": 59816000, "weightedAverageShsOutDil": 62186000, "link": "https://www.sec.gov/Archives/edgar/data/1547903/000154790318000038/0001547903-18-000038-index.htm", "finalLink": "https://www.sec.gov/Archives/edgar/data/1547903/000154790318000038/nmih201710k.htm", "calculatedOtherExpenses": 112318000, "calculatedOperatingExpenses": 112318000, "calculatedNetInterest": -13528000, "calculatedOtherIncome": 0, "calculatedIncomeNonControlling": 0, "calculatedEbitda": 72983000}, {"date": "2016-12-31", "symbol": "NMIH", "reportedCurrency": "USD", "cik": "0001547903", "fillingDate": "2017-02-17", "acceptedDate": "2017-02-17 16:04:30", "calendarYear": "2016", "period": "FY", "revenue": 121915000, "costOfRevenue": 0, "grossProfit": 121915000, "grossProfitRatio": 1, "researchAndDevelopmentExpenses": 0, "generalAndAdministrativeExpenses": 0, "sellingAndMarketingExpenses": 0, "sellingGeneralAndAdministrativeExpenses": 0, "otherExpenses": 93223000, "operatingExpenses": 110463000, "costAndExpenses": 110463000, "interestIncome": 0, "interestExpense": 14848000, "depreciationAndAmortization": 5660000, "ebitda": 31960000, "ebitdaratio": 0.2621498585, "operatingIncome": 26300000, "operatingIncomeRatio": 0.21572407, "totalOtherIncomeExpensesNet": 276000, "incomeBeforeTax": 11452000, "incomeBeforeTaxRatio": 0.0939342985, "incomeTaxExpense": -54389000, "netIncome": 65841000, "netIncomeRatio": 0.5400565968, "eps": 1.11, "epsdiluted": 1.08, "weightedAverageShsOut": 59070948, "weightedAverageShsOutDil": 60829372, "link": "https://www.sec.gov/Archives/edgar/data/1547903/000154790317000032/0001547903-17-000032-index.htm", "finalLink": "https://www.sec.gov/Archives/edgar/data/1547903/000154790317000032/nmih201610k.htm", "calculatedOtherExpenses": 95615000, "calculatedOperatingExpenses": 95615000, "calculatedNetInterest": -14848000, "calculatedOtherIncome": 0, "calculatedIncomeNonControlling": 0, "calculatedEbitda": 31960000}, {"date": "2015-12-31", "symbol": "NMIH", "reportedCurrency": "USD", "cik": "0001547903", "fillingDate": "2016-02-19", "acceptedDate": "2016-02-18 18:15:55", "calendarYear": "2015", "period": "FY", "revenue": 55513000, "costOfRevenue": 0, "grossProfit": 55513000, "grossProfitRatio": 1, "researchAndDevelopmentExpenses": 0, "generalAndAdministrativeExpenses": 0, "sellingAndMarketingExpenses": 0, "sellingGeneralAndAdministrativeExpenses": 0, "otherExpenses": 80599000, "operatingExpenses": 83306000, "costAndExpenses": 83306000, "interestIncome": 0, "interestExpense": 2057000, "depreciationAndAmortization": 4861000, "ebitda": -20875000, "ebitdaratio": -0.3760380451, "operatingIncome": -25736000, "operatingIncomeRatio": -0.46360312, "totalOtherIncomeExpensesNet": 25000, "incomeBeforeTax": -27793000, "incomeBeforeTaxRatio": -0.5006575036, "incomeTaxExpense": 2082000, "netIncome": -27793000, "netIncomeRatio": -0.5006575036, "eps": -0.47, "epsdiluted": -0.47, "weightedAverageShsOut": 58683000, "weightedAverageShsOutDil": 58683000, "link": "https://www.sec.gov/Archives/edgar/data/1547903/000154790316000203/0001547903-16-000203-index.htm", "finalLink": "https://www.sec.gov/Archives/edgar/data/1547903/000154790316000203/nmih201510k.htm", "calculatedOtherExpenses": 81249000, "calculatedOperatingExpenses": 81249000, "calculatedNetInterest": -2057000, "calculatedOtherIncome": 0, "calculatedIncomeNonControlling": -2082000, "calculatedEbitda": -20875000}, {"date": "2014-12-31", "symbol": "NMIH", "reportedCurrency": "USD", "cik": "0001547903", "fillingDate": "2015-02-20", "acceptedDate": "2015-02-19 17:57:39", "calendarYear": "2014", "period": "FY", "revenue": 22208000, "costOfRevenue": 0, "grossProfit": 22208000, "grossProfitRatio": 1, "researchAndDevelopmentExpenses": 0, "generalAndAdministrativeExpenses": 0, "sellingAndMarketingExpenses": 0, "sellingGeneralAndAdministrativeExpenses": 0, "otherExpenses": 73044000, "operatingExpenses": 73500000, "costAndExpenses": 73500000, "interestIncome": 0, "interestExpense": 0, "depreciationAndAmortization": 8080000, "ebitda": -43212000, "ebitdaratio": -1.9457853026, "operatingIncome": -51292000, "operatingIncomeRatio": -2.3096181556, "totalOtherIncomeExpensesNet": 0, "incomeBeforeTax": -51292000, "incomeBeforeTaxRatio": -2.3096181556, "incomeTaxExpense": -2386000, "netIncome": -48906000, "netIncomeRatio": -2.2021793948, "eps": -0.84, "epsdiluted": -0.84, "weightedAverageShsOut": 58221428, "weightedAverageShsOutDil": 58281425, "link": "https://www.sec.gov/Archives/edgar/data/1547903/000154790315000032/0001547903-15-000032-index.htm", "finalLink": "https://www.sec.gov/Archives/edgar/data/1547903/000154790315000032/nmih201410k.htm", "calculatedOtherExpenses": 73500000, "calculatedOperatingExpenses": 73500000, "calculatedNetInterest": 0, "calculatedOtherIncome": 0, "calculatedIncomeNonControlling": 0, "calculatedEbitda": -43212000}, {"date": "2013-12-31", "symbol": "NMIH", "reportedCurrency": "USD", "cik": "0001547903", "fillingDate": "2014-03-12", "acceptedDate": "2014-03-12 16:07:56", "calendarYear": "2013", "period": "FY", "revenue": 5560000, "costOfRevenue": 60743000, "grossProfit": -55183000, "grossProfitRatio": -9.925, "researchAndDevelopmentExpenses": 0, "generalAndAdministrativeExpenses": 0, "sellingAndMarketingExpenses": 0, "sellingGeneralAndAdministrativeExpenses": 0, "otherExpenses": 0, "operatingExpenses": 60744000, "costAndExpenses": 60744000, "interestIncome": 0, "interestExpense": 0, "depreciationAndAmortization": 8116000, "ebitda": -47068000, "ebitdaratio": -8.4654676259, "operatingIncome": -55184000, "operatingIncomeRatio": -9.9251798561, "totalOtherIncomeExpensesNet": 0, "incomeBeforeTax": -55184000, "incomeBeforeTaxRatio": -9.9251798561, "incomeTaxExpense": 0, "netIncome": -55184000, "netIncomeRatio": -9.9251798561, "eps": -0.99, "epsdiluted": -0.99, "weightedAverageShsOut": 56005326, "weightedAverageShsOutDil": 56005326, "link": "https://www.sec.gov/Archives/edgar/data/1547903/000154790314000029/0001547903-14-000029-index.htm", "finalLink": "https://www.sec.gov/Archives/edgar/data/1547903/000154790314000029/nmih201310k.htm", "calculatedOtherExpenses": 1000, "calculatedOperatingExpenses": 1000, "calculatedNetInterest": 0, "calculatedOtherIncome": 0, "calculatedIncomeNonControlling": 0, "calculatedEbitda": -47068000}, {"date": "2012-12-31", "symbol": "NMIH", "reportedCurrency": "USD", "cik": "0001547903", "fillingDate": "2012-12-31", "acceptedDate": "2012-12-31 00:00:00", "calendarYear": "2012", "period": "FY", "revenue": 283629, "costOfRevenue": 0, "grossProfit": 283629, "grossProfitRatio": 1, "researchAndDevelopmentExpenses": 0, "generalAndAdministrativeExpenses": 22887476, "sellingAndMarketingExpenses": 0, "sellingGeneralAndAdministrativeExpenses": 22887476, "otherExpenses": 0, "operatingExpenses": 22887476, "costAndExpenses": 27775342, "interestIncome": 0, "interestExpense": 1628635, "depreciationAndAmortization": 2917, "ebitda": -25860161, "ebitdaratio": -91.1760116208, "operatingIncome": -25863078, "operatingIncomeRatio": -91.1862961827, "totalOtherIncomeExpensesNet": -1628635, "incomeBeforeTax": -27491713, "incomeBeforeTaxRatio": -96.9284276291, "incomeTaxExpense": 0, "netIncome": -27491713, "netIncomeRatio": -96.9284276291, "eps": -0.73, "epsdiluted": -0.73, "weightedAverageShsOut": 37909936, "weightedAverageShsOutDil": 37909936, "link": null, "finalLink": null, "calculatedOtherExpenses": 3259231, "calculatedOperatingExpenses": 26146707, "calculatedNetInterest": -1628635, "calculatedOtherIncome": 0, "calculatedIncomeNonControlling": 0, "calculatedEbitda": -25860161}]}