{"originalCurrency": "USD", "convertedCurrency": "USD", "report": [{"date": "2023-12-31", "symbol": "NNI", "reportedCurrency": "USD", "cik": "0001258602", "fillingDate": "2024-02-27", "acceptedDate": "2024-02-27 16:32:38", "calendarYear": "2023", "period": "FY", "revenue": 2131083999, "costOfRevenue": 298877000, "grossProfit": 1832206999, "grossProfitRatio": 0.8597535338, "researchAndDevelopmentExpenses": 0, "generalAndAdministrativeExpenses": 591537000, "sellingAndMarketingExpenses": 0, "sellingGeneralAndAdministrativeExpenses": 591537000, "otherExpenses": -823161000, "operatingExpenses": 823161000, "costAndExpenses": 1187488000, "interestIncome": 1109800000, "interestExpense": 845091000, "depreciationAndAmortization": 79118000, "ebitda": 1088164000, "ebitdaratio": 0.5106152552, "operatingIncome": 1009046000, "operatingIncomeRatio": 0.4734895483, "totalOtherIncomeExpensesNet": -934858000, "incomeBeforeTax": 74188000, "incomeBeforeTaxRatio": 0.0348123303, "incomeTaxExpense": 19753000, "netIncome": 91532000, "netIncomeRatio": 0.0429509114, "eps": 2.39, "epsdiluted": 2.39, "weightedAverageShsOut": 37416621, "weightedAverageShsOutDil": 37416621, "link": "https://www.sec.gov/Archives/edgar/data/1258602/000125860224000024/0001258602-24-000024-index.htm", "finalLink": "https://www.sec.gov/Archives/edgar/data/1258602/000125860224000024/nni-20231231.htm", "calculatedOtherExpenses": 231623999, "calculatedOperatingExpenses": 823160999, "calculatedNetInterest": 264709000, "calculatedOtherIncome": -1199567000, "calculatedIncomeNonControlling": -37097000, "calculatedEbitda": 1088164000}, {"date": "2022-12-31", "symbol": "NNI", "reportedCurrency": "USD", "cik": "0001258602", "fillingDate": "2023-02-28", "acceptedDate": "2023-02-28 16:21:10", "calendarYear": "2022", "period": "FY", "revenue": 1405863000, "costOfRevenue": 589579000, "grossProfit": 816284000, "grossProfitRatio": 0.5806284112, "researchAndDevelopmentExpenses": 3700000, "generalAndAdministrativeExpenses": 589579000, "sellingAndMarketingExpenses": 0, "sellingGeneralAndAdministrativeExpenses": 589579000, "otherExpenses": 834434000, "operatingExpenses": 834434000, "costAndExpenses": 834434000, "interestIncome": 742806000, "interestExpense": 430137000, "depreciationAndAmortization": 74077000, "ebitda": 1024785000, "ebitdaratio": 0.7289366034, "operatingIncome": 950708000, "operatingIncomeRatio": 0.6762451249, "totalOtherIncomeExpensesNet": -441243000, "incomeBeforeTax": 509465000, "incomeBeforeTaxRatio": 0.3623859508, "incomeTaxExpense": 113224000, "netIncome": 407347000, "netIncomeRatio": 0.2897487166, "eps": 10.63, "epsdiluted": 10.63, "weightedAverageShsOut": 37603033, "weightedAverageShsOutDil": 37603033, "link": "https://www.sec.gov/Archives/edgar/data/1258602/000125860223000026/0001258602-23-000026-index.htm", "finalLink": "https://www.sec.gov/Archives/edgar/data/1258602/000125860223000026/nni-20221231.htm", "calculatedOtherExpenses": -727703000, "calculatedOperatingExpenses": -134424000, "calculatedNetInterest": 312669000, "calculatedOtherIncome": -753912000, "calculatedIncomeNonControlling": -11106000, "calculatedEbitda": 1024785000}, {"date": "2021-12-31", "symbol": "NNI", "reportedCurrency": "USD", "cik": "0001258602", "fillingDate": "2022-02-28", "acceptedDate": "2022-02-28 16:22:16", "calendarYear": "2021", "period": "FY", "revenue": 1232381000, "costOfRevenue": 507132000, "grossProfit": 725249000, "grossProfitRatio": 0.5884941426, "researchAndDevelopmentExpenses": 0, "generalAndAdministrativeExpenses": 507132000, "sellingAndMarketingExpenses": 0, "sellingGeneralAndAdministrativeExpenses": 507132000, "otherExpenses": -1230405000, "operatingExpenses": -723273000, "costAndExpenses": -723273000, "interestIncome": 523835000, "interestExpense": 176233000, "depreciationAndAmortization": 73741000, "ebitda": 582849000, "ebitdaratio": 0.4729454609, "operatingIncome": 509108000, "operatingIncomeRatio": 0.4131092576, "totalOtherIncomeExpensesNet": -7003000, "incomeBeforeTax": 502105000, "incomeBeforeTaxRatio": 0.4074267617, "incomeTaxExpense": 115822000, "netIncome": 393286000, "netIncomeRatio": 0.3191269583, "eps": 10.2, "epsdiluted": 10.2, "weightedAverageShsOut": 37943032, "weightedAverageShsOutDil": 37943032, "link": "https://www.sec.gov/Archives/edgar/data/1258602/000125860222000024/0001258602-22-000024-index.htm", "finalLink": "https://www.sec.gov/Archives/edgar/data/1258602/000125860222000024/nni-20211231.htm", "calculatedOtherExpenses": -290991000, "calculatedOperatingExpenses": 216141000, "calculatedNetInterest": 347602000, "calculatedOtherIncome": -354605000, "calculatedIncomeNonControlling": -7003000, "calculatedEbitda": 582849000}, {"date": "2020-12-31", "symbol": "NNI", "reportedCurrency": "USD", "cik": "0001258602", "fillingDate": "2021-02-25", "acceptedDate": "2021-02-25 16:59:31", "calendarYear": "2020", "period": "FY", "revenue": 1061086000, "costOfRevenue": 501832000, "grossProfit": 559254000, "grossProfitRatio": 0.5270581272, "researchAndDevelopmentExpenses": 0, "generalAndAdministrativeExpenses": 501832000, "sellingAndMarketingExpenses": 0, "sellingGeneralAndAdministrativeExpenses": 501832000, "otherExpenses": -1109615000, "operatingExpenses": -607783000, "costAndExpenses": -607783000, "interestIncome": 619656000, "interestExpense": 330071000, "depreciationAndAmortization": 118699000, "ebitda": 572002000, "ebitdaratio": 0.5390722335, "operatingIncome": 453303000, "operatingIncomeRatio": 0.4272066543, "totalOtherIncomeExpensesNet": -2817000, "incomeBeforeTax": 450486000, "incomeBeforeTaxRatio": 0.4245518271, "incomeTaxExpense": 100860000, "netIncome": 352443000, "netIncomeRatio": 0.332153096, "eps": 9.02, "epsdiluted": 9.02, "weightedAverageShsOut": 38506351, "weightedAverageShsOutDil": 38506351, "link": "https://www.sec.gov/Archives/edgar/data/1258602/000125860221000027/0001258602-21-000027-index.htm", "finalLink": "https://www.sec.gov/Archives/edgar/data/1258602/000125860221000027/nni-20201231.htm", "calculatedOtherExpenses": -395881000, "calculatedOperatingExpenses": 105951000, "calculatedNetInterest": 289585000, "calculatedOtherIncome": -292402000, "calculatedIncomeNonControlling": -2817000, "calculatedEbitda": 572002000}, {"date": "2019-12-31", "symbol": "NNI", "reportedCurrency": "USD", "cik": "0001258602", "fillingDate": "2020-02-27", "acceptedDate": "2020-02-27 16:41:07", "calendarYear": "2019", "period": "FY", "revenue": 978569000, "costOfRevenue": 463503000, "grossProfit": 515066000, "grossProfitRatio": 0.5263461238, "researchAndDevelopmentExpenses": 0, "generalAndAdministrativeExpenses": 463503000, "sellingAndMarketingExpenses": 0, "sellingGeneralAndAdministrativeExpenses": 463503000, "otherExpenses": -1264818000, "operatingExpenses": -801315000, "costAndExpenses": -801315000, "interestIncome": 948677000, "interestExpense": 699327000, "depreciationAndAmortization": 105049000, "ebitda": 282303000, "ebitdaratio": 0.2884855335, "operatingIncome": 177254000, "operatingIncomeRatio": 0.181135924, "totalOtherIncomeExpensesNet": -509000, "incomeBeforeTax": 176745000, "incomeBeforeTaxRatio": 0.1806157767, "incomeTaxExpense": 35451000, "netIncome": 141803000, "netIncomeRatio": 0.1449085348, "eps": 3.54, "epsdiluted": 3.54, "weightedAverageShsOut": 39523082, "weightedAverageShsOutDil": 39523082, "link": "https://www.sec.gov/Archives/edgar/data/1258602/000125860220000019/0001258602-20-000019-index.htm", "finalLink": "https://www.sec.gov/Archives/edgar/data/1258602/000125860220000019/nni-20191231.htm", "calculatedOtherExpenses": -125691000, "calculatedOperatingExpenses": 337812000, "calculatedNetInterest": 249350000, "calculatedOtherIncome": -249859000, "calculatedIncomeNonControlling": -509000, "calculatedEbitda": 282303000}, {"date": "2018-12-31", "symbol": "NNI", "reportedCurrency": "USD", "cik": "0001258602", "fillingDate": "2019-02-27", "acceptedDate": "2019-02-27 17:14:28", "calendarYear": "2018", "period": "FY", "revenue": 998341000, "costOfRevenue": 436179000, "grossProfit": 562162000, "grossProfitRatio": 0.5630961766, "researchAndDevelopmentExpenses": 3900000, "generalAndAdministrativeExpenses": 436179000, "sellingAndMarketingExpenses": 0, "sellingGeneralAndAdministrativeExpenses": 436179000, "otherExpenses": 1022821000, "operatingExpenses": 1459000000, "costAndExpenses": 1459000000, "interestIncome": 924266000, "interestExpense": 669906000, "depreciationAndAmortization": 86896000, "ebitda": 1141271000, "ebitdaratio": 1.1431675149, "operatingIncome": 956589000, "operatingIncomeRatio": 0.9581786183, "totalOtherIncomeExpensesNet": -670295000, "incomeBeforeTax": 286294000, "incomeBeforeTaxRatio": 0.286769751, "incomeTaxExpense": 58770000, "netIncome": 227913000, "netIncomeRatio": 0.228291736, "eps": 5.64, "epsdiluted": 5.57, "weightedAverageShsOut": 40416719, "weightedAverageShsOutDil": 40909022, "link": "https://www.sec.gov/Archives/edgar/data/1258602/000125860219000022/0001258602-19-000022-index.htm", "finalLink": "https://www.sec.gov/Archives/edgar/data/1258602/000125860219000022/wfx-20181231.htm", "calculatedOtherExpenses": -834506000, "calculatedOperatingExpenses": -394427000, "calculatedNetInterest": 254360000, "calculatedOtherIncome": -924655000, "calculatedIncomeNonControlling": -389000, "calculatedEbitda": 1043485000}, {"date": "2017-12-31", "symbol": "NNI", "reportedCurrency": "USD", "cik": "0001258602", "fillingDate": "2018-02-27", "acceptedDate": "2018-02-27 16:34:30", "calendarYear": "2017", "period": "FY", "revenue": 691607000, "costOfRevenue": 301885000, "grossProfit": 389722000, "grossProfitRatio": 0.5635021045, "researchAndDevelopmentExpenses": 0, "generalAndAdministrativeExpenses": 301885000, "sellingAndMarketingExpenses": 0, "sellingGeneralAndAdministrativeExpenses": 301885000, "otherExpenses": 721115000, "operatingExpenses": 1023000000, "costAndExpenses": 797614000, "interestIncome": 770426000, "interestExpense": 465188000, "depreciationAndAmortization": 39541000, "ebitda": 841040000, "ebitdaratio": 1.2160663498, "operatingIncome": -27188000, "operatingIncomeRatio": -0.039311343, "totalOtherIncomeExpensesNet": 253872000, "incomeBeforeTax": 226684000, "incomeBeforeTaxRatio": 0.3277641782, "incomeTaxExpense": 64863000, "netIncome": 173166000, "netIncomeRatio": 0.2503820812, "eps": 4.14, "epsdiluted": 4.14, "weightedAverageShsOut": 41375964, "weightedAverageShsOutDil": 41791941, "link": "https://www.sec.gov/Archives/edgar/data/1258602/000125860218000021/0001258602-18-000021-index.htm", "finalLink": "https://www.sec.gov/Archives/edgar/data/1258602/000125860218000021/nni-123117x10k.htm", "calculatedOtherExpenses": 115025000, "calculatedOperatingExpenses": 416910000, "calculatedNetInterest": 305238000, "calculatedOtherIncome": -51366000, "calculatedIncomeNonControlling": -11345000, "calculatedEbitda": 12353000}, {"date": "2016-12-31", "symbol": "NNI", "reportedCurrency": "USD", "cik": "0001258602", "fillingDate": "2017-02-27", "acceptedDate": "2017-02-27 17:04:20", "calendarYear": "2016", "period": "FY", "revenue": 803336000, "costOfRevenue": 255924000, "grossProfit": 547412000, "grossProfitRatio": 0.6814234642, "researchAndDevelopmentExpenses": 0, "generalAndAdministrativeExpenses": 255924000, "sellingAndMarketingExpenses": 0, "sellingGeneralAndAdministrativeExpenses": 255924000, "otherExpenses": 630076000, "operatingExpenses": 886000000, "costAndExpenses": 697439000, "interestIncome": 760746000, "interestExpense": 388183000, "depreciationAndAmortization": 33933000, "ebitda": 908794000, "ebitdaratio": 1.1312750829, "operatingIncome": 398814000, "operatingIncomeRatio": 0.4964473147, "totalOtherIncomeExpensesNet": 335507000, "incomeBeforeTax": 398814000, "incomeBeforeTaxRatio": 0.4964473147, "incomeTaxExpense": 141313000, "netIncome": 256751000, "netIncomeRatio": 0.319605993, "eps": 6.02, "epsdiluted": 6.02, "weightedAverageShsOut": 42222335, "weightedAverageShsOutDil": 42669070, "link": "https://www.sec.gov/Archives/edgar/data/1258602/000125860217000020/0001258602-17-000020-index.htm", "finalLink": "https://www.sec.gov/Archives/edgar/data/1258602/000125860217000020/nni-123116x10k.htm", "calculatedOtherExpenses": -107326000, "calculatedOperatingExpenses": 148598000, "calculatedNetInterest": 372563000, "calculatedOtherIncome": -372563000, "calculatedIncomeNonControlling": 750000, "calculatedEbitda": 432747000}, {"date": "2015-12-31", "symbol": "NNI", "reportedCurrency": "USD", "cik": "0001258602", "fillingDate": "2016-02-25", "acceptedDate": "2016-02-25 16:35:39", "calendarYear": "2015", "period": "FY", "revenue": 824263000, "costOfRevenue": 247914000, "grossProfit": 576349000, "grossProfitRatio": 0.6992294935, "researchAndDevelopmentExpenses": 0, "generalAndAdministrativeExpenses": 247914000, "sellingAndMarketingExpenses": 0, "sellingGeneralAndAdministrativeExpenses": 247914000, "otherExpenses": 534086000, "operatingExpenses": 782000000, "costAndExpenses": 717131000, "interestIncome": 734109000, "interestExpense": 302210000, "depreciationAndAmortization": 26343000, "ebitda": 846305000, "ebitdaratio": 1.0267414648, "operatingIncome": 420644000, "operatingIncomeRatio": 0.5103274076, "totalOtherIncomeExpensesNet": 403666000, "incomeBeforeTax": 420644000, "incomeBeforeTaxRatio": 0.5103274076, "incomeTaxExpense": 152380000, "netIncome": 267979000, "netIncomeRatio": 0.325113465, "eps": 5.89, "epsdiluted": 5.89, "weightedAverageShsOut": 45045199, "weightedAverageShsOutDil": 45529340, "link": "https://www.sec.gov/Archives/edgar/data/1258602/000125860216000064/0001258602-16-000064-index.htm", "finalLink": "https://www.sec.gov/Archives/edgar/data/1258602/000125860216000064/nni-123115x10k.htm", "calculatedOtherExpenses": -92209000, "calculatedOperatingExpenses": 155705000, "calculatedNetInterest": 431899000, "calculatedOtherIncome": -431899000, "calculatedIncomeNonControlling": 285000, "calculatedEbitda": 446987000}, {"date": "2014-12-31", "symbol": "NNI", "reportedCurrency": "USD", "cik": "0001258602", "fillingDate": "2015-02-27", "acceptedDate": "2015-02-26 18:38:01", "calendarYear": "2014", "period": "FY", "revenue": 878222000, "costOfRevenue": 228079000, "grossProfit": 650143000, "grossProfitRatio": 0.7402945952, "researchAndDevelopmentExpenses": 0, "generalAndAdministrativeExpenses": 228079000, "sellingAndMarketingExpenses": 0, "sellingGeneralAndAdministrativeExpenses": 228079000, "otherExpenses": 506921000, "operatingExpenses": 735000000, "costAndExpenses": 680589000, "interestIncome": 709800000, "interestExpense": 273237000, "depreciationAndAmortization": 107969000, "ebitda": 849054000, "ebitdaratio": 0.966787441, "operatingIncome": 469519000, "operatingIncomeRatio": 0.5346245027, "totalOtherIncomeExpensesNet": 440308000, "incomeBeforeTax": 469519000, "incomeBeforeTaxRatio": 0.5346245027, "incomeTaxExpense": 160238000, "netIncome": 307610000, "netIncomeRatio": 0.3502645117, "eps": 6.62, "epsdiluted": 6.62, "weightedAverageShsOut": 46469615, "weightedAverageShsOutDil": 46469615, "link": "https://www.sec.gov/Archives/edgar/data/1258602/000125860215000019/0001258602-15-000019-index.htm", "finalLink": "https://www.sec.gov/Archives/edgar/data/1258602/000125860215000019/nni-123114x10k.htm", "calculatedOtherExpenses": -47455000, "calculatedOperatingExpenses": 180624000, "calculatedNetInterest": 436563000, "calculatedOtherIncome": -436563000, "calculatedIncomeNonControlling": 1671000, "calculatedEbitda": 577488000}, {"date": "2013-12-31", "symbol": "NNI", "reportedCurrency": "USD", "cik": "0001258602", "fillingDate": "2014-02-27", "acceptedDate": "2014-02-27 17:11:10", "calendarYear": "2013", "period": "FY", "revenue": 848056000, "costOfRevenue": 196169000, "grossProfit": 651887000, "grossProfitRatio": 0.7686839077, "researchAndDevelopmentExpenses": 0, "generalAndAdministrativeExpenses": 196169000, "sellingAndMarketingExpenses": 0, "sellingGeneralAndAdministrativeExpenses": 196169000, "otherExpenses": 481831000, "operatingExpenses": 678000000, "costAndExpenses": 625152000, "interestIncome": 644810000, "interestExpense": 230935000, "depreciationAndAmortization": 79484000, "ebitda": 774284000, "ebitdaratio": 0.9130104616, "operatingIncome": 465534000, "operatingIncomeRatio": 0.5489425227, "totalOtherIncomeExpensesNet": 445876000, "incomeBeforeTax": 465534000, "incomeBeforeTaxRatio": 0.5489425227, "incomeTaxExpense": 161193000, "netIncome": 302672000, "netIncomeRatio": 0.3569009594, "eps": 6.5, "epsdiluted": 6.5, "weightedAverageShsOut": 46165788, "weightedAverageShsOutDil": 46570314, "link": "https://www.sec.gov/Archives/edgar/data/1258602/000125860214000023/0001258602-14-000023-index.htm", "finalLink": "https://www.sec.gov/Archives/edgar/data/1258602/000125860214000023/nni-123113x10k.htm", "calculatedOtherExpenses": -9816000, "calculatedOperatingExpenses": 186353000, "calculatedNetInterest": 413875000, "calculatedOtherIncome": -413875000, "calculatedIncomeNonControlling": 1669000, "calculatedEbitda": 545018000}, {"date": "2012-12-31", "symbol": "NNI", "reportedCurrency": "USD", "cik": "0001258602", "fillingDate": "2013-02-28", "acceptedDate": "2013-02-28 16:51:40", "calendarYear": "2012", "period": "FY", "revenue": 651194000, "costOfRevenue": 192826000, "grossProfit": 458368000, "grossProfitRatio": 0.7038885493, "researchAndDevelopmentExpenses": 0, "generalAndAdministrativeExpenses": 192826000, "sellingAndMarketingExpenses": 0, "sellingGeneralAndAdministrativeExpenses": 192826000, "otherExpenses": 531174000, "operatingExpenses": 724000000, "costAndExpenses": 626390000, "interestIncome": 613853000, "interestExpense": 268566000, "depreciationAndAmortization": 116781000, "ebitda": 659421000, "ebitdaratio": 1.0126337159, "operatingIncome": 200095000, "operatingIncomeRatio": 0.3072740228, "totalOtherIncomeExpensesNet": 74410000, "incomeBeforeTax": 274505000, "incomeBeforeTaxRatio": 0.4215410461, "incomeTaxExpense": 96077000, "netIncome": 177997000, "netIncomeRatio": 0.2733394349, "eps": 3.76, "epsdiluted": 3.76, "weightedAverageShsOut": 47010041, "weightedAverageShsOutDil": 47369331, "link": "https://www.sec.gov/Archives/edgar/data/1258602/000125860213000022/0001258602-13-000022-index.htm", "finalLink": "https://www.sec.gov/Archives/edgar/data/1258602/000125860213000022/nni-123112x10k.htm", "calculatedOtherExpenses": 65447000, "calculatedOperatingExpenses": 258273000, "calculatedNetInterest": 345287000, "calculatedOtherIncome": -270877000, "calculatedIncomeNonControlling": 431000, "calculatedEbitda": 316876000}, {"date": "2011-12-31", "symbol": "NNI", "reportedCurrency": "USD", "cik": "0001258602", "fillingDate": "2012-02-28", "acceptedDate": "2012-02-28 17:28:22", "calendarYear": "2011", "period": "FY", "revenue": 664147000, "costOfRevenue": 177951000, "grossProfit": 486196000, "grossProfitRatio": 0.7320608239, "researchAndDevelopmentExpenses": 0, "generalAndAdministrativeExpenses": 177951000, "sellingAndMarketingExpenses": 0, "sellingGeneralAndAdministrativeExpenses": 177951000, "otherExpenses": 479049000, "operatingExpenses": 657000000, "costAndExpenses": 585609000, "interestIncome": 592854000, "interestExpense": 228289000, "depreciationAndAmortization": 72557000, "ebitda": 622633000, "ebitdaratio": 0.9374927539, "operatingIncome": 7245000, "operatingIncomeRatio": 0.0109087295, "totalOtherIncomeExpensesNet": 314542000, "incomeBeforeTax": 321787000, "incomeBeforeTaxRatio": 0.484511712, "incomeTaxExpense": 117452000, "netIncome": 204335000, "netIncomeRatio": 0.3076653211, "eps": 4.24, "epsdiluted": 4.24, "weightedAverageShsOut": 48157403, "weightedAverageShsOutDil": 48157403, "link": "https://www.sec.gov/Archives/edgar/data/1258602/000125860212000024/0001258602-12-000024-index.htm", "finalLink": "https://www.sec.gov/Archives/edgar/data/1258602/000125860212000024/nni-123111x10k.htm", "calculatedOtherExpenses": 301000000, "calculatedOperatingExpenses": 478951000, "calculatedNetInterest": 364565000, "calculatedOtherIncome": -50023000, "calculatedIncomeNonControlling": 0, "calculatedEbitda": 79802000}, {"date": "2010-12-31", "symbol": "NNI", "reportedCurrency": "USD", "cik": "0001258602", "fillingDate": "2011-03-03", "acceptedDate": "2011-03-03 06:29:39", "calendarYear": "2010", "period": "FY", "revenue": 706872000, "costOfRevenue": 356815000, "grossProfit": 350057000, "grossProfitRatio": 0.4952197852, "researchAndDevelopmentExpenses": 0, "generalAndAdministrativeExpenses": 167080000, "sellingAndMarketingExpenses": 11130000, "sellingGeneralAndAdministrativeExpenses": 178210000, "otherExpenses": 440761000, "operatingExpenses": 726000000, "costAndExpenses": 797429000, "interestIncome": 603931000, "interestExpense": 232860000, "depreciationAndAmortization": 91244000, "ebitda": 567125000, "ebitdaratio": 0.8023022556, "operatingIncome": 302454000, "operatingIncomeRatio": 0.427876617, "totalOtherIncomeExpensesNet": 19714000, "incomeBeforeTax": 302454000, "incomeBeforeTaxRatio": 0.427876617, "incomeTaxExpense": 113420000, "netIncome": 189034000, "netIncomeRatio": 0.2674232393, "eps": 3.82, "epsdiluted": 3.81, "weightedAverageShsOut": 49127934, "weightedAverageShsOutDil": 49326686, "link": "https://www.sec.gov/Archives/edgar/data/1258602/000143774911001250/0001437749-11-001250-index.htm", "finalLink": "https://www.sec.gov/Archives/edgar/data/1258602/000143774911001250/nelnet_10k-123110.htm", "calculatedOtherExpenses": -130607000, "calculatedOperatingExpenses": 47603000, "calculatedNetInterest": 371071000, "calculatedOtherIncome": -371071000, "calculatedIncomeNonControlling": 0, "calculatedEbitda": 393698000}, {"date": "2009-12-31", "symbol": "NNI", "reportedCurrency": "USD", "cik": "0001258602", "fillingDate": "2010-03-03", "acceptedDate": "2010-03-03 07:33:42", "calendarYear": "2009", "period": "FY", "revenue": 537555000, "costOfRevenue": 125038000, "grossProfit": 412517000, "grossProfitRatio": 0.7673949642, "researchAndDevelopmentExpenses": 0, "generalAndAdministrativeExpenses": 163514000, "sellingAndMarketingExpenses": 8046000, "sellingGeneralAndAdministrativeExpenses": 171560000, "otherExpenses": 521952000, "operatingExpenses": 779000000, "costAndExpenses": 471046000, "interestIncome": 620207000, "interestExpense": 384862000, "depreciationAndAmortization": 116038000, "ebitda": 716598000, "ebitdaratio": 1.3330691743, "operatingIncome": 215698000, "operatingIncomeRatio": 0.4012575457, "totalOtherIncomeExpensesNet": 22808000, "incomeBeforeTax": 215698000, "incomeBeforeTaxRatio": 0.4012575457, "incomeTaxExpense": 76573000, "netIncome": 139125000, "netIncomeRatio": 0.2588107263, "eps": 2.79, "epsdiluted": 2.78, "weightedAverageShsOut": 49484816, "weightedAverageShsOutDil": 49685143, "link": "https://www.sec.gov/Archives/edgar/data/1258602/000143774910000526/0001437749-10-000526-index.htm", "finalLink": "https://www.sec.gov/Archives/edgar/data/1258602/000143774910000526/nelnet_10k-123109.htm", "calculatedOtherExpenses": 25259000, "calculatedOperatingExpenses": 196819000, "calculatedNetInterest": 235345000, "calculatedOtherIncome": -235345000, "calculatedIncomeNonControlling": 0, "calculatedEbitda": 331736000}, {"date": "2008-12-31", "symbol": "NNI", "reportedCurrency": "USD", "cik": "0001258602", "fillingDate": "2009-03-03", "acceptedDate": "2009-03-03 08:59:56", "calendarYear": "2008", "period": "FY", "revenue": 510354000, "costOfRevenue": 8316000, "grossProfit": 502038000, "grossProfitRatio": 0.983705428, "researchAndDevelopmentExpenses": 0, "generalAndAdministrativeExpenses": 183393000, "sellingAndMarketingExpenses": 68596000, "sellingGeneralAndAdministrativeExpenses": 183393000, "otherExpenses": 1191219000, "operatingExpenses": 1466000000, "costAndExpenses": 140612000, "interestIncome": 1305001000, "interestExpense": 1117109000, "depreciationAndAmortization": 26230000, "ebitda": 1214652000, "ebitdaratio": 2.3800185753, "operatingIncome": 44740000, "operatingIncomeRatio": 0.0876646406, "totalOtherIncomeExpensesNet": 18356000, "incomeBeforeTax": 44740000, "incomeBeforeTaxRatio": 0.0876646406, "incomeTaxExpense": 17896000, "netIncome": 28662000, "netIncomeRatio": 0.0561610176, "eps": 0.58, "epsdiluted": 0.58, "weightedAverageShsOut": 49099967, "weightedAverageShsOutDil": 49099967, "link": "https://www.sec.gov/Archives/edgar/data/1258602/000136231009003070/0001362310-09-003070-index.htm", "finalLink": "https://www.sec.gov/Archives/edgar/data/1258602/000136231009003070/c81830e10vk.htm", "calculatedOtherExpenses": 273905000, "calculatedOperatingExpenses": 457298000, "calculatedNetInterest": 187892000, "calculatedOtherIncome": -187892000, "calculatedIncomeNonControlling": -1818000, "calculatedEbitda": 70970000}, {"date": "2007-12-31", "symbol": "NNI", "reportedCurrency": "USD", "cik": "0001258602", "fillingDate": "2008-02-29", "acceptedDate": "2008-02-29 09:01:59", "calendarYear": "2007", "period": "FY", "revenue": 566716000, "costOfRevenue": 192204000, "grossProfit": 374512000, "grossProfitRatio": 0.6608459969, "researchAndDevelopmentExpenses": 0, "generalAndAdministrativeExpenses": 242946000, "sellingAndMarketingExpenses": 59378000, "sellingGeneralAndAdministrativeExpenses": 302324000, "otherExpenses": 1720991000, "operatingExpenses": 2017000000, "costAndExpenses": 598538000, "interestIncome": 1747276000, "interestExpense": 1502662000, "depreciationAndAmortization": 261385000, "ebitda": 1818617000, "ebitdaratio": 3.209044742, "operatingIncome": 57145000, "operatingIncomeRatio": 0.100835339, "totalOtherIncomeExpensesNet": 103614000, "incomeBeforeTax": 57145000, "incomeBeforeTaxRatio": 0.100835339, "incomeTaxExpense": 21716000, "netIncome": 35429000, "netIncomeRatio": 0.0625163221, "eps": 0.66, "epsdiluted": 0.66, "weightedAverageShsOut": 49618107, "weightedAverageShsOutDil": 49732973, "link": "https://www.sec.gov/Archives/edgar/data/1258602/000136231008001178/0001362310-08-001178-index.htm", "finalLink": "https://www.sec.gov/Archives/edgar/data/1258602/000136231008001178/c72573e10vk.htm", "calculatedOtherExpenses": 15043000, "calculatedOperatingExpenses": 317367000, "calculatedNetInterest": 244614000, "calculatedOtherIncome": -244614000, "calculatedIncomeNonControlling": 0, "calculatedEbitda": 318530000}, {"date": "2006-12-31", "symbol": "NNI", "reportedCurrency": "USD", "cik": "0001258602", "fillingDate": "2007-03-01", "acceptedDate": "2007-03-01 17:16:33", "calendarYear": "2006", "period": "FY", "revenue": 572000000, "costOfRevenue": 223646000, "grossProfit": 348354000, "grossProfitRatio": 0.6090104895, "researchAndDevelopmentExpenses": 0, "generalAndAdministrativeExpenses": 246116000, "sellingAndMarketingExpenses": 39917000, "sellingGeneralAndAdministrativeExpenses": 286033000, "otherExpenses": 1394967000, "operatingExpenses": 1681000000, "costAndExpenses": 694646000, "interestIncome": 1549866000, "interestExpense": 1241174000, "depreciationAndAmortization": 169066000, "ebitda": 1516867000, "ebitdaratio": 2.6518653846, "operatingIncome": 106869000, "operatingIncomeRatio": 0.1868339161, "totalOtherIncomeExpensesNet": -242000, "incomeBeforeTax": 106869000, "incomeBeforeTaxRatio": 0.1868339161, "incomeTaxExpense": 38472000, "netIncome": 68155000, "netIncomeRatio": 0.1191520979, "eps": 1.27, "epsdiluted": 1.27, "weightedAverageShsOut": 53593056, "weightedAverageShsOutDil": 53593056, "link": "https://www.sec.gov/Archives/edgar/data/1258602/000095013707003140/0000950137-07-003140-index.htm", "finalLink": "https://www.sec.gov/Archives/edgar/data/1258602/000095013707003140/c12806e10vk.htm", "calculatedOtherExpenses": -44548000, "calculatedOperatingExpenses": 241485000, "calculatedNetInterest": 308692000, "calculatedOtherIncome": -308692000, "calculatedIncomeNonControlling": 242000, "calculatedEbitda": 275935000}, {"date": "2005-12-31", "symbol": "NNI", "reportedCurrency": "USD", "cik": "0001258602", "fillingDate": "2006-03-13", "acceptedDate": "2006-03-13 17:12:58", "calendarYear": "2005", "period": "FY", "revenue": 613278000, "costOfRevenue": 140092000, "grossProfit": 473186000, "grossProfitRatio": 0.7715685219, "researchAndDevelopmentExpenses": 0, "generalAndAdministrativeExpenses": 172732000, "sellingAndMarketingExpenses": 15218000, "sellingGeneralAndAdministrativeExpenses": 187950000, "otherExpenses": 707050000, "operatingExpenses": 895000000, "costAndExpenses": 1035092000, "interestIncome": 949208000, "interestExpense": 620111000, "depreciationAndAmortization": 109077000, "ebitda": 1012530000, "ebitdaratio": 1.6510130805, "operatingIncome": 283945000, "operatingIncomeRatio": 0.4629955746, "totalOtherIncomeExpensesNet": -603000, "incomeBeforeTax": 283342000, "incomeBeforeTaxRatio": 0.4620123337, "incomeTaxExpense": 102220000, "netIncome": 181122000, "netIncomeRatio": 0.295334253, "eps": 3.37, "epsdiluted": 3.37, "weightedAverageShsOut": 53761727, "weightedAverageShsOutDil": 53761727, "link": "https://www.sec.gov/Archives/edgar/data/1258602/000119380506000702/0001193805-06-000702-index.htm", "finalLink": "https://www.sec.gov/Archives/edgar/data/1258602/000119380506000702/e600275_10k-nelnet.htm", "calculatedOtherExpenses": 1291000, "calculatedOperatingExpenses": 189241000, "calculatedNetInterest": 329097000, "calculatedOtherIncome": -329700000, "calculatedIncomeNonControlling": 0, "calculatedEbitda": 393022000}, {"date": "2004-12-31", "symbol": "NNI", "reportedCurrency": "USD", "cik": "0001258602", "fillingDate": "2005-03-16", "acceptedDate": "2005-03-16 15:34:32", "calendarYear": "2004", "period": "FY", "revenue": 522695000, "costOfRevenue": 0, "grossProfit": 522695000, "grossProfitRatio": 1, "researchAndDevelopmentExpenses": 0, "generalAndAdministrativeExpenses": 133667000, "sellingAndMarketingExpenses": 11470000, "sellingGeneralAndAdministrativeExpenses": 145137000, "otherExpenses": -433417000, "operatingExpenses": -288280000, "costAndExpenses": -288280000, "interestIncome": 652776000, "interestExpense": 254610000, "depreciationAndAmortization": 96725000, "ebitda": 585750000, "ebitdaratio": 1.1206344044, "operatingIncome": 234415000, "operatingIncomeRatio": 0.4484737753, "totalOtherIncomeExpensesNet": 0, "incomeBeforeTax": 234415000, "incomeBeforeTaxRatio": 0.4484737753, "incomeTaxExpense": 85236000, "netIncome": 149179000, "netIncomeRatio": 0.2854035336, "eps": 2.78, "epsdiluted": 2.78, "weightedAverageShsOut": 53648605, "weightedAverageShsOutDil": 53648605, "link": "https://www.sec.gov/Archives/edgar/data/1258602/000087015605000043/0000870156-05-000043-index.htm", "finalLink": "https://www.sec.gov/Archives/edgar/data/1258602/000087015605000043/nelnet10k.txt", "calculatedOtherExpenses": 143143000, "calculatedOperatingExpenses": 288280000, "calculatedNetInterest": 398166000, "calculatedOtherIncome": -398166000, "calculatedIncomeNonControlling": 0, "calculatedEbitda": 331140000}, {"date": "2003-12-31", "symbol": "NNI", "reportedCurrency": "USD", "cik": "0001258602", "fillingDate": "2004-03-29", "acceptedDate": "2004-03-29 17:30:15", "calendarYear": "2003", "period": "FY", "revenue": 296134000, "costOfRevenue": 0, "grossProfit": 296134000, "grossProfitRatio": 1, "researchAndDevelopmentExpenses": 0, "generalAndAdministrativeExpenses": 124273000, "sellingAndMarketingExpenses": 10182000, "sellingGeneralAndAdministrativeExpenses": 134455000, "otherExpenses": -384300000, "operatingExpenses": -249845000, "costAndExpenses": -249845000, "interestIncome": 375304000, "interestExpense": 196692000, "depreciationAndAmortization": 101375000, "ebitda": 344465000, "ebitdaratio": 1.1632065214, "operatingIncome": 46289000, "operatingIncomeRatio": 0.1563109943, "totalOtherIncomeExpensesNet": 109000, "incomeBeforeTax": 46398000, "incomeBeforeTaxRatio": 0.156679071, "incomeTaxExpense": 19295000, "netIncome": 27103000, "netIncomeRatio": 0.0915227566, "eps": 0.6, "epsdiluted": 0.6, "weightedAverageShsOut": 45171667, "weightedAverageShsOutDil": 45171667, "link": "https://www.sec.gov/Archives/edgar/data/1258602/000095000504000311/0000950005-04-000311-index.htm", "finalLink": "https://www.sec.gov/Archives/edgar/data/1258602/000095000504000311/p18329_10k.txt", "calculatedOtherExpenses": 115390000, "calculatedOperatingExpenses": 249845000, "calculatedNetInterest": 178612000, "calculatedOtherIncome": -178503000, "calculatedIncomeNonControlling": 0, "calculatedEbitda": 147664000}, {"date": "2002-12-31", "symbol": "NNI", "reportedCurrency": "USD", "cik": "0001258602", "fillingDate": "2002-12-31", "acceptedDate": "2002-12-30 19:00:00", "calendarYear": "2002", "period": "FY", "revenue": 316129000, "costOfRevenue": 0, "grossProfit": 316129000, "grossProfitRatio": 1, "researchAndDevelopmentExpenses": 0, "generalAndAdministrativeExpenses": 106874000, "sellingAndMarketingExpenses": 11512000, "sellingGeneralAndAdministrativeExpenses": 118386000, "otherExpenses": -358674000, "operatingExpenses": -240288000, "costAndExpenses": -240288000, "interestIncome": 425908000, "interestExpense": 235008000, "depreciationAndAmortization": 93864000, "ebitda": 405089000, "ebitdaratio": 1.2814041103, "operatingIncome": 75841000, "operatingIncomeRatio": 0.2399052286, "totalOtherIncomeExpensesNet": 376000, "incomeBeforeTax": 76217000, "incomeBeforeTaxRatio": 0.2410946164, "incomeTaxExpense": 27679000, "netIncome": 48538000, "netIncomeRatio": 0.1535385871, "eps": 1.08, "epsdiluted": 1.08, "weightedAverageShsOut": 44971290, "weightedAverageShsOutDil": 44971290, "link": "", "finalLink": "", "calculatedOtherExpenses": 121902000, "calculatedOperatingExpenses": 240288000, "calculatedNetInterest": 190900000, "calculatedOtherIncome": -190524000, "calculatedIncomeNonControlling": 0, "calculatedEbitda": 169705000}, {"date": "2001-12-31", "symbol": "NNI", "reportedCurrency": "USD", "cik": "0001258602", "fillingDate": "2001-12-31", "acceptedDate": "2001-12-30 19:00:00", "calendarYear": "2001", "period": "FY", "revenue": 115120000, "costOfRevenue": 0, "grossProfit": 115120000, "grossProfitRatio": 1, "researchAndDevelopmentExpenses": 0, "generalAndAdministrativeExpenses": 77370000, "sellingAndMarketingExpenses": 0, "sellingGeneralAndAdministrativeExpenses": 77370000, "otherExpenses": -81295000, "operatingExpenses": -3925000, "costAndExpenses": -3925000, "interestIncome": 115120000, "interestExpense": 0, "depreciationAndAmortization": -104048000, "ebitda": 7147000, "ebitdaratio": 0.0620830438, "operatingIncome": 111195000, "operatingIncomeRatio": 0.9659051425, "totalOtherIncomeExpensesNet": -98070000, "incomeBeforeTax": 13125000, "incomeBeforeTaxRatio": 0.1140114663, "incomeTaxExpense": 5978000, "netIncome": 7147000, "netIncomeRatio": 0.0620830438, "eps": 0.16, "epsdiluted": 0.16, "weightedAverageShsOut": 44668750, "weightedAverageShsOutDil": 44668750, "link": "", "finalLink": "", "calculatedOtherExpenses": -73445000, "calculatedOperatingExpenses": 3925000, "calculatedNetInterest": 115120000, "calculatedOtherIncome": -213190000, "calculatedIncomeNonControlling": 0, "calculatedEbitda": 7147000}, {"date": "2000-12-31", "symbol": "NNI", "reportedCurrency": "USD", "cik": "0001258602", "fillingDate": "2000-12-31", "acceptedDate": "2000-12-30 19:00:00", "calendarYear": "2000", "period": "FY", "revenue": 64853000, "costOfRevenue": 0, "grossProfit": 64853000, "grossProfitRatio": 1, "researchAndDevelopmentExpenses": 0, "generalAndAdministrativeExpenses": 0, "sellingAndMarketingExpenses": 0, "sellingGeneralAndAdministrativeExpenses": 0, "otherExpenses": -1370000, "operatingExpenses": -1370000, "costAndExpenses": -1370000, "interestIncome": 64853000, "interestExpense": 0, "depreciationAndAmortization": -58963000, "ebitda": 4520000, "ebitdaratio": 0.0696960819, "operatingIncome": 63483000, "operatingIncomeRatio": 0.9788753026, "totalOtherIncomeExpensesNet": -56750000, "incomeBeforeTax": 6733000, "incomeBeforeTaxRatio": 0.103819407, "incomeTaxExpense": 2213000, "netIncome": 4520000, "netIncomeRatio": 0.0696960819, "eps": 0.11, "epsdiluted": 0.11, "weightedAverageShsOut": 41090909, "weightedAverageShsOutDil": 41090909, "link": "", "finalLink": "", "calculatedOtherExpenses": 1370000, "calculatedOperatingExpenses": 1370000, "calculatedNetInterest": 64853000, "calculatedOtherIncome": -121603000, "calculatedIncomeNonControlling": 0, "calculatedEbitda": 4520000}]}