{"originalCurrency": "USD", "convertedCurrency": "USD", "report": [{"date": "2023-12-31", "symbol": "NNN", "reportedCurrency": "USD", "cik": "0000751364", "fillingDate": "2024-02-08", "acceptedDate": "2024-02-08 08:33:54", "calendarYear": "2023", "period": "FY", "revenue": 828111000, "costOfRevenue": 28378000, "grossProfit": 799733000, "grossProfitRatio": 0.9657316471, "researchAndDevelopmentExpenses": 0, "generalAndAdministrativeExpenses": 47499000, "sellingAndMarketingExpenses": 0, "sellingGeneralAndAdministrativeExpenses": 47499000, "otherExpenses": -47499000, "operatingExpenses": 286124000, "costAndExpenses": 314502000, "interestIncome": 1134000, "interestExpense": 163898000, "depreciationAndAmortization": 238625000, "ebitda": 753368000, "ebitdaratio": 0.909742776, "operatingIncome": 555104000, "operatingIncomeRatio": 0.6703255964, "totalOtherIncomeExpensesNet": 41495000, "incomeBeforeTax": 392340000, "incomeBeforeTaxRatio": 0.4737770661, "incomeTaxExpense": 163898000, "netIncome": 392340000, "netIncomeRatio": 0.4737770661, "eps": 2.16, "epsdiluted": 2.16, "weightedAverageShsOut": 181200040, "weightedAverageShsOutDil": 181689723, "link": "https://www.sec.gov/Archives/edgar/data/751364/000095017024012540/0000950170-24-012540-index.htm", "finalLink": "https://www.sec.gov/Archives/edgar/data/751364/000095017024012540/nnn-20231231.htm", "calculatedOtherExpenses": 197130000, "calculatedOperatingExpenses": 244629000, "calculatedNetInterest": -162764000, "calculatedOtherIncome": 0, "calculatedIncomeNonControlling": -163898000, "calculatedEbitda": 793729000}, {"date": "2022-12-31", "symbol": "NNN", "reportedCurrency": "USD", "cik": "0000751364", "fillingDate": "2023-02-09", "acceptedDate": "2023-02-09 08:33:22", "calendarYear": "2022", "period": "FY", "revenue": 773053000, "costOfRevenue": 26281000, "grossProfit": 746772000, "grossProfitRatio": 0.9660036246, "researchAndDevelopmentExpenses": 0, "generalAndAdministrativeExpenses": 49535000, "sellingAndMarketingExpenses": 0, "sellingGeneralAndAdministrativeExpenses": 49535000, "otherExpenses": 223834000, "operatingExpenses": 273369000, "costAndExpenses": 299650000, "interestIncome": 149000, "interestExpense": 148065000, "depreciationAndAmortization": 214849000, "ebitda": 697386000, "ebitdaratio": 0.9021192596, "operatingIncome": 482537000, "operatingIncomeRatio": 0.6241965299, "totalOtherIncomeExpensesNet": -147916000, "incomeBeforeTax": 334621000, "incomeBeforeTaxRatio": 0.4328564794, "incomeTaxExpense": 147911000, "netIncome": 186710000, "netIncomeRatio": 0.2415228969, "eps": 1.07, "epsdiluted": 1.07, "weightedAverageShsOut": 174738903, "weightedAverageShsOutDil": 174738903, "link": "https://www.sec.gov/Archives/edgar/data/751364/000095017023002248/0000950170-23-002248-index.htm", "finalLink": "https://www.sec.gov/Archives/edgar/data/751364/000095017023002248/nnn-20221231.htm", "calculatedOtherExpenses": 214700000, "calculatedOperatingExpenses": 264235000, "calculatedNetInterest": -147916000, "calculatedOtherIncome": 0, "calculatedIncomeNonControlling": 0, "calculatedEbitda": 697386000}, {"date": "2021-12-31", "symbol": "NNN", "reportedCurrency": "USD", "cik": "0000751364", "fillingDate": "2022-02-09", "acceptedDate": "2022-02-09 09:26:55", "calendarYear": "2021", "period": "FY", "revenue": 726407000, "costOfRevenue": 28385000, "grossProfit": 698022000, "grossProfitRatio": 0.96092411, "researchAndDevelopmentExpenses": 0, "generalAndAdministrativeExpenses": 44843000, "sellingAndMarketingExpenses": 0, "sellingGeneralAndAdministrativeExpenses": 44843000, "otherExpenses": 205220000, "operatingExpenses": 250063000, "costAndExpenses": 278448000, "interestIncome": 216000, "interestExpense": 137874000, "depreciationAndAmortization": 204299000, "ebitda": 653395000, "ebitdaratio": 0.899488854, "operatingIncome": 449096000, "operatingIncomeRatio": 0.6182429409, "totalOtherIncomeExpensesNet": -158986000, "incomeBeforeTax": 290110000, "incomeBeforeTaxRatio": 0.399376658, "incomeTaxExpense": 137871000, "netIncome": 152239000, "netIncomeRatio": 0.2095781015, "eps": 0.87, "epsdiluted": 0.87, "weightedAverageShsOut": 174710921, "weightedAverageShsOutDil": 174818899, "link": "https://www.sec.gov/Archives/edgar/data/751364/000095017022000944/0000950170-22-000944-index.htm", "finalLink": "https://www.sec.gov/Archives/edgar/data/751364/000095017022000944/nnn-20211231.htm", "calculatedOtherExpenses": 204083000, "calculatedOperatingExpenses": 248926000, "calculatedNetInterest": -137658000, "calculatedOtherIncome": -21328000, "calculatedIncomeNonControlling": 0, "calculatedEbitda": 653395000}, {"date": "2020-12-31", "symbol": "NNN", "reportedCurrency": "USD", "cik": "0000751364", "fillingDate": "2021-02-11", "acceptedDate": "2021-02-11 08:48:43", "calendarYear": "2020", "period": "FY", "revenue": 660681000, "costOfRevenue": 28362000, "grossProfit": 632319000, "grossProfitRatio": 0.9570715671, "researchAndDevelopmentExpenses": 0, "generalAndAdministrativeExpenses": 38237000, "sellingAndMarketingExpenses": 0, "sellingGeneralAndAdministrativeExpenses": 38237000, "otherExpenses": 196623000, "operatingExpenses": 234860000, "costAndExpenses": 263222000, "interestIncome": 417000, "interestExpense": 129431000, "depreciationAndAmortization": 220010000, "ebitda": 594499000, "ebitdaratio": 0.8998276021, "operatingIncome": 374489000, "operatingIncomeRatio": 0.5668227178, "totalOtherIncomeExpensesNet": -145693000, "incomeBeforeTax": 228796000, "incomeBeforeTaxRatio": 0.346303284, "incomeTaxExpense": 129428000, "netIncome": 99368000, "netIncomeRatio": 0.1504023878, "eps": 0.58, "epsdiluted": 0.58, "weightedAverageShsOut": 172109713, "weightedAverageShsOutDil": 172217077, "link": "https://www.sec.gov/Archives/edgar/data/751364/000075136421000018/0000751364-21-000018-index.htm", "finalLink": "https://www.sec.gov/Archives/edgar/data/751364/000075136421000018/nnn-20201231.htm", "calculatedOtherExpenses": 219593000, "calculatedOperatingExpenses": 257830000, "calculatedNetInterest": -129014000, "calculatedOtherIncome": -16679000, "calculatedIncomeNonControlling": 0, "calculatedEbitda": 594499000}, {"date": "2019-12-31", "symbol": "NNN", "reportedCurrency": "USD", "cik": "0000751364", "fillingDate": "2020-02-11", "acceptedDate": "2020-02-11 09:16:09", "calendarYear": "2019", "period": "FY", "revenue": 670487000, "costOfRevenue": 27656000, "grossProfit": 642831000, "grossProfitRatio": 0.9587523695, "researchAndDevelopmentExpenses": 0, "generalAndAdministrativeExpenses": 37912000, "sellingAndMarketingExpenses": 0, "sellingGeneralAndAdministrativeExpenses": 37912000, "otherExpenses": 188871000, "operatingExpenses": 226783000, "costAndExpenses": 254439000, "interestIncome": 3112000, "interestExpense": 120023000, "depreciationAndAmortization": 191251000, "ebitda": 608031000, "ebitdaratio": 0.9068497972, "operatingIncome": 416780000, "operatingIncomeRatio": 0.6216078761, "totalOtherIncomeExpensesNet": -117172000, "incomeBeforeTax": 299608000, "incomeBeforeTaxRatio": 0.4468513185, "incomeTaxExpense": 120451000, "netIncome": 179157000, "netIncomeRatio": 0.2672042858, "eps": 1.09, "epsdiluted": 1.09, "weightedAverageShsOut": 164688498, "weightedAverageShsOutDil": 165083679, "link": "https://www.sec.gov/Archives/edgar/data/751364/000075136420000021/0000751364-20-000021-index.htm", "finalLink": "https://www.sec.gov/Archives/edgar/data/751364/000075136420000021/nnn-20191231x10k.htm", "calculatedOtherExpenses": 188139000, "calculatedOperatingExpenses": 226051000, "calculatedNetInterest": -116911000, "calculatedOtherIncome": -261000, "calculatedIncomeNonControlling": 0, "calculatedEbitda": 608031000}, {"date": "2018-12-31", "symbol": "NNN", "reportedCurrency": "USD", "cik": "0000751364", "fillingDate": "2019-02-12", "acceptedDate": "2019-02-12 10:16:07", "calendarYear": "2018", "period": "FY", "revenue": 622661000, "costOfRevenue": 25099000, "grossProfit": 597562000, "grossProfitRatio": 0.9596907467, "researchAndDevelopmentExpenses": 0, "generalAndAdministrativeExpenses": 34248000, "sellingAndMarketingExpenses": 0, "sellingGeneralAndAdministrativeExpenses": 34248000, "otherExpenses": 174398000, "operatingExpenses": 208646000, "costAndExpenses": 233745000, "interestIncome": 1810000, "interestExpense": 115847000, "depreciationAndAmortization": 174398000, "ebitda": 565124000, "ebitdaratio": 0.9075949835, "operatingIncome": 424762000, "operatingIncomeRatio": 0.6821721611, "totalOtherIncomeExpensesNet": 17606000, "incomeBeforeTax": 292485000, "incomeBeforeTaxRatio": 0.4697339323, "incomeTaxExpense": -16430000, "netIncome": 292447000, "netIncomeRatio": 0.4696729039, "eps": 1.88, "epsdiluted": 1.87, "weightedAverageShsOut": 155744601, "weightedAverageShsOutDil": 156295619, "link": "https://www.sec.gov/Archives/edgar/data/751364/000075136419000024/0000751364-19-000024-index.htm", "finalLink": "https://www.sec.gov/Archives/edgar/data/751364/000075136419000024/nnn-20181231x10k.htm", "calculatedOtherExpenses": 138552000, "calculatedOperatingExpenses": 172800000, "calculatedNetInterest": -114037000, "calculatedOtherIncome": -18240000, "calculatedIncomeNonControlling": 16468000, "calculatedEbitda": 599160000}, {"date": "2017-12-31", "symbol": "NNN", "reportedCurrency": "USD", "cik": "0000751364", "fillingDate": "2018-02-13", "acceptedDate": "2018-02-13 09:03:52", "calendarYear": "2017", "period": "FY", "revenue": 584933000, "costOfRevenue": 23105000, "grossProfit": 561828000, "grossProfitRatio": 0.9604997495, "researchAndDevelopmentExpenses": 0, "generalAndAdministrativeExpenses": 33805000, "sellingAndMarketingExpenses": 0, "sellingGeneralAndAdministrativeExpenses": 33805000, "otherExpenses": 173720000, "operatingExpenses": 207525000, "costAndExpenses": 230630000, "interestIncome": 322000, "interestExpense": 109109000, "depreciationAndAmortization": 173720000, "ebitda": 528345000, "ebitdaratio": 0.9032572961, "operatingIncome": 337503000, "operatingIncomeRatio": 0.5769942882, "totalOtherIncomeExpensesNet": -16800000, "incomeBeforeTax": 228716000, "incomeBeforeTaxRatio": 0.391012304, "incomeTaxExpense": 36655000, "netIncome": 264973000, "netIncomeRatio": 0.4529971809, "eps": 1.45, "epsdiluted": 1.45, "weightedAverageShsOut": 149111188, "weightedAverageShsOutDil": 149432641, "link": "https://www.sec.gov/Archives/edgar/data/751364/000075136418000024/0000751364-18-000024-index.htm", "finalLink": "https://www.sec.gov/Archives/edgar/data/751364/000075136418000024/nnn-20171231x10k.htm", "calculatedOtherExpenses": 190520000, "calculatedOperatingExpenses": 224325000, "calculatedNetInterest": -108787000, "calculatedOtherIncome": 0, "calculatedIncomeNonControlling": -72912000, "calculatedEbitda": 511223000}, {"date": "2016-12-31", "symbol": "NNN", "reportedCurrency": "USD", "cik": "0000751364", "fillingDate": "2017-02-13", "acceptedDate": "2017-02-13 16:57:34", "calendarYear": "2016", "period": "FY", "revenue": 533647000, "costOfRevenue": 20852000, "grossProfit": 512795000, "grossProfitRatio": 0.9609254807, "researchAndDevelopmentExpenses": 0, "generalAndAdministrativeExpenses": 36508000, "sellingAndMarketingExpenses": 0, "sellingGeneralAndAdministrativeExpenses": 36508000, "otherExpenses": 149101000, "operatingExpenses": 185609000, "costAndExpenses": 206461000, "interestIncome": 170000, "interestExpense": 96352000, "depreciationAndAmortization": 149101000, "ebitda": 476457000, "ebitdaratio": 0.8928317783, "operatingIncome": 309069000, "operatingIncomeRatio": 0.5791637543, "totalOtherIncomeExpensesNet": -18680000, "incomeBeforeTax": 212324000, "incomeBeforeTaxRatio": 0.3978735006, "incomeTaxExpense": 27182000, "netIncome": 239500000, "netIncomeRatio": 0.4487985504, "eps": 1.39, "epsdiluted": 1.38, "weightedAverageShsOut": 144176224, "weightedAverageShsOutDil": 144660633, "link": "https://www.sec.gov/Archives/edgar/data/751364/000075136417000026/0000751364-17-000026-index.htm", "finalLink": "https://www.sec.gov/Archives/edgar/data/751364/000075136417000026/nnn-20161231x10k.htm", "calculatedOtherExpenses": 167218000, "calculatedOperatingExpenses": 203726000, "calculatedNetInterest": -96182000, "calculatedOtherIncome": -563000, "calculatedIncomeNonControlling": -54358000, "calculatedEbitda": 458170000}, {"date": "2015-12-31", "symbol": "NNN", "reportedCurrency": "USD", "cik": "0000751364", "fillingDate": "2016-02-12", "acceptedDate": "2016-02-12 08:58:06", "calendarYear": "2015", "period": "FY", "revenue": 482914000, "costOfRevenue": 19774000, "grossProfit": 463140000, "grossProfitRatio": 0.9590527506, "researchAndDevelopmentExpenses": 0, "generalAndAdministrativeExpenses": 34736000, "sellingAndMarketingExpenses": 0, "sellingGeneralAndAdministrativeExpenses": 34736000, "otherExpenses": 134798000, "operatingExpenses": 169534000, "costAndExpenses": 189308000, "interestIncome": 109000, "interestExpense": 90008000, "depreciationAndAmortization": 134798000, "ebitda": 428513000, "ebitdaratio": 0.887348472, "operatingIncome": 288655000, "operatingIncomeRatio": 0.5977358287, "totalOtherIncomeExpensesNet": -5878000, "incomeBeforeTax": 197829000, "incomeBeforeTaxRatio": 0.4096567919, "incomeTaxExpense": 10318000, "netIncome": 197836000, "netIncomeRatio": 0.4096712872, "eps": 1.21, "epsdiluted": 1.2, "weightedAverageShsOut": 133998674, "weightedAverageShsOutDil": 134489416, "link": "https://www.sec.gov/Archives/edgar/data/751364/000075136416000103/0000751364-16-000103-index.htm", "finalLink": "https://www.sec.gov/Archives/edgar/data/751364/000075136416000103/nnn-20151231x10k.htm", "calculatedOtherExpenses": 139749000, "calculatedOperatingExpenses": 174485000, "calculatedNetInterest": -89899000, "calculatedOtherIncome": -927000, "calculatedIncomeNonControlling": -10325000, "calculatedEbitda": 423453000}, {"date": "2014-12-31", "symbol": "NNN", "reportedCurrency": "USD", "cik": "0000751364", "fillingDate": "2015-02-20", "acceptedDate": "2015-02-20 08:39:08", "calendarYear": "2014", "period": "FY", "revenue": 434847000, "costOfRevenue": 18905000, "grossProfit": 415942000, "grossProfitRatio": 0.9565249387, "researchAndDevelopmentExpenses": 0, "generalAndAdministrativeExpenses": 32518000, "sellingAndMarketingExpenses": 0, "sellingGeneralAndAdministrativeExpenses": 32518000, "otherExpenses": 116162000, "operatingExpenses": 148680000, "costAndExpenses": 167585000, "interestIncome": 357000, "interestExpense": 85510000, "depreciationAndAmortization": 116162000, "ebitda": 383781000, "ebitdaratio": 0.882565592, "operatingIncome": 266246000, "operatingIncomeRatio": 0.6122751221, "totalOtherIncomeExpensesNet": -2407000, "incomeBeforeTax": 179702000, "incomeBeforeTaxRatio": 0.4132533972, "incomeTaxExpense": -75000, "netIncome": 190601000, "netIncomeRatio": 0.4383173852, "eps": 1.24, "epsdiluted": 1.24, "weightedAverageShsOut": 124257558, "weightedAverageShsOutDil": 124710226, "link": "https://www.sec.gov/Archives/edgar/data/751364/000075136415000008/0000751364-15-000008-index.htm", "finalLink": "https://www.sec.gov/Archives/edgar/data/751364/000075136415000008/nnn-20141231x10k.htm", "calculatedOtherExpenses": 117178000, "calculatedOperatingExpenses": 149696000, "calculatedNetInterest": -85153000, "calculatedOtherIncome": -1391000, "calculatedIncomeNonControlling": -10824000, "calculatedEbitda": 382408000}, {"date": "2013-12-31", "symbol": "NNN", "reportedCurrency": "USD", "cik": "0000751364", "fillingDate": "2014-02-19", "acceptedDate": "2014-02-19 16:20:54", "calendarYear": "2013", "period": "FY", "revenue": 392327000, "costOfRevenue": 18100000, "grossProfit": 374227000, "grossProfitRatio": 0.9538650157, "researchAndDevelopmentExpenses": 0, "generalAndAdministrativeExpenses": 32576000, "sellingAndMarketingExpenses": 0, "sellingGeneralAndAdministrativeExpenses": 32576000, "otherExpenses": 99246000, "operatingExpenses": 131822000, "costAndExpenses": 149922000, "interestIncome": 1493000, "interestExpense": 85283000, "depreciationAndAmortization": 99246000, "ebitda": 343144000, "ebitdaratio": 0.8746377384, "operatingIncome": 239248000, "operatingIncomeRatio": 0.6098178305, "totalOtherIncomeExpensesNet": -3157000, "incomeBeforeTax": 155458000, "incomeBeforeTaxRatio": 0.3962459887, "incomeTaxExpense": 618000, "netIncome": 160145000, "netIncomeRatio": 0.4081926556, "eps": 1.11, "epsdiluted": 1.1, "weightedAverageShsOut": 118204148, "weightedAverageShsOutDil": 119864824, "link": "https://www.sec.gov/Archives/edgar/data/751364/000075136414000007/0000751364-14-000007-index.htm", "finalLink": "https://www.sec.gov/Archives/edgar/data/751364/000075136414000007/nnn-20131231x10k.htm", "calculatedOtherExpenses": 102403000, "calculatedOperatingExpenses": 134979000, "calculatedNetInterest": -83790000, "calculatedOtherIncome": 0, "calculatedIncomeNonControlling": -5305000, "calculatedEbitda": 338494000}, {"date": "2012-12-31", "symbol": "NNN", "reportedCurrency": "USD", "cik": "0000751364", "fillingDate": "2013-02-22", "acceptedDate": "2013-02-22 13:58:54", "calendarYear": "2012", "period": "FY", "revenue": 350760000, "costOfRevenue": 17069000, "grossProfit": 333691000, "grossProfitRatio": 0.9513370966, "researchAndDevelopmentExpenses": 0, "generalAndAdministrativeExpenses": 32182000, "sellingAndMarketingExpenses": 0, "sellingGeneralAndAdministrativeExpenses": 32182000, "otherExpenses": 92683000, "operatingExpenses": 124865000, "costAndExpenses": 141934000, "interestIncome": 2232000, "interestExpense": 82502000, "depreciationAndAmortization": 74140000, "ebitda": 285198000, "ebitdaratio": 0.8130858707, "operatingIncome": 197603000, "operatingIncomeRatio": 0.5633567111, "totalOtherIncomeExpensesNet": -11223000, "incomeBeforeTax": 117333000, "incomeBeforeTaxRatio": 0.3345107766, "incomeTaxExpense": -7086000, "netIncome": 142015000, "netIncomeRatio": 0.4048779792, "eps": 1.13, "epsdiluted": 1.11, "weightedAverageShsOut": 106965156, "weightedAverageShsOutDil": 109117515, "link": "https://www.sec.gov/Archives/edgar/data/751364/000075136413000007/0000751364-13-000007-index.htm", "finalLink": "https://www.sec.gov/Archives/edgar/data/751364/000075136413000007/nnn-20121231x10k.htm", "calculatedOtherExpenses": 103906000, "calculatedOperatingExpenses": 136088000, "calculatedNetInterest": -80270000, "calculatedOtherIncome": 0, "calculatedIncomeNonControlling": -17596000, "calculatedEbitda": 271743000}, {"date": "2011-12-31", "symbol": "NNN", "reportedCurrency": "USD", "cik": "0000751364", "fillingDate": "2012-02-24", "acceptedDate": "2012-02-24 14:03:20", "calendarYear": "2011", "period": "FY", "revenue": 310932000, "costOfRevenue": 43096000, "grossProfit": 267836000, "grossProfitRatio": 0.8613973473, "researchAndDevelopmentExpenses": 0, "generalAndAdministrativeExpenses": 28814000, "sellingAndMarketingExpenses": 16887000, "sellingGeneralAndAdministrativeExpenses": 45701000, "otherExpenses": 58115000, "operatingExpenses": 102385000, "costAndExpenses": 145481000, "interestIncome": 1511000, "interestExpense": 74845000, "depreciationAndAmortization": 58115000, "ebitda": 225077000, "ebitdaratio": 0.7238785329, "operatingIncome": 164427000, "operatingIncomeRatio": 0.5288198063, "totalOtherIncomeExpensesNet": -727000, "incomeBeforeTax": 91390000, "incomeBeforeTaxRatio": 0.293922787, "incomeTaxExpense": 779000, "netIncome": 92325000, "netIncomeRatio": 0.2969298753, "eps": 0.96, "epsdiluted": 0.96, "weightedAverageShsOut": 88100076, "weightedAverageShsOutDil": 88837057, "link": "https://www.sec.gov/Archives/edgar/data/751364/000144530512000439/0001445305-12-000439-index.htm", "finalLink": "https://www.sec.gov/Archives/edgar/data/751364/000144530512000439/nnn-20111231x10k.htm", "calculatedOtherExpenses": 57708000, "calculatedOperatingExpenses": 103409000, "calculatedNetInterest": -73334000, "calculatedOtherIncome": 297000, "calculatedIncomeNonControlling": -1714000, "calculatedEbitda": 222542000}, {"date": "2010-12-31", "symbol": "NNN", "reportedCurrency": "USD", "cik": "0000751364", "fillingDate": "2011-02-24", "acceptedDate": "2011-02-24 16:45:55", "calendarYear": "2010", "period": "FY", "revenue": 267614000, "costOfRevenue": 36606000, "grossProfit": 231008000, "grossProfitRatio": 0.8632134343, "researchAndDevelopmentExpenses": 0, "generalAndAdministrativeExpenses": 22778000, "sellingAndMarketingExpenses": 13534000, "sellingGeneralAndAdministrativeExpenses": 36312000, "otherExpenses": 48328000, "operatingExpenses": 84640000, "costAndExpenses": 121246000, "interestIncome": 1513000, "interestExpense": 65179000, "depreciationAndAmortization": 48328000, "ebitda": 196209000, "ebitdaratio": 0.7331791311, "operatingIncome": 134915000, "operatingIncomeRatio": 0.5041402916, "totalOtherIncomeExpensesNet": -11453000, "incomeBeforeTax": 71249000, "incomeBeforeTaxRatio": 0.2662379397, "incomeTaxExpense": 475000, "netIncome": 72997000, "netIncomeRatio": 0.2727697355, "eps": 0.8, "epsdiluted": 0.8, "weightedAverageShsOut": 82715645, "weightedAverageShsOutDil": 82849362, "link": "https://www.sec.gov/Archives/edgar/data/751364/000119312511045441/0001193125-11-045441-index.htm", "finalLink": "https://www.sec.gov/Archives/edgar/data/751364/000119312511045441/d10k.htm", "calculatedOtherExpenses": 59781000, "calculatedOperatingExpenses": 96093000, "calculatedNetInterest": -63666000, "calculatedOtherIncome": 0, "calculatedIncomeNonControlling": -2223000, "calculatedEbitda": 183243000}, {"date": "2009-12-31", "symbol": "NNN", "reportedCurrency": "USD", "cik": "0000751364", "fillingDate": "2010-02-25", "acceptedDate": "2010-02-25 17:17:45", "calendarYear": "2009", "period": "FY", "revenue": 248347000, "costOfRevenue": 16092000, "grossProfit": 232255000, "grossProfitRatio": 0.935203566, "researchAndDevelopmentExpenses": 0, "generalAndAdministrativeExpenses": 21776000, "sellingAndMarketingExpenses": 13684000, "sellingGeneralAndAdministrativeExpenses": 35460000, "otherExpenses": 46769000, "operatingExpenses": 82229000, "costAndExpenses": 98321000, "interestIncome": 1375000, "interestExpense": 62151000, "depreciationAndAmortization": 48485000, "ebitda": 199886000, "ebitdaratio": 0.8048657725, "operatingIncome": 120683000, "operatingIncomeRatio": 0.4859450688, "totalOtherIncomeExpensesNet": -29343000, "incomeBeforeTax": 59907000, "incomeBeforeTaxRatio": 0.2412229663, "incomeTaxExpense": -1126000, "netIncome": 54810000, "netIncomeRatio": 0.2206992635, "eps": 0.6, "epsdiluted": 0.6, "weightedAverageShsOut": 79846258, "weightedAverageShsOutDil": 79953499, "link": "https://www.sec.gov/Archives/edgar/data/751364/000119312510040917/0001193125-10-040917-index.htm", "finalLink": "https://www.sec.gov/Archives/edgar/data/751364/000119312510040917/d10k.htm", "calculatedOtherExpenses": 76112000, "calculatedOperatingExpenses": 111572000, "calculatedNetInterest": -60776000, "calculatedOtherIncome": 0, "calculatedIncomeNonControlling": 6223000, "calculatedEbitda": 169168000}, {"date": "2008-12-31", "symbol": "NNN", "reportedCurrency": "USD", "cik": "0000751364", "fillingDate": "2009-02-26", "acceptedDate": "2009-02-26 17:18:39", "calendarYear": "2008", "period": "FY", "revenue": 231416000, "costOfRevenue": 4879000, "grossProfit": 226537000, "grossProfitRatio": 0.978916756, "researchAndDevelopmentExpenses": 0, "generalAndAdministrativeExpenses": 24868000, "sellingAndMarketingExpenses": 10532000, "sellingGeneralAndAdministrativeExpenses": 35400000, "otherExpenses": 44743000, "operatingExpenses": 80143000, "costAndExpenses": 85022000, "interestIncome": 3748000, "interestExpense": 58483000, "depreciationAndAmortization": 45402000, "ebitda": 195544000, "ebitdaratio": 0.8449891105, "operatingIncome": 145636000, "operatingIncomeRatio": 0.6293255436, "totalOtherIncomeExpensesNet": -1562000, "incomeBeforeTax": 90097000, "incomeBeforeTaxRatio": 0.3893291734, "incomeTaxExpense": -7501000, "netIncome": 123082000, "netIncomeRatio": 0.5318646939, "eps": 1.57, "epsdiluted": 1.56, "weightedAverageShsOut": 74249137, "weightedAverageShsOutDil": 74521909, "link": "https://www.sec.gov/Archives/edgar/data/751364/000119312509039243/0001193125-09-039243-index.htm", "finalLink": "https://www.sec.gov/Archives/edgar/data/751364/000119312509039243/d10k.htm", "calculatedOtherExpenses": 45501000, "calculatedOperatingExpenses": 80901000, "calculatedNetInterest": -54735000, "calculatedOtherIncome": -804000, "calculatedIncomeNonControlling": -25484000, "calculatedEbitda": 191038000}, {"date": "2007-12-31", "symbol": "NNN", "reportedCurrency": "USD", "cik": "0000751364", "fillingDate": "2008-02-22", "acceptedDate": "2008-02-22 17:19:13", "calendarYear": "2007", "period": "FY", "revenue": 186743000, "costOfRevenue": 9063000, "grossProfit": 177680000, "grossProfitRatio": 0.9514680604, "researchAndDevelopmentExpenses": 0, "generalAndAdministrativeExpenses": 23542000, "sellingAndMarketingExpenses": 0, "sellingGeneralAndAdministrativeExpenses": 23542000, "otherExpenses": 40865000, "operatingExpenses": 64407000, "costAndExpenses": 64407000, "interestIncome": 76374000, "interestExpense": 49286000, "depreciationAndAmortization": 32976000, "ebitda": 156741000, "ebitdaratio": 0.8393406982, "operatingIncome": 120907000, "operatingIncomeRatio": 0.6474513101, "totalOtherIncomeExpensesNet": -1429000, "incomeBeforeTax": 76374000, "incomeBeforeTaxRatio": 0.4089791853, "incomeTaxExpense": -8537000, "netIncome": 157110000, "netIncomeRatio": 0.8413166759, "eps": 2.27, "epsdiluted": 2.26, "weightedAverageShsOut": 66152437, "weightedAverageShsOutDil": 66407530, "link": "https://www.sec.gov/Archives/edgar/data/751364/000119312508036431/0001193125-08-036431-index.htm", "finalLink": "https://www.sec.gov/Archives/edgar/data/751364/000119312508036431/d10k.htm", "calculatedOtherExpenses": 33231000, "calculatedOperatingExpenses": 56773000, "calculatedNetInterest": 27088000, "calculatedOtherIncome": -71621000, "calculatedIncomeNonControlling": -72199000, "calculatedEbitda": 153883000}, {"date": "2006-12-31", "symbol": "NNN", "reportedCurrency": "USD", "cik": "0000751364", "fillingDate": "2007-02-21", "acceptedDate": "2007-02-21 17:27:47", "calendarYear": "2006", "period": "FY", "revenue": 158788000, "costOfRevenue": 7088000, "grossProfit": 151700000, "grossProfitRatio": 0.9553618661, "researchAndDevelopmentExpenses": 0, "generalAndAdministrativeExpenses": 24012000, "sellingAndMarketingExpenses": 0, "sellingGeneralAndAdministrativeExpenses": 24012000, "otherExpenses": 38838000, "operatingExpenses": 62850000, "costAndExpenses": 62850000, "interestIncome": 52299000, "interestExpense": 45874000, "depreciationAndAmortization": 24524000, "ebitda": 122042000, "ebitdaratio": 0.7685845278, "operatingIncome": 94358000, "operatingIncomeRatio": 0.5942388594, "totalOtherIncomeExpensesNet": -1580000, "incomeBeforeTax": 52299000, "incomeBeforeTaxRatio": 0.3293636799, "incomeTaxExpense": -11143000, "netIncome": 182505000, "netIncomeRatio": 1.1493626722, "eps": 3.08, "epsdiluted": 3.05, "weightedAverageShsOut": 57428063, "weightedAverageShsOutDil": 58079875, "link": "https://www.sec.gov/Archives/edgar/data/751364/000119312507036172/0001193125-07-036172-index.htm", "finalLink": "https://www.sec.gov/Archives/edgar/data/751364/000119312507036172/d10k.htm", "calculatedOtherExpenses": 33330000, "calculatedOperatingExpenses": 57342000, "calculatedNetInterest": 6425000, "calculatedOtherIncome": -48484000, "calculatedIncomeNonControlling": -119063000, "calculatedEbitda": 118882000}, {"date": "2005-12-31", "symbol": "NNN", "reportedCurrency": "USD", "cik": "0000751364", "fillingDate": "2006-02-27", "acceptedDate": "2006-02-27 17:14:16", "calendarYear": "2005", "period": "FY", "revenue": 145177000, "costOfRevenue": 13207000, "grossProfit": 131970000, "grossProfitRatio": 0.9090282896, "researchAndDevelopmentExpenses": 0, "generalAndAdministrativeExpenses": 23411000, "sellingAndMarketingExpenses": 0, "sellingGeneralAndAdministrativeExpenses": 23411000, "otherExpenses": 37865000, "operatingExpenses": 61276000, "costAndExpenses": 61276000, "interestIncome": 0, "interestExpense": 35941000, "depreciationAndAmortization": 22350000, "ebitda": 104241000, "ebitdaratio": 0.7180269602, "operatingIncome": 83901000, "operatingIncomeRatio": 0.5779221227, "totalOtherIncomeExpensesNet": 2010000, "incomeBeforeTax": 50014000, "incomeBeforeTaxRatio": 0.3445036059, "incomeTaxExpense": -2776000, "netIncome": 89400000, "netIncomeRatio": 0.6158000234, "eps": 1.58, "epsdiluted": 1.56, "weightedAverageShsOut": 52984821, "weightedAverageShsOutDil": 54640143, "link": "https://www.sec.gov/Archives/edgar/data/751364/000119312506040125/0001193125-06-040125-index.htm", "finalLink": "https://www.sec.gov/Archives/edgar/data/751364/000119312506040125/d10k.htm", "calculatedOtherExpenses": 24658000, "calculatedOperatingExpenses": 48069000, "calculatedNetInterest": -35941000, "calculatedOtherIncome": 2054000, "calculatedIncomeNonControlling": -36610000, "calculatedEbitda": 106251000}, {"date": "2004-12-31", "symbol": "NNN", "reportedCurrency": "USD", "cik": "0000751364", "fillingDate": "2005-03-15", "acceptedDate": "2005-03-15 11:19:34", "calendarYear": "2004", "period": "FY", "revenue": 129309000, "costOfRevenue": 12161000, "grossProfit": 117148000, "grossProfitRatio": 0.9059539553, "researchAndDevelopmentExpenses": 0, "generalAndAdministrativeExpenses": 22996000, "sellingAndMarketingExpenses": 0, "sellingGeneralAndAdministrativeExpenses": 22996000, "otherExpenses": 33040000, "operatingExpenses": 56036000, "costAndExpenses": 56036000, "interestIncome": 0, "interestExpense": 32463000, "depreciationAndAmortization": 17398000, "ebitda": 90671000, "ebitdaratio": 0.7011963591, "operatingIncome": 73273000, "operatingIncomeRatio": 0.5666504265, "totalOtherIncomeExpensesNet": -28684000, "incomeBeforeTax": 44589000, "incomeBeforeTaxRatio": 0.3448251862, "incomeTaxExpense": -2542000, "netIncome": 64934000, "netIncomeRatio": 0.5021614891, "eps": 1.15, "epsdiluted": 1.15, "weightedAverageShsOut": 51312434, "weightedAverageShsOutDil": 51742518, "link": "https://www.sec.gov/Archives/edgar/data/751364/000095013305001031/0000950133-05-001031-index.htm", "finalLink": "https://www.sec.gov/Archives/edgar/data/751364/000095013305001031/w06705e10vk.htm", "calculatedOtherExpenses": 20879000, "calculatedOperatingExpenses": 43875000, "calculatedNetInterest": -32463000, "calculatedOtherIncome": 3779000, "calculatedIncomeNonControlling": -17803000, "calculatedEbitda": 90671000}, {"date": "2003-12-31", "symbol": "NNN", "reportedCurrency": "USD", "cik": "0000751364", "fillingDate": "2004-03-12", "acceptedDate": "2004-03-12 16:40:35", "calendarYear": "2003", "period": "FY", "revenue": 102658000, "costOfRevenue": 0, "grossProfit": 102658000, "grossProfitRatio": 1, "researchAndDevelopmentExpenses": 0, "generalAndAdministrativeExpenses": 11486000, "sellingAndMarketingExpenses": 0, "sellingGeneralAndAdministrativeExpenses": 11486000, "otherExpenses": 18286000, "operatingExpenses": 29772000, "costAndExpenses": 29772000, "interestIncome": 0, "interestExpense": 0, "depreciationAndAmortization": 13569000, "ebitda": 80301000, "ebitdaratio": 0.7822186288, "operatingIncome": 72886000, "operatingIncomeRatio": 0.7099885055, "totalOtherIncomeExpensesNet": 6154000, "incomeBeforeTax": 79040000, "incomeBeforeTaxRatio": 0.7699351244, "incomeTaxExpense": 19413000, "netIncome": 53473000, "netIncomeRatio": 0.5208848799, "eps": 1.14, "epsdiluted": 1.13, "weightedAverageShsOut": 43108213, "weightedAverageShsOutDil": 43896800, "link": "https://www.sec.gov/Archives/edgar/data/751364/000075136404000014/0000751364-04-000014-index.htm", "finalLink": "https://www.sec.gov/Archives/edgar/data/751364/000075136404000014/k10_2003.htm", "calculatedOtherExpenses": 18286000, "calculatedOperatingExpenses": 29772000, "calculatedNetInterest": 0, "calculatedOtherIncome": 6154000, "calculatedIncomeNonControlling": 6154000, "calculatedEbitda": 86455000}, {"date": "2002-12-31", "symbol": "NNN", "reportedCurrency": "USD", "cik": "0000751364", "fillingDate": "2003-03-28", "acceptedDate": "2003-03-28 14:27:00", "calendarYear": "2002", "period": "FY", "revenue": 93827000, "costOfRevenue": 0, "grossProfit": 93827000, "grossProfitRatio": 1, "researchAndDevelopmentExpenses": 0, "generalAndAdministrativeExpenses": 9475000, "sellingAndMarketingExpenses": 0, "sellingGeneralAndAdministrativeExpenses": 9475000, "otherExpenses": 12906000, "operatingExpenses": 22381000, "costAndExpenses": 22381000, "interestIncome": 0, "interestExpense": 0, "depreciationAndAmortization": 11742000, "ebitda": 81854000, "ebitdaratio": 0.872392808, "operatingIncome": 69564000, "operatingIncomeRatio": 0.7414070577, "totalOtherIncomeExpensesNet": 1334000, "incomeBeforeTax": 70898000, "incomeBeforeTaxRatio": 0.7556247136, "incomeTaxExpense": 23388000, "netIncome": 48058000, "netIncomeRatio": 0.5121979814, "eps": 1.09, "epsdiluted": 1.09, "weightedAverageShsOut": 40383405, "weightedAverageShsOutDil": 40588957, "link": "https://www.sec.gov/Archives/edgar/data/751364/000075136403000060/0000751364-03-000060-index.htm", "finalLink": "https://www.sec.gov/Archives/edgar/data/751364/000075136403000060/k10_2002.htm", "calculatedOtherExpenses": 14788000, "calculatedOperatingExpenses": 24263000, "calculatedNetInterest": 0, "calculatedOtherIncome": 1334000, "calculatedIncomeNonControlling": -548000, "calculatedEbitda": 81306000}, {"date": "2001-12-31", "symbol": "NNN", "reportedCurrency": "USD", "cik": "0000751364", "fillingDate": "2002-03-27", "acceptedDate": "2002-03-27 00:00:00", "calendarYear": "2001", "period": "FY", "revenue": 80526000, "costOfRevenue": 0, "grossProfit": 80526000, "grossProfitRatio": 1, "researchAndDevelopmentExpenses": 0, "generalAndAdministrativeExpenses": 6912000, "sellingAndMarketingExpenses": 0, "sellingGeneralAndAdministrativeExpenses": 6912000, "otherExpenses": 22872000, "operatingExpenses": 29784000, "costAndExpenses": 29784000, "interestIncome": 0, "interestExpense": 0, "depreciationAndAmortization": 9211000, "ebitda": 61428000, "ebitdaratio": 0.7628343641, "operatingIncome": 50742000, "operatingIncomeRatio": 0.6301318829, "totalOtherIncomeExpensesNet": -1475000, "incomeBeforeTax": 49267000, "incomeBeforeTaxRatio": 0.6118148176, "incomeTaxExpense": 21779000, "netIncome": 28963000, "netIncomeRatio": 0.3596726523, "eps": 0.92, "epsdiluted": 0.91, "weightedAverageShsOut": 31539857, "weightedAverageShsOutDil": 31717043, "link": "https://www.sec.gov/Archives/edgar/data/751364/000075136402000031/0000751364-02-000031-index.htm", "finalLink": "https://www.sec.gov/Archives/edgar/data/751364/000075136402000031/k10_2001.htm", "calculatedOtherExpenses": 22872000, "calculatedOperatingExpenses": 29784000, "calculatedNetInterest": 0, "calculatedOtherIncome": -1475000, "calculatedIncomeNonControlling": -1475000, "calculatedEbitda": 59953000}, {"date": "2000-12-31", "symbol": "NNN", "reportedCurrency": "USD", "cik": "0000751364", "fillingDate": "2001-03-30", "acceptedDate": "2001-03-30 00:00:00", "calendarYear": "2000", "period": "FY", "revenue": 80891000, "costOfRevenue": 0, "grossProfit": 80891000, "grossProfitRatio": 1, "researchAndDevelopmentExpenses": 0, "generalAndAdministrativeExpenses": 4850000, "sellingAndMarketingExpenses": 0, "sellingGeneralAndAdministrativeExpenses": 4850000, "otherExpenses": 11006000, "operatingExpenses": 15856000, "costAndExpenses": 15856000, "interestIncome": 0, "interestExpense": 0, "depreciationAndAmortization": 9088000, "ebitda": 78103000, "ebitdaratio": 0.9655338666, "operatingIncome": 65035000, "operatingIncomeRatio": 0.8039831378, "totalOtherIncomeExpensesNet": -3980000, "incomeBeforeTax": 61055000, "incomeBeforeTaxRatio": 0.7547811252, "incomeTaxExpense": 26784000, "netIncome": 38251000, "netIncomeRatio": 0.4728709003, "eps": 1.26, "epsdiluted": 1.26, "weightedAverageShsOut": 30387371, "weightedAverageShsOutDil": 30407507, "link": "https://www.sec.gov/Archives/edgar/data/751364/000075136401000042/0000751364-01-000042-index.htm", "finalLink": "https://www.sec.gov/Archives/edgar/data/751364/000075136401000042/0000751364-01-000042-0001.txt", "calculatedOtherExpenses": 11006000, "calculatedOperatingExpenses": 15856000, "calculatedNetInterest": 0, "calculatedOtherIncome": -3980000, "calculatedIncomeNonControlling": -3980000, "calculatedEbitda": 74123000}, {"date": "1999-12-31", "symbol": "NNN", "reportedCurrency": "USD", "cik": "0000751364", "fillingDate": "2000-03-30", "acceptedDate": "2000-03-30 00:00:00", "calendarYear": "1999", "period": "FY", "revenue": 76543000, "costOfRevenue": 0, "grossProfit": 76543000, "grossProfitRatio": 1, "researchAndDevelopmentExpenses": 0, "generalAndAdministrativeExpenses": 6180000, "sellingAndMarketingExpenses": 0, "sellingGeneralAndAdministrativeExpenses": 6180000, "otherExpenses": 24690000, "operatingExpenses": 30870000, "costAndExpenses": 30870000, "interestIncome": 0, "interestExpense": 0, "depreciationAndAmortization": 8634000, "ebitda": 48507000, "ebitdaratio": 0.6337222215, "operatingIncome": 51473000, "operatingIncomeRatio": 0.6724716826, "totalOtherIncomeExpensesNet": 5800000, "incomeBeforeTax": 57273000, "incomeBeforeTaxRatio": 0.7482460839, "incomeTaxExpense": 10362000, "netIncome": 35311000, "netIncomeRatio": 0.4613223939, "eps": 1.16, "epsdiluted": 1.16, "weightedAverageShsOut": 30331327, "weightedAverageShsOutDil": 30408219, "link": "https://www.sec.gov/Archives/edgar/data/751364/000075136400000054/0000751364-00-000054-index.html", "finalLink": "https://www.sec.gov/Archives/edgar/data/751364/000075136400000054/", "calculatedOtherExpenses": 18890000, "calculatedOperatingExpenses": 25070000, "calculatedNetInterest": 0, "calculatedOtherIncome": 5800000, "calculatedIncomeNonControlling": 11600000, "calculatedEbitda": 60107000}, {"date": "1998-12-31", "symbol": "NNN", "reportedCurrency": "USD", "cik": "0000751364", "fillingDate": "1999-03-30", "acceptedDate": "1999-03-30 00:00:00", "calendarYear": "1998", "period": "FY", "revenue": 64112000, "costOfRevenue": 0, "grossProfit": 64112000, "grossProfitRatio": 1, "researchAndDevelopmentExpenses": 0, "generalAndAdministrativeExpenses": 7735000, "sellingAndMarketingExpenses": 0, "sellingGeneralAndAdministrativeExpenses": 7735000, "otherExpenses": 9759000, "operatingExpenses": 17494000, "costAndExpenses": 17494000, "interestIncome": 0, "interestExpense": 0, "depreciationAndAmortization": 6759000, "ebitda": 56477000, "ebitdaratio": 0.8809115298, "operatingIncome": 43518000, "operatingIncomeRatio": 0.6787808835, "totalOtherIncomeExpensesNet": -3100000, "incomeBeforeTax": 40418000, "incomeBeforeTaxRatio": 0.630428001, "incomeTaxExpense": 14177000, "netIncome": 32441000, "netIncomeRatio": 0.506005116, "eps": 1.11, "epsdiluted": 1.1, "weightedAverageShsOut": 29169371, "weightedAverageShsOutDil": 29397154, "link": "https://www.sec.gov/Archives/edgar/data/751364/000075136499000006/0000751364-99-000006-index.html", "finalLink": "https://www.sec.gov/Archives/edgar/data/751364/", "calculatedOtherExpenses": 12859000, "calculatedOperatingExpenses": 20594000, "calculatedNetInterest": 0, "calculatedOtherIncome": -3100000, "calculatedIncomeNonControlling": -6200000, "calculatedEbitda": 50277000}, {"date": "1997-12-31", "symbol": "NNN", "reportedCurrency": "USD", "cik": "0000751364", "fillingDate": "1998-03-18", "acceptedDate": "1998-03-18 00:00:00", "calendarYear": "1997", "period": "FY", "revenue": 50135000, "costOfRevenue": 0, "grossProfit": 50135000, "grossProfitRatio": 1, "researchAndDevelopmentExpenses": 0, "generalAndAdministrativeExpenses": 1216000, "sellingAndMarketingExpenses": 0, "sellingGeneralAndAdministrativeExpenses": 1216000, "otherExpenses": 8609000, "operatingExpenses": 9825000, "costAndExpenses": 9825000, "interestIncome": 0, "interestExpense": 0, "depreciationAndAmortization": 5302000, "ebitda": 44812000, "ebitdaratio": 0.893826668, "operatingIncome": 41110000, "operatingIncomeRatio": 0.8199860377, "totalOtherIncomeExpensesNet": 800000, "incomeBeforeTax": 30785000, "incomeBeforeTaxRatio": 0.6140420864, "incomeTaxExpense": 400000, "netIncome": 30385000, "netIncomeRatio": 0.6060636282, "eps": 1.26, "epsdiluted": 1.25, "weightedAverageShsOut": 24070697, "weightedAverageShsOutDil": 24220792, "link": "https://www.sec.gov/Archives/edgar/data/751364/000075136498000002/0000751364-98-000002-index.html", "finalLink": "https://www.sec.gov/Archives/edgar/data/751364/", "calculatedOtherExpenses": 7809000, "calculatedOperatingExpenses": 9025000, "calculatedNetInterest": 0, "calculatedOtherIncome": -10325000, "calculatedIncomeNonControlling": 0, "calculatedEbitda": 46412000}, {"date": "1996-12-31", "symbol": "NNN", "reportedCurrency": "USD", "cik": "0000751364", "fillingDate": "1997-03-20", "acceptedDate": "1997-03-20 00:00:00", "calendarYear": "1996", "period": "FY", "revenue": 33369000, "costOfRevenue": 0, "grossProfit": 33369000, "grossProfitRatio": 1, "researchAndDevelopmentExpenses": 0, "generalAndAdministrativeExpenses": 1183000, "sellingAndMarketingExpenses": 0, "sellingGeneralAndAdministrativeExpenses": 1183000, "otherExpenses": 5214000, "operatingExpenses": 6397000, "costAndExpenses": 6397000, "interestIncome": 0, "interestExpense": 0, "depreciationAndAmortization": 3552000, "ebitda": 30525000, "ebitdaratio": 0.9147711948, "operatingIncome": 26972000, "operatingIncomeRatio": 0.8082951242, "totalOtherIncomeExpensesNet": -6933000, "incomeBeforeTax": 20039000, "incomeBeforeTaxRatio": 0.6005274356, "incomeTaxExpense": 200000, "netIncome": 19839000, "netIncomeRatio": 0.5945338488, "eps": 1.18, "epsdiluted": 1.18, "weightedAverageShsOut": 16779661, "weightedAverageShsOutDil": 16779661, "link": "https://www.sec.gov/Archives/edgar/data/751364/000075136497000002/0000751364-97-000002-index.html", "finalLink": "https://www.sec.gov/Archives/edgar/data/751364/", "calculatedOtherExpenses": 5214000, "calculatedOperatingExpenses": 6397000, "calculatedNetInterest": 0, "calculatedOtherIncome": -6933000, "calculatedIncomeNonControlling": 0, "calculatedEbitda": 30524000}, {"date": "1995-12-31", "symbol": "NNN", "reportedCurrency": "USD", "cik": "0000751364", "fillingDate": "1996-03-29", "acceptedDate": "1996-03-29 00:00:00", "calendarYear": "1995", "period": "FY", "revenue": 20580380, "costOfRevenue": 0, "grossProfit": 20580380, "grossProfitRatio": 1, "researchAndDevelopmentExpenses": 0, "generalAndAdministrativeExpenses": 721850, "sellingAndMarketingExpenses": 0, "sellingGeneralAndAdministrativeExpenses": 721850, "otherExpenses": 3316871, "operatingExpenses": 4038721, "costAndExpenses": 4038721, "interestIncome": 0, "interestExpense": 0, "depreciationAndAmortization": 2058197, "ebitda": 18599856, "ebitdaratio": 0.9037664028, "operatingIncome": 16541659, "operatingIncomeRatio": 0.803758677, "totalOtherIncomeExpensesNet": -3534388, "incomeBeforeTax": 13007271, "incomeBeforeTaxRatio": 0.6320228781, "incomeTaxExpense": 300000, "netIncome": 12707271, "netIncomeRatio": 0.6174458878, "eps": 1.09, "epsdiluted": 1.09, "weightedAverageShsOut": 11663672, "weightedAverageShsOutDil": 11663672, "link": "https://www.sec.gov/Archives/edgar/data/751364/000075136496000017/0000751364-96-000017-index.html", "finalLink": "https://www.sec.gov/Archives/edgar/data/751364/", "calculatedOtherExpenses": 3316871, "calculatedOperatingExpenses": 4038721, "calculatedNetInterest": 0, "calculatedOtherIncome": -3534388, "calculatedIncomeNonControlling": 0, "calculatedEbitda": 18599856}, {"date": "1994-12-31", "symbol": "NNN", "reportedCurrency": "USD", "cik": "0000751364", "fillingDate": "1994-12-31", "acceptedDate": "1994-12-30 19:00:00", "calendarYear": "1994", "period": "FY", "revenue": 12300000, "costOfRevenue": 0, "grossProfit": 12300000, "grossProfitRatio": 1, "researchAndDevelopmentExpenses": 0, "generalAndAdministrativeExpenses": 600000, "sellingAndMarketingExpenses": 0, "sellingGeneralAndAdministrativeExpenses": 600000, "otherExpenses": -2900000, "operatingExpenses": -2300000, "costAndExpenses": -2300000, "interestIncome": 0, "interestExpense": 0, "depreciationAndAmortization": 1300000, "ebitda": 15900000, "ebitdaratio": 1.2926829268, "operatingIncome": 14600000, "operatingIncomeRatio": 1.1869918699, "totalOtherIncomeExpensesNet": 0, "incomeBeforeTax": 0, "incomeBeforeTaxRatio": 0, "incomeTaxExpense": 5700000, "netIncome": 8900000, "netIncomeRatio": 0.7235772358, "eps": 1.04, "epsdiluted": 1.04, "weightedAverageShsOut": 8557692, "weightedAverageShsOutDil": 8557692, "link": "", "finalLink": "", "calculatedOtherExpenses": -2900000, "calculatedOperatingExpenses": -2300000, "calculatedNetInterest": 0, "calculatedOtherIncome": -14600000, "calculatedIncomeNonControlling": -14600000, "calculatedEbitda": 15900000}, {"date": "1993-12-31", "symbol": "NNN", "reportedCurrency": "USD", "cik": "0000751364", "fillingDate": "1993-12-31", "acceptedDate": "1993-12-30 19:00:00", "calendarYear": "1993", "period": "FY", "revenue": 5500000, "costOfRevenue": 0, "grossProfit": 5500000, "grossProfitRatio": 1, "researchAndDevelopmentExpenses": 0, "generalAndAdministrativeExpenses": 500000, "sellingAndMarketingExpenses": 0, "sellingGeneralAndAdministrativeExpenses": 500000, "otherExpenses": -1600000, "operatingExpenses": -1100000, "costAndExpenses": -1100000, "interestIncome": 0, "interestExpense": 0, "depreciationAndAmortization": 600000, "ebitda": 6800000, "ebitdaratio": 1.2363636364, "operatingIncome": 6600000, "operatingIncomeRatio": 1.2, "totalOtherIncomeExpensesNet": 400000, "incomeBeforeTax": 7000000, "incomeBeforeTaxRatio": 1.2727272727, "incomeTaxExpense": 3100000, "netIncome": 3500000, "netIncomeRatio": 0.6363636364, "eps": 0.95, "epsdiluted": 0.95, "weightedAverageShsOut": 1818182, "weightedAverageShsOutDil": 1818182, "link": "", "finalLink": "", "calculatedOtherExpenses": -1600000, "calculatedOperatingExpenses": -1100000, "calculatedNetInterest": 0, "calculatedOtherIncome": 400000, "calculatedIncomeNonControlling": 400000, "calculatedEbitda": 7200000}, {"date": "1992-12-31", "symbol": "NNN", "reportedCurrency": "USD", "cik": "0000751364", "fillingDate": "1992-12-31", "acceptedDate": "1992-12-30 19:00:00", "calendarYear": "1992", "period": "FY", "revenue": 2600000, "costOfRevenue": 0, "grossProfit": 2600000, "grossProfitRatio": 1, "researchAndDevelopmentExpenses": 0, "generalAndAdministrativeExpenses": 0, "sellingAndMarketingExpenses": 0, "sellingGeneralAndAdministrativeExpenses": 0, "otherExpenses": -800000, "operatingExpenses": -800000, "costAndExpenses": -800000, "interestIncome": 0, "interestExpense": 0, "depreciationAndAmortization": 400000, "ebitda": 3800000, "ebitdaratio": 1.4615384615, "operatingIncome": 3400000, "operatingIncomeRatio": 1.3076923077, "totalOtherIncomeExpensesNet": 0, "incomeBeforeTax": 0, "incomeBeforeTaxRatio": 0, "incomeTaxExpense": 1800000, "netIncome": 1600000, "netIncomeRatio": 0.6153846154, "eps": 0.95, "epsdiluted": 0.95, "weightedAverageShsOut": 1684211, "weightedAverageShsOutDil": 1684211, "link": "", "finalLink": "", "calculatedOtherExpenses": -800000, "calculatedOperatingExpenses": -800000, "calculatedNetInterest": 0, "calculatedOtherIncome": -3400000, "calculatedIncomeNonControlling": -3400000, "calculatedEbitda": 3800000}, {"date": "1991-12-31", "symbol": "NNN", "reportedCurrency": "USD", "cik": "0000751364", "fillingDate": "1991-12-31", "acceptedDate": "1991-12-30 19:00:00", "calendarYear": "1991", "period": "FY", "revenue": 1900000, "costOfRevenue": 0, "grossProfit": 1900000, "grossProfitRatio": 1, "researchAndDevelopmentExpenses": 0, "generalAndAdministrativeExpenses": 0, "sellingAndMarketingExpenses": 0, "sellingGeneralAndAdministrativeExpenses": 0, "otherExpenses": -600000, "operatingExpenses": -600000, "costAndExpenses": -600000, "interestIncome": 0, "interestExpense": 0, "depreciationAndAmortization": 300000, "ebitda": 2800000, "ebitdaratio": 1.4736842105, "operatingIncome": 2500000, "operatingIncomeRatio": 1.3157894737, "totalOtherIncomeExpensesNet": 0, "incomeBeforeTax": 0, "incomeBeforeTaxRatio": 0, "incomeTaxExpense": 1200000, "netIncome": 1300000, "netIncomeRatio": 0.6842105263, "eps": 0.85, "epsdiluted": 0.85, "weightedAverageShsOut": 1529412, "weightedAverageShsOutDil": 1529412, "link": "", "finalLink": "", "calculatedOtherExpenses": -600000, "calculatedOperatingExpenses": -600000, "calculatedNetInterest": 0, "calculatedOtherIncome": -2500000, "calculatedIncomeNonControlling": -2500000, "calculatedEbitda": 2800000}, {"date": "1990-12-31", "symbol": "NNN", "reportedCurrency": "USD", "cik": "0000751364", "fillingDate": "1990-12-31", "acceptedDate": "1990-12-30 19:00:00", "calendarYear": "1990", "period": "FY", "revenue": 1900000, "costOfRevenue": 0, "grossProfit": 1900000, "grossProfitRatio": 1, "researchAndDevelopmentExpenses": 0, "generalAndAdministrativeExpenses": 0, "sellingAndMarketingExpenses": 0, "sellingGeneralAndAdministrativeExpenses": 0, "otherExpenses": -500000, "operatingExpenses": -500000, "costAndExpenses": -500000, "interestIncome": 0, "interestExpense": 0, "depreciationAndAmortization": 300000, "ebitda": 2700000, "ebitdaratio": 1.4210526316, "operatingIncome": 2400000, "operatingIncomeRatio": 1.2631578947, "totalOtherIncomeExpensesNet": 0, "incomeBeforeTax": 0, "incomeBeforeTaxRatio": 0, "incomeTaxExpense": 1000000, "netIncome": 1400000, "netIncomeRatio": 0.7368421053, "eps": 0.94, "epsdiluted": 0.94, "weightedAverageShsOut": 1489362, "weightedAverageShsOutDil": 1489362, "link": "", "finalLink": "", "calculatedOtherExpenses": -500000, "calculatedOperatingExpenses": -500000, "calculatedNetInterest": 0, "calculatedOtherIncome": -2400000, "calculatedIncomeNonControlling": -2400000, "calculatedEbitda": 2700000}, {"date": "1989-12-31", "symbol": "NNN", "reportedCurrency": "USD", "cik": "0000751364", "fillingDate": "1989-12-31", "acceptedDate": "1989-12-30 19:00:00", "calendarYear": "1989", "period": "FY", "revenue": 1800000, "costOfRevenue": 0, "grossProfit": 1800000, "grossProfitRatio": 1, "researchAndDevelopmentExpenses": 0, "generalAndAdministrativeExpenses": 0, "sellingAndMarketingExpenses": 0, "sellingGeneralAndAdministrativeExpenses": 0, "otherExpenses": -400000, "operatingExpenses": -400000, "costAndExpenses": -400000, "interestIncome": 0, "interestExpense": 0, "depreciationAndAmortization": 0, "ebitda": 2200000, "ebitdaratio": 1.2222222222, "operatingIncome": 2200000, "operatingIncomeRatio": 1.2222222222, "totalOtherIncomeExpensesNet": -800000, "incomeBeforeTax": 1400000, "incomeBeforeTaxRatio": 0.7777777778, "incomeTaxExpense": 100000, "netIncome": 1300000, "netIncomeRatio": 0.7222222222, "eps": 0.88, "epsdiluted": 0.88, "weightedAverageShsOut": 1477273, "weightedAverageShsOutDil": 1477273, "link": "", "finalLink": "", "calculatedOtherExpenses": -400000, "calculatedOperatingExpenses": -400000, "calculatedNetInterest": 0, "calculatedOtherIncome": -800000, "calculatedIncomeNonControlling": 0, "calculatedEbitda": 2200000}, {"date": "1988-12-31", "symbol": "NNN", "reportedCurrency": "USD", "cik": "0000751364", "fillingDate": "1988-12-31", "acceptedDate": "1988-12-30 19:00:00", "calendarYear": "1988", "period": "FY", "revenue": 1800000, "costOfRevenue": 0, "grossProfit": 1800000, "grossProfitRatio": 1, "researchAndDevelopmentExpenses": 0, "generalAndAdministrativeExpenses": 0, "sellingAndMarketingExpenses": 0, "sellingGeneralAndAdministrativeExpenses": 0, "otherExpenses": -500000, "operatingExpenses": -500000, "costAndExpenses": -500000, "interestIncome": 0, "interestExpense": 0, "depreciationAndAmortization": 0, "ebitda": 2300000, "ebitdaratio": 1.2777777778, "operatingIncome": 2300000, "operatingIncomeRatio": 1.2777777778, "totalOtherIncomeExpensesNet": 0, "incomeBeforeTax": 0, "incomeBeforeTaxRatio": 0, "incomeTaxExpense": -1300000, "netIncome": 1300000, "netIncomeRatio": 0.7222222222, "eps": 0.91, "epsdiluted": 0.91, "weightedAverageShsOut": 1428571, "weightedAverageShsOutDil": 1428571, "link": "", "finalLink": "", "calculatedOtherExpenses": -500000, "calculatedOperatingExpenses": -500000, "calculatedNetInterest": 0, "calculatedOtherIncome": -2300000, "calculatedIncomeNonControlling": 0, "calculatedEbitda": 2300000}, {"date": "1987-12-31", "symbol": "NNN", "reportedCurrency": "USD", "cik": "0000751364", "fillingDate": "1987-12-31", "acceptedDate": "1987-12-30 19:00:00", "calendarYear": "1987", "period": "FY", "revenue": 1900000, "costOfRevenue": 0, "grossProfit": 1900000, "grossProfitRatio": 1, "researchAndDevelopmentExpenses": 0, "generalAndAdministrativeExpenses": 0, "sellingAndMarketingExpenses": 0, "sellingGeneralAndAdministrativeExpenses": 0, "otherExpenses": -400000, "operatingExpenses": -400000, "costAndExpenses": -400000, "interestIncome": 0, "interestExpense": 0, "depreciationAndAmortization": 0, "ebitda": 2300000, "ebitdaratio": 1.2105263158, "operatingIncome": 2300000, "operatingIncomeRatio": 1.2105263158, "totalOtherIncomeExpensesNet": 0, "incomeBeforeTax": 0, "incomeBeforeTaxRatio": 0, "incomeTaxExpense": -1500000, "netIncome": 1500000, "netIncomeRatio": 0.7894736842, "eps": 1.01, "epsdiluted": 1.01, "weightedAverageShsOut": 1485149, "weightedAverageShsOutDil": 1485149, "link": "", "finalLink": "", "calculatedOtherExpenses": -400000, "calculatedOperatingExpenses": -400000, "calculatedNetInterest": 0, "calculatedOtherIncome": -2300000, "calculatedIncomeNonControlling": 0, "calculatedEbitda": 2300000}, {"date": "1986-12-31", "symbol": "NNN", "reportedCurrency": "USD", "cik": "0000751364", "fillingDate": "1986-12-31", "acceptedDate": "1986-12-30 19:00:00", "calendarYear": "1986", "period": "FY", "revenue": 2000000, "costOfRevenue": 0, "grossProfit": 2000000, "grossProfitRatio": 1, "researchAndDevelopmentExpenses": 0, "generalAndAdministrativeExpenses": 0, "sellingAndMarketingExpenses": 0, "sellingGeneralAndAdministrativeExpenses": 0, "otherExpenses": -400000, "operatingExpenses": -400000, "costAndExpenses": -400000, "interestIncome": 0, "interestExpense": 0, "depreciationAndAmortization": 0, "ebitda": 2400000, "ebitdaratio": 1.2, "operatingIncome": 2400000, "operatingIncomeRatio": 1.2, "totalOtherIncomeExpensesNet": 0, "incomeBeforeTax": 0, "incomeBeforeTaxRatio": 0, "incomeTaxExpense": -1600000, "netIncome": 1600000, "netIncomeRatio": 0.8, "eps": 1.05, "epsdiluted": 1.05, "weightedAverageShsOut": 1523810, "weightedAverageShsOutDil": 1523810, "link": "", "finalLink": "", "calculatedOtherExpenses": -400000, "calculatedOperatingExpenses": -400000, "calculatedNetInterest": 0, "calculatedOtherIncome": -2400000, "calculatedIncomeNonControlling": 0, "calculatedEbitda": 2400000}, {"date": "1985-12-31", "symbol": "NNN", "reportedCurrency": "USD", "cik": "0000751364", "fillingDate": "1985-12-31", "acceptedDate": "1985-12-30 19:00:00", "calendarYear": "1985", "period": "FY", "revenue": 2000000, "costOfRevenue": 0, "grossProfit": 2000000, "grossProfitRatio": 1, "researchAndDevelopmentExpenses": 0, "generalAndAdministrativeExpenses": 0, "sellingAndMarketingExpenses": 0, "sellingGeneralAndAdministrativeExpenses": 0, "otherExpenses": -400000, "operatingExpenses": -400000, "costAndExpenses": -400000, "interestIncome": 0, "interestExpense": 0, "depreciationAndAmortization": 0, "ebitda": 2400000, "ebitdaratio": 1.2, "operatingIncome": 2400000, "operatingIncomeRatio": 1.2, "totalOtherIncomeExpensesNet": 0, "incomeBeforeTax": 0, "incomeBeforeTaxRatio": 0, "incomeTaxExpense": -1600000, "netIncome": 1600000, "netIncomeRatio": 0.8, "eps": 1.1, "epsdiluted": 1.1, "weightedAverageShsOut": 1454545, "weightedAverageShsOutDil": 1454545, "link": "", "finalLink": "", "calculatedOtherExpenses": -400000, "calculatedOperatingExpenses": -400000, "calculatedNetInterest": 0, "calculatedOtherIncome": -2400000, "calculatedIncomeNonControlling": 0, "calculatedEbitda": 2400000}]}