{"originalCurrency": "USD", "convertedCurrency": "USD", "report": [{"date": "2023-12-31", "symbol": "NOG", "reportedCurrency": "USD", "cik": "0001104485", "fillingDate": "2024-02-22", "acceptedDate": "2024-02-22 16:09:08", "calendarYear": "2023", "period": "FY", "revenue": 1907009000, "costOfRevenue": 993148000, "grossProfit": 913861000, "grossProfitRatio": 0.479211687, "researchAndDevelopmentExpenses": 0, "generalAndAdministrativeExpenses": 46801000, "sellingAndMarketingExpenses": -10400000, "sellingGeneralAndAdministrativeExpenses": 36401000, "otherExpenses": -4448000, "operatingExpenses": 40849000, "costAndExpenses": 1033997000, "interestIncome": 0, "interestExpense": 138663000, "depreciationAndAmortization": 486024000, "ebitda": 1359036000, "ebitdaratio": 0.7126531652, "operatingIncome": 873012000, "operatingIncomeRatio": 0.4577912322, "totalOtherIncomeExpensesNet": 127730000, "incomeBeforeTax": 1000742000, "incomeBeforeTaxRatio": 0.5247704652, "incomeTaxExpense": 77773000, "netIncome": 922969000, "netIncomeRatio": 0.4839877525, "eps": 10.09, "epsdiluted": 10.03, "weightedAverageShsOut": 91483687, "weightedAverageShsOutDil": 92060947, "link": "https://www.sec.gov/Archives/edgar/data/1104485/000110448524000042/0001104485-24-000042-index.htm", "finalLink": "https://www.sec.gov/Archives/edgar/data/1104485/000110448524000042/exhibit991-earningsrelease.htm", "calculatedOtherExpenses": 4448000, "calculatedOperatingExpenses": 40849000, "calculatedNetInterest": -138663000, "calculatedOtherIncome": 266393000, "calculatedIncomeNonControlling": 0, "calculatedEbitda": 1359036000}, {"date": "2022-12-31", "symbol": "NOG", "reportedCurrency": "USD", "cik": "0001104485", "fillingDate": "2023-02-24", "acceptedDate": "2023-02-24 16:59:24", "calendarYear": "2022", "period": "FY", "revenue": 1985798000, "costOfRevenue": 670142000, "grossProfit": 1315656000, "grossProfitRatio": 0.6625326443, "researchAndDevelopmentExpenses": 0, "generalAndAdministrativeExpenses": 47201000, "sellingAndMarketingExpenses": 0, "sellingGeneralAndAdministrativeExpenses": 47201000, "otherExpenses": -185000, "operatingExpenses": 47201000, "costAndExpenses": 717343000, "interestIncome": 79338000, "interestExpense": 80331000, "depreciationAndAmortization": 415077000, "ebitda": 1268269000, "ebitdaratio": 0.6386696935, "operatingIncome": 853192000, "operatingIncomeRatio": 0.4296469228, "totalOtherIncomeExpensesNet": -76854000, "incomeBeforeTax": 776338000, "incomeBeforeTaxRatio": 0.3909451012, "incomeTaxExpense": 3101000, "netIncome": 773237000, "netIncomeRatio": 0.3893835123, "eps": 9.26, "epsdiluted": 8.4, "weightedAverageShsOut": 78557216, "weightedAverageShsOutDil": 86675365, "link": "https://www.sec.gov/Archives/edgar/data/1104485/000110448523000041/0001104485-23-000041-index.htm", "finalLink": "https://www.sec.gov/Archives/edgar/data/1104485/000110448523000041/nog-20221231.htm", "calculatedOtherExpenses": 415263000, "calculatedOperatingExpenses": 462464000, "calculatedNetInterest": -993000, "calculatedOtherIncome": -75861000, "calculatedIncomeNonControlling": 0, "calculatedEbitda": 1268269000}, {"date": "2021-12-31", "symbol": "NOG", "reportedCurrency": "USD", "cik": "0001104485", "fillingDate": "2022-02-25", "acceptedDate": "2022-02-25 17:15:47", "calendarYear": "2021", "period": "FY", "revenue": 975092000, "costOfRevenue": 388599000, "grossProfit": 586493000, "grossProfitRatio": 0.6014745275, "researchAndDevelopmentExpenses": 0, "generalAndAdministrativeExpenses": 30341000, "sellingAndMarketingExpenses": 0, "sellingGeneralAndAdministrativeExpenses": 30341000, "otherExpenses": -9000, "operatingExpenses": 30341000, "costAndExpenses": 418940000, "interestIncome": 57977000, "interestExpense": 59020000, "depreciationAndAmortization": 140828000, "ebitda": 556143000, "ebitdaratio": 0.5703492594, "operatingIncome": 415315000, "operatingIncomeRatio": 0.4259239128, "totalOtherIncomeExpensesNet": -408721000, "incomeBeforeTax": 6594000, "incomeBeforeTaxRatio": 0.0067624388, "incomeTaxExpense": 233000, "netIncome": 6361000, "netIncomeRatio": 0.006523487, "eps": -0.13, "epsdiluted": -0.13, "weightedAverageShsOut": 62989543, "weightedAverageShsOutDil": 62989543, "link": "https://www.sec.gov/Archives/edgar/data/1104485/000110448522000047/0001104485-22-000047-index.htm", "finalLink": "https://www.sec.gov/Archives/edgar/data/1104485/000110448522000047/nog-20211231.htm", "calculatedOtherExpenses": 140837000, "calculatedOperatingExpenses": 171178000, "calculatedNetInterest": -1043000, "calculatedOtherIncome": -407678000, "calculatedIncomeNonControlling": 0, "calculatedEbitda": 556143000}, {"date": "2020-12-31", "symbol": "NOG", "reportedCurrency": "USD", "cik": "0001104485", "fillingDate": "2021-03-12", "acceptedDate": "2021-03-12 16:31:47", "calendarYear": "2020", "period": "FY", "revenue": 324069000, "costOfRevenue": 308239000, "grossProfit": 15830000, "grossProfitRatio": 0.048847622, "researchAndDevelopmentExpenses": 0, "generalAndAdministrativeExpenses": 18546000, "sellingAndMarketingExpenses": 0, "sellingGeneralAndAdministrativeExpenses": 18546000, "otherExpenses": -1555000, "operatingExpenses": 18546000, "costAndExpenses": 326785000, "interestIncome": 61065000, "interestExpense": 58503000, "depreciationAndAmortization": -1555000, "ebitda": -4271000, "ebitdaratio": -0.0131792921, "operatingIncome": -2716000, "operatingIncomeRatio": -0.0083809312, "totalOtherIncomeExpensesNet": -903491000, "incomeBeforeTax": -906207000, "incomeBeforeTaxRatio": -2.7963396684, "incomeTaxExpense": -166000, "netIncome": -906041000, "netIncomeRatio": -2.7958274318, "eps": -21.2, "epsdiluted": -21.2, "weightedAverageShsOut": 42744639, "weightedAverageShsOutDil": 42744639, "link": "https://www.sec.gov/Archives/edgar/data/1104485/000110448521000026/0001104485-21-000026-index.htm", "finalLink": "https://www.sec.gov/Archives/edgar/data/1104485/000110448521000026/nog-20201231.htm", "calculatedOtherExpenses": 0, "calculatedOperatingExpenses": 18546000, "calculatedNetInterest": 2562000, "calculatedOtherIncome": -906053000, "calculatedIncomeNonControlling": 0, "calculatedEbitda": -4271000}, {"date": "2019-12-31", "symbol": "NOG", "reportedCurrency": "USD", "cik": "0001104485", "fillingDate": "2020-03-12", "acceptedDate": "2020-03-12 16:39:33", "calendarYear": "2019", "period": "FY", "revenue": 601239000, "costOfRevenue": 386871000, "grossProfit": 214368000, "grossProfitRatio": 0.3565437372, "researchAndDevelopmentExpenses": 0, "generalAndAdministrativeExpenses": 23624000, "sellingAndMarketingExpenses": 0, "sellingGeneralAndAdministrativeExpenses": 23624000, "otherExpenses": 158000, "operatingExpenses": 23624000, "costAndExpenses": 410495000, "interestIncome": 79229000, "interestExpense": 80676000, "depreciationAndAmortization": 210201000, "ebitda": 190902000, "ebitdaratio": 0.3175143329, "operatingIncome": -19299000, "operatingIncomeRatio": -0.0320987162, "totalOtherIncomeExpensesNet": -57019000, "incomeBeforeTax": -76318000, "incomeBeforeTaxRatio": -0.1269345468, "incomeTaxExpense": -129367000, "netIncome": 53049000, "netIncomeRatio": 0.0882327993, "eps": 1.37, "epsdiluted": 1.37, "weightedAverageShsOut": 38708465, "weightedAverageShsOutDil": 38708465, "link": "https://www.sec.gov/Archives/edgar/data/1104485/000110448520000025/0001104485-20-000025-index.htm", "finalLink": "https://www.sec.gov/Archives/edgar/data/1104485/000110448520000025/nog-20191231.htm", "calculatedOtherExpenses": 210043000, "calculatedOperatingExpenses": 233667000, "calculatedNetInterest": -1447000, "calculatedOtherIncome": -55572000, "calculatedIncomeNonControlling": 0, "calculatedEbitda": 190902000}, {"date": "2018-12-31", "symbol": "NOG", "reportedCurrency": "USD", "cik": "0001104485", "fillingDate": "2019-03-18", "acceptedDate": "2019-03-18 08:35:01", "calendarYear": "2018", "period": "FY", "revenue": 493918327, "costOfRevenue": 231727647, "grossProfit": 262190680, "grossProfitRatio": 0.5308381278, "researchAndDevelopmentExpenses": 0, "generalAndAdministrativeExpenses": 14568362, "sellingAndMarketingExpenses": 0, "sellingGeneralAndAdministrativeExpenses": 14568362, "otherExpenses": 890971, "operatingExpenses": 14568362, "costAndExpenses": 246296009, "interestIncome": 0, "interestExpense": 86888881, "depreciationAndAmortization": 119779675, "ebitda": 248513289, "ebitdaratio": 0.5031465233, "operatingIncome": 432628487, "operatingIncomeRatio": 0.8759109823, "totalOtherIncomeExpensesNet": -17099202, "incomeBeforeTax": 143634235, "incomeBeforeTaxRatio": 0.2908056396, "incomeTaxExpense": -55000, "netIncome": 143689235, "netIncomeRatio": 0.2909169941, "eps": 6.08, "epsdiluted": 6.07, "weightedAverageShsOut": 23620645, "weightedAverageShsOutDil": 23677391, "link": "https://www.sec.gov/Archives/edgar/data/1104485/000110448519000059/0001104485-19-000059-index.htm", "finalLink": "https://www.sec.gov/Archives/edgar/data/1104485/000110448519000059/nog-20181231.htm", "calculatedOtherExpenses": -185006169, "calculatedOperatingExpenses": -170437807, "calculatedNetInterest": -86888881, "calculatedOtherIncome": -202105371, "calculatedIncomeNonControlling": 0, "calculatedEbitda": 552408162}, {"date": "2017-12-31", "symbol": "NOG", "reportedCurrency": "USD", "cik": "0001104485", "fillingDate": "2018-02-23", "acceptedDate": "2018-02-23 16:50:51", "calendarYear": "2017", "period": "FY", "revenue": 223986324, "costOfRevenue": 129837272, "grossProfit": 94149052, "grossProfitRatio": 0.4203339307, "researchAndDevelopmentExpenses": 0, "generalAndAdministrativeExpenses": 18987801, "sellingAndMarketingExpenses": 0, "sellingGeneralAndAdministrativeExpenses": 18987801, "otherExpenses": 20907, "operatingExpenses": 18987801, "costAndExpenses": 148825073, "interestIncome": 0, "interestExpense": 70286341, "depreciationAndAmortization": 59500155, "ebitda": 75182158, "ebitdaratio": 0.3356551269, "operatingIncome": 60494596, "operatingIncomeRatio": 0.2700816502, "totalOtherIncomeExpensesNet": -15638698, "incomeBeforeTax": -10763788, "incomeBeforeTaxRatio": -0.048055559, "incomeTaxExpense": -1570016, "netIncome": -9193772, "netIncomeRatio": -0.041046131, "eps": -1.5, "epsdiluted": -1.47, "weightedAverageShsOut": 6129333, "weightedAverageShsOutDil": 6240885, "link": "https://www.sec.gov/Archives/edgar/data/1104485/000110448518000023/0001104485-18-000023-index.htm", "finalLink": "https://www.sec.gov/Archives/edgar/data/1104485/000110448518000023/nog-20171231x10k.htm", "calculatedOtherExpenses": 14666655, "calculatedOperatingExpenses": 33654456, "calculatedNetInterest": -70286341, "calculatedOtherIncome": -972043, "calculatedIncomeNonControlling": 0, "calculatedEbitda": 119994751}, {"date": "2016-12-31", "symbol": "NOG", "reportedCurrency": "USD", "cik": "0001104485", "fillingDate": "2017-03-02", "acceptedDate": "2017-03-02 16:19:14", "calendarYear": "2016", "period": "FY", "revenue": 159722230, "costOfRevenue": 122437876, "grossProfit": 37284354, "grossProfitRatio": 0.2334324659, "researchAndDevelopmentExpenses": 0, "generalAndAdministrativeExpenses": 14757641, "sellingAndMarketingExpenses": 0, "sellingGeneralAndAdministrativeExpenses": 14757641, "otherExpenses": -1105409, "operatingExpenses": 14757641, "costAndExpenses": 137195517, "interestIncome": 0, "interestExpense": 64485623, "depreciationAndAmortization": 61244158, "ebitda": 21421304, "ebitdaratio": 0.1341159837, "operatingIncome": -229304855, "operatingIncomeRatio": -1.4356477179, "totalOtherIncomeExpensesNet": -252936977, "incomeBeforeTax": -294895887, "incomeBeforeTaxRatio": -1.8463045939, "incomeTaxExpense": -1402179, "netIncome": -293493708, "netIncomeRatio": -1.8375257345, "eps": -48, "epsdiluted": -47.98, "weightedAverageShsOut": 6114452, "weightedAverageShsOutDil": 6117354, "link": "https://www.sec.gov/Archives/edgar/data/1104485/000110448517000014/0001104485-17-000014-index.htm", "finalLink": "https://www.sec.gov/Archives/edgar/data/1104485/000110448517000014/nog-20161231x10k.htm", "calculatedOtherExpenses": 251831568, "calculatedOperatingExpenses": 266589209, "calculatedNetInterest": -64485623, "calculatedOtherIncome": -1105409, "calculatedIncomeNonControlling": 0, "calculatedEbitda": -168060697}, {"date": "2015-12-31", "symbol": "NOG", "reportedCurrency": "USD", "cik": "0001104485", "fillingDate": "2016-03-03", "acceptedDate": "2016-03-03 13:05:46", "calendarYear": "2015", "period": "FY", "revenue": 202674506, "costOfRevenue": 211444430, "grossProfit": -8769924, "grossProfitRatio": -0.0432709776, "researchAndDevelopmentExpenses": 0, "generalAndAdministrativeExpenses": 19042004, "sellingAndMarketingExpenses": 0, "sellingGeneralAndAdministrativeExpenses": 19042004, "otherExpenses": -30091, "operatingExpenses": 19042004, "costAndExpenses": 230486434, "interestIncome": 0, "interestExpense": 58360387, "depreciationAndAmortization": 137769812, "ebitda": -27842019, "ebitdaratio": -0.1373730695, "operatingIncome": -1119388267, "operatingIncomeRatio": -5.5230837321, "totalOtherIncomeExpensesNet": -1091606430, "incomeBeforeTax": -1177778745, "incomeBeforeTaxRatio": -5.8111834993, "incomeTaxExpense": -202424204, "netIncome": -975354541, "netIncomeRatio": -4.8124184943, "eps": -160.81, "epsdiluted": -160.81, "weightedAverageShsOut": 6065244, "weightedAverageShsOutDil": 6065244, "link": "https://www.sec.gov/Archives/edgar/data/1104485/000110448516000049/0001104485-16-000049-index.htm", "finalLink": "https://www.sec.gov/Archives/edgar/data/1104485/000110448516000049/nog10k.htm", "calculatedOtherExpenses": 1091576339, "calculatedOperatingExpenses": 1110618343, "calculatedNetInterest": -58360387, "calculatedOtherIncome": -30091, "calculatedIncomeNonControlling": 0, "calculatedEbitda": -981618455}, {"date": "2014-12-31", "symbol": "NOG", "reportedCurrency": "USD", "cik": "0001104485", "fillingDate": "2015-02-27", "acceptedDate": "2015-02-27 12:55:01", "calendarYear": "2014", "period": "FY", "revenue": 431614127, "costOfRevenue": 272253179, "grossProfit": 159360948, "grossProfitRatio": 0.3692208805, "researchAndDevelopmentExpenses": 0, "generalAndAdministrativeExpenses": 17602306, "sellingAndMarketingExpenses": 0, "sellingGeneralAndAdministrativeExpenses": 17602306, "otherExpenses": 47364, "operatingExpenses": 17602306, "costAndExpenses": 289855485, "interestIncome": 0, "interestExpense": 42105676, "depreciationAndAmortization": 172883554, "ebitda": 314689560, "ebitdaratio": 0.7290993049, "operatingIncome": 305171257, "operatingIncomeRatio": 0.707046498, "totalOtherIncomeExpensesNet": 163459979, "incomeBeforeTax": 263112945, "incomeBeforeTaxRatio": 0.6096022547, "incomeTaxExpense": 99367000, "netIncome": 163745945, "netIncomeRatio": 0.3793804112, "eps": 27, "epsdiluted": 26.9, "weightedAverageShsOut": 6069170, "weightedAverageShsOutDil": 6086076, "link": "https://www.sec.gov/Archives/edgar/data/1104485/000110448515000007/0001104485-15-000007-index.htm", "finalLink": "https://www.sec.gov/Archives/edgar/data/1104485/000110448515000007/nog10k_12312014.htm", "calculatedOtherExpenses": -163412615, "calculatedOperatingExpenses": -145810309, "calculatedNetInterest": -42105676, "calculatedOtherIncome": 47364, "calculatedIncomeNonControlling": 0, "calculatedEbitda": 478054811}, {"date": "2013-12-31", "symbol": "NOG", "reportedCurrency": "USD", "cik": "0001104485", "fillingDate": "2014-03-03", "acceptedDate": "2014-03-03 09:20:10", "calendarYear": "2013", "period": "FY", "revenue": 369231522, "costOfRevenue": 201201484, "grossProfit": 168030038, "grossProfitRatio": 0.4550804251, "researchAndDevelopmentExpenses": 0, "generalAndAdministrativeExpenses": 16575440, "sellingAndMarketingExpenses": 0, "sellingGeneralAndAdministrativeExpenses": 16575440, "otherExpenses": -453242, "operatingExpenses": 16575440, "costAndExpenses": 217776924, "interestIncome": 0, "interestExpense": 32709056, "depreciationAndAmortization": 124383374, "ebitda": 151001357, "ebitdaratio": 0.4089611748, "operatingIncome": 117996947, "operatingIncomeRatio": 0.3195744133, "totalOtherIncomeExpensesNet": -33910893, "incomeBeforeTax": 84834650, "incomeBeforeTaxRatio": 0.229760042, "incomeTaxExpense": 31767614, "netIncome": 53067036, "netIncomeRatio": 0.1437229295, "eps": 8.5, "epsdiluted": 8.5, "weightedAverageShsOut": 6236495, "weightedAverageShsOutDil": 6274729, "link": "https://www.sec.gov/Archives/edgar/data/1104485/000110448514000006/0001104485-14-000006-index.htm", "finalLink": "https://www.sec.gov/Archives/edgar/data/1104485/000110448514000006/nog10k_12312013.htm", "calculatedOtherExpenses": 33457651, "calculatedOperatingExpenses": 50033091, "calculatedNetInterest": -32709056, "calculatedOtherIncome": -453241, "calculatedIncomeNonControlling": 0, "calculatedEbitda": 242380321}, {"date": "2012-12-31", "symbol": "NOG", "reportedCurrency": "USD", "cik": "0001104485", "fillingDate": "2013-03-01", "acceptedDate": "2013-03-01 16:07:39", "calendarYear": "2012", "period": "FY", "revenue": 296817188, "costOfRevenue": 159704951, "grossProfit": 137112237, "grossProfitRatio": 0.461941702, "researchAndDevelopmentExpenses": 0, "generalAndAdministrativeExpenses": 22645315, "sellingAndMarketingExpenses": 0, "sellingGeneralAndAdministrativeExpenses": 22645315, "otherExpenses": 23611, "operatingExpenses": 22731508, "costAndExpenses": 182436459, "interestIncome": 1263, "interestExpense": 13874909, "depreciationAndAmortization": 98837047, "ebitda": 213242650, "ebitdaratio": 0.7184309353, "operatingIncome": 129136431, "operatingIncomeRatio": 0.4350705964, "totalOtherIncomeExpensesNet": 14779313, "incomeBeforeTax": 115286396, "incomeBeforeTaxRatio": 0.3884087602, "incomeTaxExpense": 43001772, "netIncome": 72284624, "netIncomeRatio": 0.2435324736, "eps": 11.6, "epsdiluted": 11.5, "weightedAverageShsOut": 6248583, "weightedAverageShsOutDil": 6286907, "link": "https://www.sec.gov/Archives/edgar/data/1104485/000110448513000007/0001104485-13-000007-index.htm", "finalLink": "https://www.sec.gov/Archives/edgar/data/1104485/000110448513000007/nog10k_12312012.htm", "calculatedOtherExpenses": -14669509, "calculatedOperatingExpenses": 7975806, "calculatedNetInterest": -13873646, "calculatedOtherIncome": 23611, "calculatedIncomeNonControlling": 0, "calculatedEbitda": 227973478}, {"date": "2011-12-31", "symbol": "NOG", "reportedCurrency": "USD", "cik": "0001104485", "fillingDate": "2012-02-29", "acceptedDate": "2012-02-29 06:26:07", "calendarYear": "2011", "period": "FY", "revenue": 159724742, "costOfRevenue": 27344353, "grossProfit": 132380389, "grossProfitRatio": 0.8288032733, "researchAndDevelopmentExpenses": 0, "generalAndAdministrativeExpenses": 13624892, "sellingAndMarketingExpenses": 0, "sellingGeneralAndAdministrativeExpenses": 13624892, "otherExpenses": 41169618, "operatingExpenses": 54794510, "costAndExpenses": 82138863, "interestIncome": 567452, "interestExpense": 585982, "depreciationAndAmortization": 41113563, "ebitda": 119266894, "ebitdaratio": 0.7467026868, "operatingIncome": 67250230, "operatingIncomeRatio": 0.421038276, "totalOtherIncomeExpensesNet": -10120557, "incomeBeforeTax": 67446792, "incomeBeforeTaxRatio": 0.4222689056, "incomeTaxExpense": 26835300, "netIncome": 40611492, "netIncomeRatio": 0.2542592431, "eps": 6.6, "epsdiluted": 6.5, "weightedAverageShsOut": 6178928, "weightedAverageShsOutDil": 6219534, "link": "https://www.sec.gov/Archives/edgar/data/1104485/000110448512000011/0001104485-12-000011-index.htm", "finalLink": "https://www.sec.gov/Archives/edgar/data/1104485/000110448512000011/form10k_12312011.htm", "calculatedOtherExpenses": 51505267, "calculatedOperatingExpenses": 65130159, "calculatedNetInterest": -18530, "calculatedOtherIncome": 215092, "calculatedIncomeNonControlling": 0, "calculatedEbitda": 108363793}, {"date": "2010-12-31", "symbol": "NOG", "reportedCurrency": "USD", "cik": "0001104485", "fillingDate": "2011-03-04", "acceptedDate": "2011-03-04 06:37:35", "calendarYear": "2010", "period": "FY", "revenue": 44559100, "costOfRevenue": 8766457, "grossProfit": 35792643, "grossProfitRatio": 0.8032622517, "researchAndDevelopmentExpenses": 0, "generalAndAdministrativeExpenses": 7204442, "sellingAndMarketingExpenses": 0, "sellingGeneralAndAdministrativeExpenses": 7204442, "otherExpenses": 17082913, "operatingExpenses": 24287355, "costAndExpenses": 33053812, "interestIncome": 0, "interestExpense": 30368144, "depreciationAndAmortization": 17061158, "ebitda": 28735434, "ebitdaratio": 0.6448836265, "operatingIncome": 11505288, "operatingIncomeRatio": 0.2582028811, "totalOtherIncomeExpensesNet": -168988, "incomeBeforeTax": 11336300, "incomeBeforeTaxRatio": 0.2544104347, "incomeTaxExpense": 4419000, "netIncome": 6917300, "netIncomeRatio": 0.1552387728, "eps": 1.4, "epsdiluted": 1.4, "weightedAverageShsOut": 5038720, "weightedAverageShsOutDil": 5077824, "link": "https://www.sec.gov/Archives/edgar/data/1104485/000110448511000011/0001104485-11-000011-index.htm", "finalLink": "https://www.sec.gov/Archives/edgar/data/1104485/000110448511000011/form10k.htm", "calculatedOtherExpenses": 17082913, "calculatedOperatingExpenses": 24287355, "calculatedNetInterest": -30368144, "calculatedOtherIncome": 30199156, "calculatedIncomeNonControlling": 0, "calculatedEbitda": 28566446}, {"date": "2009-12-31", "symbol": "NOG", "reportedCurrency": "USD", "cik": "0001104485", "fillingDate": "2010-03-08", "acceptedDate": "2010-03-08 06:49:27", "calendarYear": "2009", "period": "FY", "revenue": 14221499, "costOfRevenue": 2055349, "grossProfit": 12166150, "grossProfitRatio": 0.8554759242, "researchAndDevelopmentExpenses": 0, "generalAndAdministrativeExpenses": 2452823, "sellingAndMarketingExpenses": 0, "sellingGeneralAndAdministrativeExpenses": 2452823, "otherExpenses": 4342777, "operatingExpenses": 6795600, "costAndExpenses": 8850949, "interestIncome": 0, "interestExpense": 2211196, "depreciationAndAmortization": 4342777, "ebitda": 10818925, "ebitdaratio": 0.7607443491, "operatingIncome": 4128961, "operatingIncomeRatio": 0.2903323342, "totalOtherIncomeExpensesNet": -1105598, "incomeBeforeTax": 4264952, "incomeBeforeTaxRatio": 0.2998946876, "incomeTaxExpense": 1466000, "netIncome": 2798952, "netIncomeRatio": 0.1968113207, "eps": 0.8, "epsdiluted": 0.8, "weightedAverageShsOut": 3670526, "weightedAverageShsOutDil": 3687707, "link": "https://www.sec.gov/Archives/edgar/data/1104485/000110448510000009/0001104485-10-000009-index.htm", "finalLink": "https://www.sec.gov/Archives/edgar/data/1104485/000110448510000009/form10k_03082010.htm", "calculatedOtherExpenses": 5584366, "calculatedOperatingExpenses": 8037189, "calculatedNetInterest": -2211196, "calculatedOtherIncome": 2347187, "calculatedIncomeNonControlling": 0, "calculatedEbitda": 8471738}, {"date": "2008-12-31", "symbol": "NOG", "reportedCurrency": "USD", "cik": "0001104485", "fillingDate": "2009-04-30", "acceptedDate": "2009-04-30 16:03:29", "calendarYear": "2008", "period": "FY", "revenue": 3542994, "costOfRevenue": 70954, "grossProfit": 3472040, "grossProfitRatio": 0.9799734349, "researchAndDevelopmentExpenses": 0, "generalAndAdministrativeExpenses": 2091289, "sellingAndMarketingExpenses": 0, "sellingGeneralAndAdministrativeExpenses": 2091289, "otherExpenses": 276861, "operatingExpenses": 2368150, "costAndExpenses": 2439104, "interestIncome": 0, "interestExpense": -1526551, "depreciationAndAmortization": 835538, "ebitda": 795738, "ebitdaratio": 0.2245947919, "operatingIncome": 1102860, "operatingIncomeRatio": 0.3112791046, "totalOtherIncomeExpensesNet": 1160716, "incomeBeforeTax": 1486751, "incomeBeforeTaxRatio": 0.4196312497, "incomeTaxExpense": -873000, "netIncome": 2359751, "netIncomeRatio": 0.6660330218, "eps": 0.8, "epsdiluted": 0.7, "weightedAverageShsOut": 3192074, "weightedAverageShsOutDil": 3265355, "link": "https://www.sec.gov/Archives/edgar/data/1104485/000110448509000023/0001104485-09-000023-index.htm", "finalLink": "https://www.sec.gov/Archives/edgar/data/1104485/000110448509000023/form10a_04302009.htm", "calculatedOtherExpenses": 277891, "calculatedOperatingExpenses": 2369180, "calculatedNetInterest": 1526551, "calculatedOtherIncome": -1142660, "calculatedIncomeNonControlling": 0, "calculatedEbitda": 1938398}, {"date": "2007-12-31", "symbol": "NOG", "reportedCurrency": "USD", "cik": "0001104485", "fillingDate": "2008-03-31", "acceptedDate": "2008-03-31 08:54:40", "calendarYear": "2007", "period": "FY", "revenue": 0, "costOfRevenue": 0, "grossProfit": 0, "grossProfitRatio": 0, "researchAndDevelopmentExpenses": 0, "generalAndAdministrativeExpenses": 4513189, "sellingAndMarketingExpenses": 0, "sellingGeneralAndAdministrativeExpenses": 4513189, "otherExpenses": 0, "operatingExpenses": 4513189, "costAndExpenses": 4513189, "interestIncome": 0, "interestExpense": -207896, "depreciationAndAmortization": 3446, "ebitda": -4717639, "ebitdaratio": 0, "operatingIncome": -4513189, "operatingIncomeRatio": 0, "totalOtherIncomeExpensesNet": 207896, "incomeBeforeTax": -4305293, "incomeBeforeTaxRatio": 0, "incomeTaxExpense": -415792, "netIncome": -4305293, "netIncomeRatio": 0, "eps": -1.82, "epsdiluted": -1.82, "weightedAverageShsOut": 2366711, "weightedAverageShsOutDil": 2366711, "link": "https://www.sec.gov/Archives/edgar/data/1104485/000110448508000013/0001104485-08-000013-index.htm", "finalLink": "https://www.sec.gov/Archives/edgar/data/1104485/000110448508000013/form10k.htm", "calculatedOtherExpenses": 0, "calculatedOperatingExpenses": 4513189, "calculatedNetInterest": 207896, "calculatedOtherIncome": 0, "calculatedIncomeNonControlling": 415792, "calculatedEbitda": -4509743}, {"date": "2006-12-31", "symbol": "NOG", "reportedCurrency": "USD", "cik": "0001104485", "fillingDate": "2007-02-15", "acceptedDate": "2007-02-15 13:43:30", "calendarYear": "2006", "period": "FY", "revenue": 0, "costOfRevenue": 0, "grossProfit": 0, "grossProfitRatio": 0, "researchAndDevelopmentExpenses": 0, "generalAndAdministrativeExpenses": 7756, "sellingAndMarketingExpenses": 0, "sellingGeneralAndAdministrativeExpenses": 7756, "otherExpenses": 0, "operatingExpenses": 7756, "costAndExpenses": 7756, "interestIncome": 0, "interestExpense": 0, "depreciationAndAmortization": 0, "ebitda": -7756, "ebitdaratio": 0, "operatingIncome": -7756, "operatingIncomeRatio": 0, "totalOtherIncomeExpensesNet": 0, "incomeBeforeTax": -7756, "incomeBeforeTaxRatio": 0, "incomeTaxExpense": 0, "netIncome": -7756, "netIncomeRatio": 0, "eps": -0.0328, "epsdiluted": -0.0328, "weightedAverageShsOut": 236167, "weightedAverageShsOutDil": 236167, "link": "https://www.sec.gov/Archives/edgar/data/1104485/000102402007000008/0001024020-07-000008-index.htm", "finalLink": "https://www.sec.gov/Archives/edgar/data/1104485/000102402007000008/kentex06ksb11.htm", "calculatedOtherExpenses": 0, "calculatedOperatingExpenses": 7756, "calculatedNetInterest": 0, "calculatedOtherIncome": 0, "calculatedIncomeNonControlling": 0, "calculatedEbitda": -7756}, {"date": "2005-12-31", "symbol": "NOG", "reportedCurrency": "USD", "cik": "0001104485", "fillingDate": "2006-03-16", "acceptedDate": "2006-03-16 13:24:57", "calendarYear": "2005", "period": "FY", "revenue": 0, "costOfRevenue": 0, "grossProfit": 0, "grossProfitRatio": 0, "researchAndDevelopmentExpenses": 0, "generalAndAdministrativeExpenses": 12267, "sellingAndMarketingExpenses": 0, "sellingGeneralAndAdministrativeExpenses": 12267, "otherExpenses": 25000, "operatingExpenses": 37267, "costAndExpenses": 37267, "interestIncome": 0, "interestExpense": -25000, "depreciationAndAmortization": -75000, "ebitda": -87267, "ebitdaratio": 0, "operatingIncome": -12267, "operatingIncomeRatio": 0, "totalOtherIncomeExpensesNet": 50000, "incomeBeforeTax": 12733, "incomeBeforeTaxRatio": 0, "incomeTaxExpense": -25000, "netIncome": 12733, "netIncomeRatio": 0, "eps": 0.054, "epsdiluted": 0.054, "weightedAverageShsOut": 235799, "weightedAverageShsOutDil": 235799, "link": "https://www.sec.gov/Archives/edgar/data/1104485/000102402006000019/0001024020-06-000019-index.htm", "finalLink": "https://www.sec.gov/Archives/edgar/data/1104485/000102402006000019/kentex05ksb8.htm", "calculatedOtherExpenses": 0, "calculatedOperatingExpenses": 12267, "calculatedNetInterest": 25000, "calculatedOtherIncome": 0, "calculatedIncomeNonControlling": 25000, "calculatedEbitda": -87267}, {"date": "2004-12-31", "symbol": "NOG", "reportedCurrency": "USD", "cik": "0001104485", "fillingDate": "2005-03-31", "acceptedDate": "2005-03-31 15:17:17", "calendarYear": "2004", "period": "FY", "revenue": 0, "costOfRevenue": 0, "grossProfit": 0, "grossProfitRatio": 0, "researchAndDevelopmentExpenses": 0, "generalAndAdministrativeExpenses": 30084, "sellingAndMarketingExpenses": 0, "sellingGeneralAndAdministrativeExpenses": 30084, "otherExpenses": 0, "operatingExpenses": 30084, "costAndExpenses": 30084, "interestIncome": 0, "interestExpense": 0, "depreciationAndAmortization": 0, "ebitda": -30084, "ebitdaratio": 0, "operatingIncome": -30084, "operatingIncomeRatio": 0, "totalOtherIncomeExpensesNet": 0, "incomeBeforeTax": -30084, "incomeBeforeTaxRatio": 0, "incomeTaxExpense": 0, "netIncome": -30084, "netIncomeRatio": 0, "eps": -0.13, "epsdiluted": -0.13, "weightedAverageShsOut": 235799, "weightedAverageShsOutDil": 235799, "link": "https://www.sec.gov/Archives/edgar/data/1104485/000104539905000024/0001045399-05-000024-index.htm", "finalLink": "https://www.sec.gov/Archives/edgar/data/1104485/000104539905000024/kentex0410k.txt", "calculatedOtherExpenses": 0, "calculatedOperatingExpenses": 30084, "calculatedNetInterest": 0, "calculatedOtherIncome": 0, "calculatedIncomeNonControlling": 0, "calculatedEbitda": -30084}, {"date": "2003-12-31", "symbol": "NOG", "reportedCurrency": "USD", "cik": "0001104485", "fillingDate": "2004-03-29", "acceptedDate": "2004-03-29 14:59:44", "calendarYear": "2003", "period": "FY", "revenue": 0, "costOfRevenue": 0, "grossProfit": 0, "grossProfitRatio": 0, "researchAndDevelopmentExpenses": 0, "generalAndAdministrativeExpenses": 2872, "sellingAndMarketingExpenses": 0, "sellingGeneralAndAdministrativeExpenses": 2872, "otherExpenses": 0, "operatingExpenses": 2872, "costAndExpenses": 2872, "interestIncome": 0, "interestExpense": 0, "depreciationAndAmortization": 0, "ebitda": -2872, "ebitdaratio": 0, "operatingIncome": -2872, "operatingIncomeRatio": 0, "totalOtherIncomeExpensesNet": 0, "incomeBeforeTax": -2872, "incomeBeforeTaxRatio": 0, "incomeTaxExpense": 0, "netIncome": -2872, "netIncomeRatio": 0, "eps": -0.0122, "epsdiluted": -0.0122, "weightedAverageShsOut": 235799, "weightedAverageShsOutDil": 235799, "link": "https://www.sec.gov/Archives/edgar/data/1104485/000104539904000017/0001045399-04-000017-index.htm", "finalLink": "https://www.sec.gov/Archives/edgar/data/1104485/000104539904000017/kentex0310k.txt", "calculatedOtherExpenses": 0, "calculatedOperatingExpenses": 2872, "calculatedNetInterest": 0, "calculatedOtherIncome": 0, "calculatedIncomeNonControlling": 0, "calculatedEbitda": -2872}, {"date": "2002-12-31", "symbol": "NOG", "reportedCurrency": "USD", "cik": "0001104485", "fillingDate": "2003-03-27", "acceptedDate": "2003-03-27 16:32:21", "calendarYear": "2002", "period": "FY", "revenue": 0, "costOfRevenue": 0, "grossProfit": 0, "grossProfitRatio": 0, "researchAndDevelopmentExpenses": 0, "generalAndAdministrativeExpenses": 3012, "sellingAndMarketingExpenses": 0, "sellingGeneralAndAdministrativeExpenses": 3012, "otherExpenses": 0, "operatingExpenses": 3012, "costAndExpenses": 3012, "interestIncome": 0, "interestExpense": 0, "depreciationAndAmortization": 0, "ebitda": -3012, "ebitdaratio": 0, "operatingIncome": -3012, "operatingIncomeRatio": 0, "totalOtherIncomeExpensesNet": 0, "incomeBeforeTax": -3012, "incomeBeforeTaxRatio": 0, "incomeTaxExpense": 0, "netIncome": -3012, "netIncomeRatio": 0, "eps": -0.0128, "epsdiluted": -0.0128, "weightedAverageShsOut": 235799, "weightedAverageShsOutDil": 235799, "link": "https://www.sec.gov/Archives/edgar/data/1104485/000102402003000025/0001024020-03-000025-index.htm", "finalLink": "https://www.sec.gov/Archives/edgar/data/1104485/000102402003000025/kentex0210k.txt", "calculatedOtherExpenses": 0, "calculatedOperatingExpenses": 3012, "calculatedNetInterest": 0, "calculatedOtherIncome": 0, "calculatedIncomeNonControlling": 0, "calculatedEbitda": -3012}, {"date": "2001-12-31", "symbol": "NOG", "reportedCurrency": "USD", "cik": "0001104485", "fillingDate": "2002-02-12", "acceptedDate": "2002-02-12 00:00:00", "calendarYear": "2001", "period": "FY", "revenue": 0, "costOfRevenue": 0, "grossProfit": 0, "grossProfitRatio": 0, "researchAndDevelopmentExpenses": 0, "generalAndAdministrativeExpenses": 2698, "sellingAndMarketingExpenses": 0, "sellingGeneralAndAdministrativeExpenses": 2698, "otherExpenses": 0, "operatingExpenses": 2698, "costAndExpenses": 2698, "interestIncome": 0, "interestExpense": 0, "depreciationAndAmortization": 0, "ebitda": -2698, "ebitdaratio": 0, "operatingIncome": -2698, "operatingIncomeRatio": 0, "totalOtherIncomeExpensesNet": 0, "incomeBeforeTax": -2698, "incomeBeforeTaxRatio": 0, "incomeTaxExpense": 0, "netIncome": -2698, "netIncomeRatio": 0, "eps": -0.0114, "epsdiluted": -0.0114, "weightedAverageShsOut": 235799, "weightedAverageShsOutDil": 235799, "link": "https://www.sec.gov/Archives/edgar/data/1104485/000110524102000006/0001105241-02-000006-index.htm", "finalLink": "https://www.sec.gov/Archives/edgar/data/1104485/000110524102000006/kentex10ksb01.txt", "calculatedOtherExpenses": 0, "calculatedOperatingExpenses": 2698, "calculatedNetInterest": 0, "calculatedOtherIncome": 0, "calculatedIncomeNonControlling": 0, "calculatedEbitda": -2698}, {"date": "2000-12-31", "symbol": "NOG", "reportedCurrency": "USD", "cik": "0001104485", "fillingDate": "2001-02-13", "acceptedDate": "2001-02-13 00:00:00", "calendarYear": "2000", "period": "FY", "revenue": 0, "costOfRevenue": 0, "grossProfit": 0, "grossProfitRatio": 0, "researchAndDevelopmentExpenses": 0, "generalAndAdministrativeExpenses": 0, "sellingAndMarketingExpenses": 0, "sellingGeneralAndAdministrativeExpenses": 4878, "otherExpenses": 0, "operatingExpenses": 4878, "costAndExpenses": 4878, "interestIncome": 0, "interestExpense": 0, "depreciationAndAmortization": 0, "ebitda": -4878, "ebitdaratio": 0, "operatingIncome": -4878, "operatingIncomeRatio": 0, "totalOtherIncomeExpensesNet": 0, "incomeBeforeTax": -4878, "incomeBeforeTaxRatio": 0, "incomeTaxExpense": 0, "netIncome": -4878, "netIncomeRatio": 0, "eps": -0.0207, "epsdiluted": -0.0207, "weightedAverageShsOut": 235799, "weightedAverageShsOutDil": 235799, "link": "https://www.sec.gov/Archives/edgar/data/1104485/000102402001000021/0001024020-01-000021-index.htm", "finalLink": "https://www.sec.gov/Archives/edgar/data/1104485/000102402001000021/0001024020-01-000021-0001.txt", "calculatedOtherExpenses": 0, "calculatedOperatingExpenses": 4878, "calculatedNetInterest": 0, "calculatedOtherIncome": 0, "calculatedIncomeNonControlling": 0, "calculatedEbitda": -4878}]}