{"originalCurrency": "USD", "convertedCurrency": "USD", "report": [{"date": "2023-12-31", "symbol": "NOV", "reportedCurrency": "USD", "cik": "0001021860", "fillingDate": "2024-02-14", "acceptedDate": "2024-02-14 14:41:22", "calendarYear": "2023", "period": "FY", "revenue": 8572000000, "costOfRevenue": 6759000000, "grossProfit": 1813000000, "grossProfitRatio": 0.2115025665, "researchAndDevelopmentExpenses": 0, "generalAndAdministrativeExpenses": 0, "sellingAndMarketingExpenses": 0, "sellingGeneralAndAdministrativeExpenses": 1182000000, "otherExpenses": -98000000, "operatingExpenses": 1182000000, "costAndExpenses": 7941000000, "interestIncome": 28000000, "interestExpense": 88000000, "depreciationAndAmortization": 302000000, "ebitda": 933000000, "ebitdaratio": 0.1088427438, "operatingIncome": 631000000, "operatingIncomeRatio": 0.0736117592, "totalOtherIncomeExpensesNet": -19000000, "incomeBeforeTax": 612000000, "incomeBeforeTaxRatio": 0.0713952403, "incomeTaxExpense": -373000000, "netIncome": 993000000, "netIncomeRatio": 0.1158422772, "eps": 2.53, "epsdiluted": 2.5, "weightedAverageShsOut": 393000000, "weightedAverageShsOutDil": 397000000, "link": "https://www.sec.gov/Archives/edgar/data/1021860/000095017024015145/0000950170-24-015145-index.htm", "finalLink": "https://www.sec.gov/Archives/edgar/data/1021860/000095017024015145/nov-20231231.htm", "calculatedOtherExpenses": 0, "calculatedOperatingExpenses": 1182000000, "calculatedNetInterest": -60000000, "calculatedOtherIncome": 41000000, "calculatedIncomeNonControlling": -8000000, "calculatedEbitda": 933000000}, {"date": "2022-12-31", "symbol": "NOV", "reportedCurrency": "USD", "cik": "0001021860", "fillingDate": "2023-02-14", "acceptedDate": "2023-02-14 15:32:12", "calendarYear": "2022", "period": "FY", "revenue": 7237000000, "costOfRevenue": 5903000000, "grossProfit": 1334000000, "grossProfitRatio": 0.1843305237, "researchAndDevelopmentExpenses": 0, "generalAndAdministrativeExpenses": 0, "sellingAndMarketingExpenses": 0, "sellingGeneralAndAdministrativeExpenses": 1070000000, "otherExpenses": -35000000, "operatingExpenses": 1070000000, "costAndExpenses": 6973000000, "interestIncome": 19000000, "interestExpense": 59000000, "depreciationAndAmortization": 334000000, "ebitda": 598000000, "ebitdaratio": 0.0826309244, "operatingIncome": 264000000, "operatingIncomeRatio": 0.0364792041, "totalOtherIncomeExpensesNet": -26000000, "incomeBeforeTax": 238000000, "incomeBeforeTaxRatio": 0.0328865552, "incomeTaxExpense": 83000000, "netIncome": 155000000, "netIncomeRatio": 0.0214177145, "eps": 0.4, "epsdiluted": 0.39, "weightedAverageShsOut": 390000000, "weightedAverageShsOutDil": 394000000, "link": "https://www.sec.gov/Archives/edgar/data/1021860/000095017023002767/0000950170-23-002767-index.htm", "finalLink": "https://www.sec.gov/Archives/edgar/data/1021860/000095017023002767/nov-20221231.htm", "calculatedOtherExpenses": 0, "calculatedOperatingExpenses": 1070000000, "calculatedNetInterest": -40000000, "calculatedOtherIncome": 14000000, "calculatedIncomeNonControlling": 0, "calculatedEbitda": 598000000}, {"date": "2021-12-31", "symbol": "NOV", "reportedCurrency": "USD", "cik": "0001021860", "fillingDate": "2022-02-11", "acceptedDate": "2022-02-11 14:19:54", "calendarYear": "2021", "period": "FY", "revenue": 5524000000, "costOfRevenue": 4750000000, "grossProfit": 774000000, "grossProfitRatio": 0.1401158581, "researchAndDevelopmentExpenses": 0, "generalAndAdministrativeExpenses": 0, "sellingAndMarketingExpenses": 0, "sellingGeneralAndAdministrativeExpenses": 908000000, "otherExpenses": -23000000, "operatingExpenses": 908000000, "costAndExpenses": 5658000000, "interestIncome": 9000000, "interestExpense": 77000000, "depreciationAndAmortization": 306000000, "ebitda": 153000000, "ebitdaratio": 0.0276973208, "operatingIncome": -153000000, "operatingIncomeRatio": -0.0276973208, "totalOtherIncomeExpensesNet": -77000000, "incomeBeforeTax": -230000000, "incomeBeforeTaxRatio": -0.0416364953, "incomeTaxExpense": 15000000, "netIncome": -245000000, "netIncomeRatio": -0.0443519189, "eps": -0.63, "epsdiluted": -0.63, "weightedAverageShsOut": 386000000, "weightedAverageShsOutDil": 386000000, "link": "https://www.sec.gov/Archives/edgar/data/1021860/000156459022004755/0001564590-22-004755-index.htm", "finalLink": "https://www.sec.gov/Archives/edgar/data/1021860/000156459022004755/nov-10k_20211231.htm", "calculatedOtherExpenses": 19000000, "calculatedOperatingExpenses": 927000000, "calculatedNetInterest": -68000000, "calculatedOtherIncome": -9000000, "calculatedIncomeNonControlling": 0, "calculatedEbitda": 153000000}, {"date": "2020-12-31", "symbol": "NOV", "reportedCurrency": "USD", "cik": "0001021860", "fillingDate": "2021-02-12", "acceptedDate": "2021-02-12 12:37:11", "calendarYear": "2020", "period": "FY", "revenue": 6090000000, "costOfRevenue": 5656000000, "grossProfit": 434000000, "grossProfitRatio": 0.0712643678, "researchAndDevelopmentExpenses": 0, "generalAndAdministrativeExpenses": 0, "sellingAndMarketingExpenses": 0, "sellingGeneralAndAdministrativeExpenses": 968000000, "otherExpenses": -17000000, "operatingExpenses": 968000000, "costAndExpenses": 6624000000, "interestIncome": 7000000, "interestExpense": 84000000, "depreciationAndAmortization": 82000000, "ebitda": -452000000, "ebitdaratio": -0.0742200328, "operatingIncome": -534000000, "operatingIncomeRatio": -0.0876847291, "totalOtherIncomeExpensesNet": -2245000000, "incomeBeforeTax": -2779000000, "incomeBeforeTaxRatio": -0.4563218391, "incomeTaxExpense": -242000000, "netIncome": -2537000000, "netIncomeRatio": -0.4165845649, "eps": -6.61, "epsdiluted": -6.61, "weightedAverageShsOut": 384000000, "weightedAverageShsOutDil": 384000000, "link": "https://www.sec.gov/Archives/edgar/data/1021860/000156459021005708/0001564590-21-005708-index.htm", "finalLink": "https://www.sec.gov/Archives/edgar/data/1021860/000156459021005708/nov-10k_20201231.htm", "calculatedOtherExpenses": 0, "calculatedOperatingExpenses": 968000000, "calculatedNetInterest": -77000000, "calculatedOtherIncome": -2168000000, "calculatedIncomeNonControlling": 0, "calculatedEbitda": -452000000}, {"date": "2019-12-31", "symbol": "NOV", "reportedCurrency": "USD", "cik": "0001021860", "fillingDate": "2020-02-13", "acceptedDate": "2020-02-13 14:58:11", "calendarYear": "2019", "period": "FY", "revenue": 8479000000, "costOfRevenue": 7634000000, "grossProfit": 845000000, "grossProfitRatio": 0.0996579785, "researchAndDevelopmentExpenses": 0, "generalAndAdministrativeExpenses": 0, "sellingAndMarketingExpenses": 0, "sellingGeneralAndAdministrativeExpenses": 1303000000, "otherExpenses": -90000000, "operatingExpenses": 1303000000, "costAndExpenses": 8937000000, "interestIncome": 20000000, "interestExpense": 100000000, "depreciationAndAmortization": 450000000, "ebitda": -8000000, "ebitdaratio": -0.0009435075, "operatingIncome": -458000000, "operatingIncomeRatio": -0.0540158038, "totalOtherIncomeExpensesNet": -6004000000, "incomeBeforeTax": -6462000000, "incomeBeforeTaxRatio": -0.7621181743, "incomeTaxExpense": -369000000, "netIncome": -6093000000, "netIncomeRatio": -0.7185988914, "eps": -15.95, "epsdiluted": -15.95, "weightedAverageShsOut": 382000000, "weightedAverageShsOutDil": 382000000, "link": "https://www.sec.gov/Archives/edgar/data/1021860/000156459020004552/0001564590-20-004552-index.htm", "finalLink": "https://www.sec.gov/Archives/edgar/data/1021860/000156459020004552/nov-10k_20191231.htm", "calculatedOtherExpenses": 0, "calculatedOperatingExpenses": 1303000000, "calculatedNetInterest": -80000000, "calculatedOtherIncome": -5924000000, "calculatedIncomeNonControlling": 0, "calculatedEbitda": -8000000}, {"date": "2018-12-31", "symbol": "NOV", "reportedCurrency": "USD", "cik": "0001021860", "fillingDate": "2019-02-14", "acceptedDate": "2019-02-14 14:24:25", "calendarYear": "2018", "period": "FY", "revenue": 8453000000, "costOfRevenue": 7009000000, "grossProfit": 1444000000, "grossProfitRatio": 0.1708269254, "researchAndDevelopmentExpenses": 0, "generalAndAdministrativeExpenses": 1233000000, "sellingAndMarketingExpenses": 0, "sellingGeneralAndAdministrativeExpenses": 1233000000, "otherExpenses": -99000000, "operatingExpenses": 1233000000, "costAndExpenses": 8242000000, "interestIncome": 25000000, "interestExpense": 93000000, "depreciationAndAmortization": 690000000, "ebitda": 824000000, "ebitdaratio": 0.0974801845, "operatingIncome": 211000000, "operatingIncomeRatio": 0.0249615521, "totalOtherIncomeExpensesNet": -102000000, "incomeBeforeTax": 41000000, "incomeBeforeTaxRatio": 0.004850349, "incomeTaxExpense": 63000000, "netIncome": -31000000, "netIncomeRatio": -0.003667337, "eps": -0.082, "epsdiluted": -0.082, "weightedAverageShsOut": 378000000, "weightedAverageShsOutDil": 378000000, "link": "https://www.sec.gov/Archives/edgar/data/1021860/000156459019002967/0001564590-19-002967-index.htm", "finalLink": "https://www.sec.gov/Archives/edgar/data/1021860/000156459019002967/nov-10k_20181231.htm", "calculatedOtherExpenses": 0, "calculatedOperatingExpenses": 1233000000, "calculatedNetInterest": -68000000, "calculatedOtherIncome": -102000000, "calculatedIncomeNonControlling": 9000000, "calculatedEbitda": 901000000}, {"date": "2017-12-31", "symbol": "NOV", "reportedCurrency": "USD", "cik": "0001021860", "fillingDate": "2018-02-16", "acceptedDate": "2018-02-16 14:31:16", "calendarYear": "2017", "period": "FY", "revenue": 7304000000, "costOfRevenue": 6412000000, "grossProfit": 892000000, "grossProfitRatio": 0.1221248631, "researchAndDevelopmentExpenses": 0, "generalAndAdministrativeExpenses": 1169000000, "sellingAndMarketingExpenses": 0, "sellingGeneralAndAdministrativeExpenses": 1169000000, "otherExpenses": -33000000, "operatingExpenses": 1169000000, "costAndExpenses": 7581000000, "interestIncome": 25000000, "interestExpense": 102000000, "depreciationAndAmortization": 698000000, "ebitda": -290000000, "ebitdaratio": -0.0397042716, "operatingIncome": -277000000, "operatingIncomeRatio": -0.037924425, "totalOtherIncomeExpensesNet": -38000000, "incomeBeforeTax": -392000000, "incomeBeforeTaxRatio": -0.0536692223, "incomeTaxExpense": -156000000, "netIncome": -237000000, "netIncomeRatio": -0.0324479737, "eps": -0.63, "epsdiluted": -0.63, "weightedAverageShsOut": 376190476, "weightedAverageShsOutDil": 377000000, "link": "https://www.sec.gov/Archives/edgar/data/1021860/000119312518048333/0001193125-18-048333-index.htm", "finalLink": "https://www.sec.gov/Archives/edgar/data/1021860/000119312518048333/d495377d10k.htm", "calculatedOtherExpenses": 0, "calculatedOperatingExpenses": 1169000000, "calculatedNetInterest": -77000000, "calculatedOtherIncome": -38000000, "calculatedIncomeNonControlling": 1000000, "calculatedEbitda": 421000000}, {"date": "2016-12-31", "symbol": "NOV", "reportedCurrency": "USD", "cik": "0001021860", "fillingDate": "2017-02-17", "acceptedDate": "2017-02-17 16:04:21", "calendarYear": "2016", "period": "FY", "revenue": 7251000000, "costOfRevenue": 7352000000, "grossProfit": -101000000, "grossProfitRatio": -0.0139291132, "researchAndDevelopmentExpenses": 0, "generalAndAdministrativeExpenses": 1338000000, "sellingAndMarketingExpenses": 0, "sellingGeneralAndAdministrativeExpenses": 1338000000, "otherExpenses": -101000000, "operatingExpenses": 1338000000, "costAndExpenses": 8690000000, "interestIncome": 15000000, "interestExpense": 105000000, "depreciationAndAmortization": 703000000, "ebitda": -1546000000, "ebitdaratio": -0.2132119708, "operatingIncome": -2411000000, "operatingIncomeRatio": -0.3325058613, "totalOtherIncomeExpensesNet": -1094000000, "incomeBeforeTax": -2623000000, "incomeBeforeTaxRatio": -0.3617432078, "incomeTaxExpense": -207000000, "netIncome": -2412000000, "netIncomeRatio": -0.3326437733, "eps": -6.41, "epsdiluted": -6.41, "weightedAverageShsOut": 376000000, "weightedAverageShsOutDil": 376000000, "link": "https://www.sec.gov/Archives/edgar/data/1021860/000119312517047937/0001193125-17-047937-index.htm", "finalLink": "https://www.sec.gov/Archives/edgar/data/1021860/000119312517047937/d313669d10k.htm", "calculatedOtherExpenses": 972000000, "calculatedOperatingExpenses": 2310000000, "calculatedNetInterest": -90000000, "calculatedOtherIncome": -122000000, "calculatedIncomeNonControlling": -4000000, "calculatedEbitda": -1708000000}, {"date": "2015-12-31", "symbol": "NOV", "reportedCurrency": "USD", "cik": "0001021860", "fillingDate": "2016-02-19", "acceptedDate": "2016-02-19 13:51:06", "calendarYear": "2015", "period": "FY", "revenue": 14757000000, "costOfRevenue": 11487000000, "grossProfit": 3270000000, "grossProfitRatio": 0.221589754, "researchAndDevelopmentExpenses": 0, "generalAndAdministrativeExpenses": 1764000000, "sellingAndMarketingExpenses": -128000000, "sellingGeneralAndAdministrativeExpenses": 1636000000, "otherExpenses": -123000000, "operatingExpenses": 3660000000, "costAndExpenses": 15147000000, "interestIncome": 14000000, "interestExpense": 103000000, "depreciationAndAmortization": 747000000, "ebitda": -486000000, "ebitdaratio": -0.0329335231, "operatingIncome": -390000000, "operatingIncomeRatio": -0.0264281358, "totalOtherIncomeExpensesNet": -110000000, "incomeBeforeTax": -589000000, "incomeBeforeTaxRatio": -0.0399132615, "incomeTaxExpense": 178000000, "netIncome": -769000000, "netIncomeRatio": -0.0521108626, "eps": -1.99, "epsdiluted": -1.99, "weightedAverageShsOut": 386432160, "weightedAverageShsOutDil": 387000000, "link": "https://www.sec.gov/Archives/edgar/data/1021860/000119312516469696/0001193125-16-469696-index.htm", "finalLink": "https://www.sec.gov/Archives/edgar/data/1021860/000119312516469696/d118658d10k.htm", "calculatedOtherExpenses": 2024000000, "calculatedOperatingExpenses": 3660000000, "calculatedNetInterest": -89000000, "calculatedOtherIncome": -110000000, "calculatedIncomeNonControlling": 2000000, "calculatedEbitda": 357000000}, {"date": "2014-12-31", "symbol": "NOV", "reportedCurrency": "USD", "cik": "0001021860", "fillingDate": "2015-02-17", "acceptedDate": "2015-02-17 17:18:30", "calendarYear": "2014", "period": "FY", "revenue": 21440000000, "costOfRevenue": 15624000000, "grossProfit": 5816000000, "grossProfitRatio": 0.2712686567, "researchAndDevelopmentExpenses": 0, "generalAndAdministrativeExpenses": 2092000000, "sellingAndMarketingExpenses": -45000000, "sellingGeneralAndAdministrativeExpenses": 2047000000, "otherExpenses": -32000000, "operatingExpenses": 2261000000, "costAndExpenses": 17885000000, "interestIncome": 18000000, "interestExpense": 105000000, "depreciationAndAmortization": 778000000, "ebitda": 3599000000, "ebitdaratio": 0.167863806, "operatingIncome": 3555000000, "operatingIncomeRatio": 0.1658115672, "totalOtherIncomeExpensesNet": 26000000, "incomeBeforeTax": 3494000000, "incomeBeforeTaxRatio": 0.1629664179, "incomeTaxExpense": 1039000000, "netIncome": 2502000000, "netIncomeRatio": 0.1166977612, "eps": 5.85, "epsdiluted": 5.82, "weightedAverageShsOut": 428000000, "weightedAverageShsOutDil": 430000000, "link": "https://www.sec.gov/Archives/edgar/data/1021860/000095012315003051/0000950123-15-003051-index.htm", "finalLink": "https://www.sec.gov/Archives/edgar/data/1021860/000095012315003051/d859582d10k.htm", "calculatedOtherExpenses": 214000000, "calculatedOperatingExpenses": 2261000000, "calculatedNetInterest": -87000000, "calculatedOtherIncome": 26000000, "calculatedIncomeNonControlling": -47000000, "calculatedEbitda": 4333000000}, {"date": "2013-12-31", "symbol": "NOV", "reportedCurrency": "USD", "cik": "0001021860", "fillingDate": "2014-02-14", "acceptedDate": "2014-02-14 10:24:13", "calendarYear": "2013", "period": "FY", "revenue": 22767000000, "costOfRevenue": 17305000000, "grossProfit": 5462000000, "grossProfitRatio": 0.2399086397, "researchAndDevelopmentExpenses": 0, "generalAndAdministrativeExpenses": 2066000000, "sellingAndMarketingExpenses": -72000000, "sellingGeneralAndAdministrativeExpenses": 1994000000, "otherExpenses": -32000000, "operatingExpenses": 2048000000, "costAndExpenses": 19353000000, "interestIncome": 12000000, "interestExpense": 111000000, "depreciationAndAmortization": 755000000, "ebitda": 3457000000, "ebitdaratio": 0.1518425792, "operatingIncome": 3414000000, "operatingIncomeRatio": 0.1499538806, "totalOtherIncomeExpensesNet": 31000000, "incomeBeforeTax": 3346000000, "incomeBeforeTaxRatio": 0.1469671015, "incomeTaxExpense": 1018000000, "netIncome": 2327000000, "netIncomeRatio": 0.1022093381, "eps": 5.46, "epsdiluted": 5.44, "weightedAverageShsOut": 426000000, "weightedAverageShsOutDil": 428000000, "link": "https://www.sec.gov/Archives/edgar/data/1021860/000119312514053283/0001193125-14-053283-index.htm", "finalLink": "https://www.sec.gov/Archives/edgar/data/1021860/000119312514053283/d646935d10k.htm", "calculatedOtherExpenses": 54000000, "calculatedOperatingExpenses": 2048000000, "calculatedNetInterest": -99000000, "calculatedOtherIncome": 31000000, "calculatedIncomeNonControlling": 1000000, "calculatedEbitda": 4169000000}, {"date": "2012-12-31", "symbol": "NOV", "reportedCurrency": "USD", "cik": "0001021860", "fillingDate": "2013-02-22", "acceptedDate": "2013-02-22 11:24:42", "calendarYear": "2012", "period": "FY", "revenue": 20041000000, "costOfRevenue": 14628000000, "grossProfit": 5413000000, "grossProfitRatio": 0.2700963026, "researchAndDevelopmentExpenses": 0, "generalAndAdministrativeExpenses": 1782000000, "sellingAndMarketingExpenses": -57000000, "sellingGeneralAndAdministrativeExpenses": 1725000000, "otherExpenses": -60000000, "operatingExpenses": 1868000000, "costAndExpenses": 16496000000, "interestIncome": 10000000, "interestExpense": 48000000, "depreciationAndAmortization": 628000000, "ebitda": 3553000000, "ebitdaratio": 0.1772865625, "operatingIncome": 3545000000, "operatingIncomeRatio": 0.1768873809, "totalOtherIncomeExpensesNet": -2000000, "incomeBeforeTax": 3505000000, "incomeBeforeTaxRatio": 0.1748914725, "incomeTaxExpense": 1022000000, "netIncome": 2491000000, "netIncomeRatio": 0.1242951949, "eps": 5.86, "epsdiluted": 5.83, "weightedAverageShsOut": 425000000, "weightedAverageShsOutDil": 427000000, "link": "https://www.sec.gov/Archives/edgar/data/1021860/000119312513070840/0001193125-13-070840-index.htm", "finalLink": "https://www.sec.gov/Archives/edgar/data/1021860/000119312513070840/d458841d10k.htm", "calculatedOtherExpenses": 143000000, "calculatedOperatingExpenses": 1868000000, "calculatedNetInterest": -38000000, "calculatedOtherIncome": -2000000, "calculatedIncomeNonControlling": -8000000, "calculatedEbitda": 4173000000}, {"date": "2011-12-31", "symbol": "NOV", "reportedCurrency": "USD", "cik": "0001021860", "fillingDate": "2012-02-23", "acceptedDate": "2012-02-23 13:26:07", "calendarYear": "2011", "period": "FY", "revenue": 14658000000, "costOfRevenue": 10120000000, "grossProfit": 4538000000, "grossProfitRatio": 0.3095920317, "researchAndDevelopmentExpenses": 0, "generalAndAdministrativeExpenses": 1560000000, "sellingAndMarketingExpenses": 0, "sellingGeneralAndAdministrativeExpenses": 1560000000, "otherExpenses": 0, "operatingExpenses": 1560000000, "costAndExpenses": 11680000000, "interestIncome": 18000000, "interestExpense": 40000000, "depreciationAndAmortization": 555000000, "ebitda": 3042000000, "ebitdaratio": 0.2075317233, "operatingIncome": 2937000000, "operatingIncomeRatio": 0.2003683995, "totalOtherIncomeExpensesNet": -34000000, "incomeBeforeTax": 2922000000, "incomeBeforeTaxRatio": 0.1993450675, "incomeTaxExpense": 937000000, "netIncome": 1994000000, "netIncomeRatio": 0.1360349297, "eps": 4.73, "epsdiluted": 4.7, "weightedAverageShsOut": 422000000, "weightedAverageShsOutDil": 424000000, "link": "https://www.sec.gov/Archives/edgar/data/1021860/000119312512074776/0001193125-12-074776-index.htm", "finalLink": "https://www.sec.gov/Archives/edgar/data/1021860/000119312512074776/d267762d10k.htm", "calculatedOtherExpenses": 41000000, "calculatedOperatingExpenses": 1601000000, "calculatedNetInterest": -22000000, "calculatedOtherIncome": 7000000, "calculatedIncomeNonControlling": -9000000, "calculatedEbitda": 3492000000}, {"date": "2010-12-31", "symbol": "NOV", "reportedCurrency": "USD", "cik": "0001021860", "fillingDate": "2011-02-23", "acceptedDate": "2011-02-23 15:06:50", "calendarYear": "2010", "period": "FY", "revenue": 12156000000, "costOfRevenue": 8306000000, "grossProfit": 3850000000, "grossProfitRatio": 0.316716025, "researchAndDevelopmentExpenses": 0, "generalAndAdministrativeExpenses": 1385000000, "sellingAndMarketingExpenses": 45000000, "sellingGeneralAndAdministrativeExpenses": 1430000000, "otherExpenses": 0, "operatingExpenses": 1430000000, "costAndExpenses": 9736000000, "interestIncome": 13000000, "interestExpense": 50000000, "depreciationAndAmortization": 507000000, "ebitda": 2469000000, "ebitdaratio": 0.2031095755, "operatingIncome": 2420000000, "operatingIncomeRatio": 0.1990786443, "totalOtherIncomeExpensesNet": 14000000, "incomeBeforeTax": 2397000000, "incomeBeforeTaxRatio": 0.1971865745, "incomeTaxExpense": 738000000, "netIncome": 1667000000, "netIncomeRatio": 0.1371339256, "eps": 3.99, "epsdiluted": 3.98, "weightedAverageShsOut": 417000000, "weightedAverageShsOutDil": 419000000, "link": "https://www.sec.gov/Archives/edgar/data/1021860/000095012311017063/0000950123-11-017063-index.htm", "finalLink": "https://www.sec.gov/Archives/edgar/data/1021860/000095012311017063/h78222e10vk.htm", "calculatedOtherExpenses": 0, "calculatedOperatingExpenses": 1430000000, "calculatedNetInterest": -37000000, "calculatedOtherIncome": 14000000, "calculatedIncomeNonControlling": -8000000, "calculatedEbitda": 2927000000}, {"date": "2009-12-31", "symbol": "NOV", "reportedCurrency": "USD", "cik": "0001021860", "fillingDate": "2010-02-26", "acceptedDate": "2010-02-26 10:34:38", "calendarYear": "2009", "period": "FY", "revenue": 12712000000, "costOfRevenue": 8919000000, "grossProfit": 3793000000, "grossProfitRatio": 0.298379484, "researchAndDevelopmentExpenses": 0, "generalAndAdministrativeExpenses": 1322000000, "sellingAndMarketingExpenses": -78000000, "sellingGeneralAndAdministrativeExpenses": 1244000000, "otherExpenses": 0, "operatingExpenses": 1244000000, "costAndExpenses": 10163000000, "interestIncome": 9000000, "interestExpense": 53000000, "depreciationAndAmortization": 490000000, "ebitda": 2605000000, "ebitdaratio": 0.2049244808, "operatingIncome": 2315000000, "operatingIncomeRatio": 0.1821113908, "totalOtherIncomeExpensesNet": -297000000, "incomeBeforeTax": 2208000000, "incomeBeforeTaxRatio": 0.1736941473, "incomeTaxExpense": 735000000, "netIncome": 1469000000, "netIncomeRatio": 0.1155601007, "eps": 3.53, "epsdiluted": 3.52, "weightedAverageShsOut": 416000000, "weightedAverageShsOutDil": 417000000, "link": "https://www.sec.gov/Archives/edgar/data/1021860/000095012310017647/0000950123-10-017647-index.htm", "finalLink": "https://www.sec.gov/Archives/edgar/data/1021860/000095012310017647/h69020e10vk.htm", "calculatedOtherExpenses": 234000000, "calculatedOperatingExpenses": 1478000000, "calculatedNetInterest": -44000000, "calculatedOtherIncome": -63000000, "calculatedIncomeNonControlling": 4000000, "calculatedEbitda": 2805000000}, {"date": "2008-12-31", "symbol": "NOV", "reportedCurrency": "USD", "cik": "0001021860", "fillingDate": "2009-03-02", "acceptedDate": "2009-03-02 14:08:49", "calendarYear": "2008", "period": "FY", "revenue": 13431400000, "costOfRevenue": 9359900000, "grossProfit": 4071500000, "grossProfitRatio": 0.3031329571, "researchAndDevelopmentExpenses": 0, "generalAndAdministrativeExpenses": 1154000000, "sellingAndMarketingExpenses": 0, "sellingGeneralAndAdministrativeExpenses": 1154000000, "otherExpenses": 0, "operatingExpenses": 1154000000, "costAndExpenses": 10513900000, "interestIncome": 44600000, "interestExpense": 0, "depreciationAndAmortization": 401600000, "ebitda": 3295000000, "ebitdaratio": 0.2453206665, "operatingIncome": 2917500000, "operatingIncomeRatio": 0.2172148845, "totalOtherIncomeExpensesNet": 66500000, "incomeBeforeTax": 2961300000, "incomeBeforeTaxRatio": 0.2204758998, "incomeTaxExpense": 992800000, "netIncome": 1952000000, "netIncomeRatio": 0.1453310898, "eps": 4.91, "epsdiluted": 4.9, "weightedAverageShsOut": 397000000, "weightedAverageShsOutDil": 399000000, "link": "https://www.sec.gov/Archives/edgar/data/1021860/000095013409004210/0000950134-09-004210-index.htm", "finalLink": "https://www.sec.gov/Archives/edgar/data/1021860/000095013409004210/h65779e10vk.htm", "calculatedOtherExpenses": 0, "calculatedOperatingExpenses": 1154000000, "calculatedNetInterest": 44600000, "calculatedOtherIncome": -800000, "calculatedIncomeNonControlling": 16500000, "calculatedEbitda": 3319100000}, {"date": "2007-12-31", "symbol": "NOV", "reportedCurrency": "USD", "cik": "0001021860", "fillingDate": "2008-02-29", "acceptedDate": "2008-02-29 14:54:58", "calendarYear": "2007", "period": "FY", "revenue": 9789000000, "costOfRevenue": 6958800000, "grossProfit": 2830200000, "grossProfitRatio": 0.2891204413, "researchAndDevelopmentExpenses": 0, "generalAndAdministrativeExpenses": 785800000, "sellingAndMarketingExpenses": 0, "sellingGeneralAndAdministrativeExpenses": 785800000, "otherExpenses": 0, "operatingExpenses": 785800000, "costAndExpenses": 7744600000, "interestIncome": 52600000, "interestExpense": 0, "depreciationAndAmortization": 214100000, "ebitda": 2276300000, "ebitdaratio": 0.2325365206, "operatingIncome": 2044400000, "operatingIncomeRatio": 0.2088466646, "totalOtherIncomeExpensesNet": -17800000, "incomeBeforeTax": 2028900000, "incomeBeforeTaxRatio": 0.2072632547, "incomeTaxExpense": 675800000, "netIncome": 1337100000, "netIncomeRatio": 0.1365920932, "eps": 3.77, "epsdiluted": 3.76, "weightedAverageShsOut": 354400000, "weightedAverageShsOutDil": 355400000, "link": "https://www.sec.gov/Archives/edgar/data/1021860/000095012908001367/0000950129-08-001367-index.htm", "finalLink": "https://www.sec.gov/Archives/edgar/data/1021860/000095012908001367/h54397e10vk.htm", "calculatedOtherExpenses": 0, "calculatedOperatingExpenses": 785800000, "calculatedNetInterest": 52600000, "calculatedOtherIncome": -68100000, "calculatedIncomeNonControlling": 16000000, "calculatedEbitda": 2258500000}, {"date": "2006-12-31", "symbol": "NOV", "reportedCurrency": "USD", "cik": "0001021860", "fillingDate": "2007-02-27", "acceptedDate": "2007-02-27 16:09:05", "calendarYear": "2006", "period": "FY", "revenue": 7025800000, "costOfRevenue": 5265200000, "grossProfit": 1760600000, "grossProfitRatio": 0.2505906801, "researchAndDevelopmentExpenses": 0, "generalAndAdministrativeExpenses": 641600000, "sellingAndMarketingExpenses": 0, "sellingGeneralAndAdministrativeExpenses": 641600000, "otherExpenses": 7900000, "operatingExpenses": 649500000, "costAndExpenses": 5914700000, "interestIncome": 18100000, "interestExpense": 0, "depreciationAndAmortization": 160600000, "ebitda": 1310900000, "ebitdaratio": 0.1865837342, "operatingIncome": 1111100000, "operatingIncomeRatio": 0.1581456916, "totalOtherIncomeExpensesNet": -39200000, "incomeBeforeTax": 1049200000, "incomeBeforeTaxRatio": 0.149335307, "incomeTaxExpense": 355700000, "netIncome": 684000000, "netIncomeRatio": 0.0973554613, "eps": 1.95, "epsdiluted": 1.94, "weightedAverageShsOut": 350400000, "weightedAverageShsOutDil": 353600000, "link": "https://www.sec.gov/Archives/edgar/data/1021860/000095012907000924/0000950129-07-000924-index.htm", "finalLink": "https://www.sec.gov/Archives/edgar/data/1021860/000095012907000924/h43960e10vk.htm", "calculatedOtherExpenses": 7900000, "calculatedOperatingExpenses": 649500000, "calculatedNetInterest": 18100000, "calculatedOtherIncome": -80000000, "calculatedIncomeNonControlling": 9500000, "calculatedEbitda": 1271700000}, {"date": "2005-12-31", "symbol": "NOV", "reportedCurrency": "USD", "cik": "0001021860", "fillingDate": "2006-03-06", "acceptedDate": "2006-03-06 10:40:13", "calendarYear": "2005", "period": "FY", "revenue": 4644500000, "costOfRevenue": 3657300000, "grossProfit": 987200000, "grossProfitRatio": 0.2125524814, "researchAndDevelopmentExpenses": 0, "generalAndAdministrativeExpenses": 478700000, "sellingAndMarketingExpenses": 0, "sellingGeneralAndAdministrativeExpenses": 478700000, "otherExpenses": 31700000, "operatingExpenses": 510400000, "costAndExpenses": 4167700000, "interestIncome": 4900000, "interestExpense": 0, "depreciationAndAmortization": 114600000, "ebitda": 621900000, "ebitdaratio": 0.1339003122, "operatingIncome": 476800000, "operatingIncomeRatio": 0.1026590591, "totalOtherIncomeExpensesNet": -30500000, "incomeBeforeTax": 430000000, "incomeBeforeTaxRatio": 0.0925826246, "incomeTaxExpense": 138900000, "netIncome": 286900000, "netIncomeRatio": 0.0617719884, "eps": 0.92, "epsdiluted": 0.91, "weightedAverageShsOut": 312800000, "weightedAverageShsOutDil": 316500000, "link": "https://www.sec.gov/Archives/edgar/data/1021860/000095012906002268/0000950129-06-002268-index.htm", "finalLink": "https://www.sec.gov/Archives/edgar/data/1021860/000095012906002268/h33638e10vk.htm", "calculatedOtherExpenses": 31700000, "calculatedOperatingExpenses": 510400000, "calculatedNetInterest": 4900000, "calculatedOtherIncome": -51700000, "calculatedIncomeNonControlling": 4200000, "calculatedEbitda": 591400000}, {"date": "2004-12-31", "symbol": "NOV", "reportedCurrency": "USD", "cik": "0001021860", "fillingDate": "2005-03-08", "acceptedDate": "2005-03-08 16:41:09", "calendarYear": "2004", "period": "FY", "revenue": 2318100000, "costOfRevenue": 1821700000, "grossProfit": 496400000, "grossProfitRatio": 0.2141408912, "researchAndDevelopmentExpenses": 0, "generalAndAdministrativeExpenses": 327800000, "sellingAndMarketingExpenses": 0, "sellingGeneralAndAdministrativeExpenses": 327800000, "otherExpenses": 0, "operatingExpenses": 327800000, "costAndExpenses": 2149500000, "interestIncome": 0, "interestExpense": 0, "depreciationAndAmortization": 44000000, "ebitda": 214800000, "ebitdaratio": 0.092662094, "operatingIncome": 168600000, "operatingIncomeRatio": 0.0727319788, "totalOtherIncomeExpensesNet": -2200000, "incomeBeforeTax": 131500000, "incomeBeforeTaxRatio": 0.0567274923, "incomeTaxExpense": 19200000, "netIncome": 110200000, "netIncomeRatio": 0.0475389327, "eps": 0.67, "epsdiluted": 0.67, "weightedAverageShsOut": 171600000, "weightedAverageShsOutDil": 173000000, "link": "https://www.sec.gov/Archives/edgar/data/1021860/000095012905002101/0000950129-05-002101-index.htm", "finalLink": "https://www.sec.gov/Archives/edgar/data/1021860/000095012905002101/h23183e10vk.htm", "calculatedOtherExpenses": 0, "calculatedOperatingExpenses": 327800000, "calculatedNetInterest": 0, "calculatedOtherIncome": -37100000, "calculatedIncomeNonControlling": 2100000, "calculatedEbitda": 212600000}, {"date": "2003-12-31", "symbol": "NOV", "reportedCurrency": "USD", "cik": "0001021860", "fillingDate": "2004-03-15", "acceptedDate": "2004-03-15 06:01:53", "calendarYear": "2003", "period": "FY", "revenue": 2004920000, "costOfRevenue": 1540743000, "grossProfit": 464177000, "grossProfitRatio": 0.2315189634, "researchAndDevelopmentExpenses": 0, "generalAndAdministrativeExpenses": 305189000, "sellingAndMarketingExpenses": 0, "sellingGeneralAndAdministrativeExpenses": 305189000, "otherExpenses": 0, "operatingExpenses": 305189000, "costAndExpenses": 1845932000, "interestIncome": 2317000, "interestExpense": 0, "depreciationAndAmortization": 39182000, "ebitda": 203896000, "ebitdaratio": 0.1016978234, "operatingIncome": 158988000, "operatingIncomeRatio": 0.0792989246, "totalOtherIncomeExpensesNet": -5726000, "incomeBeforeTax": 11651000, "incomeBeforeTaxRatio": 0.0058112044, "incomeTaxExpense": 33685000, "netIncome": 76821000, "netIncomeRatio": 0.038316242, "eps": 0.47, "epsdiluted": 0.47, "weightedAverageShsOut": 169574468, "weightedAverageShsOutDil": 169574468, "link": "https://www.sec.gov/Archives/edgar/data/1021860/000095012904001263/0000950129-04-001263-index.htm", "finalLink": "https://www.sec.gov/Archives/edgar/data/1021860/000095012904001263/h13619e10vk.htm", "calculatedOtherExpenses": 0, "calculatedOperatingExpenses": 305189000, "calculatedNetInterest": 2317000, "calculatedOtherIncome": -149654000, "calculatedIncomeNonControlling": -98855000, "calculatedEbitda": 198170000}, {"date": "2002-12-31", "symbol": "NOV", "reportedCurrency": "USD", "cik": "0001021860", "fillingDate": "2003-03-07", "acceptedDate": "2003-03-06 21:38:36", "calendarYear": "2002", "period": "FY", "revenue": 1521946000, "costOfRevenue": 1160082000, "grossProfit": 361864000, "grossProfitRatio": 0.2377640205, "researchAndDevelopmentExpenses": 0, "generalAndAdministrativeExpenses": 227541000, "sellingAndMarketingExpenses": 0, "sellingGeneralAndAdministrativeExpenses": 227541000, "otherExpenses": 0, "operatingExpenses": 227541000, "costAndExpenses": 1387623000, "interestIncome": 0, "interestExpense": 0, "depreciationAndAmortization": 25048000, "ebitda": 156588000, "ebitdaratio": 0.102886699, "operatingIncome": 134323000, "operatingIncomeRatio": 0.088257402, "totalOtherIncomeExpensesNet": 2783000, "incomeBeforeTax": 112465000, "incomeBeforeTaxRatio": 0.0738955259, "incomeTaxExpense": 39396000, "netIncome": 73069000, "netIncomeRatio": 0.0480102448, "eps": 0.45, "epsdiluted": 0.45, "weightedAverageShsOut": 161948000, "weightedAverageShsOutDil": 163418000, "link": "https://www.sec.gov/Archives/edgar/data/1021860/000095013403003499/0000950134-03-003499-index.htm", "finalLink": "https://www.sec.gov/Archives/edgar/data/1021860/000095013403003499/h03420e10vk.txt", "calculatedOtherExpenses": 0, "calculatedOperatingExpenses": 227541000, "calculatedNetInterest": 0, "calculatedOtherIncome": -21858000, "calculatedIncomeNonControlling": 0, "calculatedEbitda": 159371000}, {"date": "2001-12-31", "symbol": "NOV", "reportedCurrency": "USD", "cik": "0001021860", "fillingDate": "2002-03-28", "acceptedDate": "2002-03-28 00:00:00", "calendarYear": "2001", "period": "FY", "revenue": 1747455000, "costOfRevenue": 1319621000, "grossProfit": 427834000, "grossProfitRatio": 0.244832628, "researchAndDevelopmentExpenses": 0, "generalAndAdministrativeExpenses": 238557000, "sellingAndMarketingExpenses": 0, "sellingGeneralAndAdministrativeExpenses": 238557000, "otherExpenses": 0, "operatingExpenses": 238557000, "costAndExpenses": 1558178000, "interestIncome": 0, "interestExpense": 0, "depreciationAndAmortization": 38873000, "ebitda": 226256000, "ebitdaratio": 0.12947744, "operatingIncome": 189277000, "operatingIncomeRatio": 0.1083158078, "totalOtherIncomeExpensesNet": 1894000, "incomeBeforeTax": 168017000, "incomeBeforeTaxRatio": 0.0961495432, "incomeTaxExpense": 63954000, "netIncome": 104063000, "netIncomeRatio": 0.0595511759, "eps": 0.65, "epsdiluted": 0.64, "weightedAverageShsOut": 161626000, "weightedAverageShsOutDil": 163466000, "link": "https://www.sec.gov/Archives/edgar/data/1021860/000095012902001580/0000950129-02-001580-index.htm", "finalLink": "https://www.sec.gov/Archives/edgar/data/1021860/000095012902001580/h95422e10-k.txt", "calculatedOtherExpenses": 0, "calculatedOperatingExpenses": 238557000, "calculatedNetInterest": 0, "calculatedOtherIncome": -21260000, "calculatedIncomeNonControlling": 0, "calculatedEbitda": 228150000}, {"date": "2000-12-31", "symbol": "NOV", "reportedCurrency": "USD", "cik": "0001021860", "fillingDate": "2001-03-01", "acceptedDate": "2001-03-01 00:00:00", "calendarYear": "2000", "period": "FY", "revenue": 1149920000, "costOfRevenue": 849740000, "grossProfit": 300180000, "grossProfitRatio": 0.2610442466, "researchAndDevelopmentExpenses": 0, "generalAndAdministrativeExpenses": 186924000, "sellingAndMarketingExpenses": 0, "sellingGeneralAndAdministrativeExpenses": 186924000, "otherExpenses": 35034000, "operatingExpenses": 221958000, "costAndExpenses": 1071698000, "interestIncome": 0, "interestExpense": 0, "depreciationAndAmortization": 35034000, "ebitda": 148280000, "ebitdaratio": 0.1289481007, "operatingIncome": 78222000, "operatingIncomeRatio": 0.0680238625, "totalOtherIncomeExpensesNet": -35024000, "incomeBeforeTax": 27037000, "incomeBeforeTaxRatio": 0.0235120704, "incomeTaxExpense": 13901000, "netIncome": 13136000, "netIncomeRatio": 0.0114234034, "eps": 0.085, "epsdiluted": 0.08, "weightedAverageShsOut": 158650000, "weightedAverageShsOutDil": 161520000, "link": "https://www.sec.gov/Archives/edgar/data/1021860/000095012901001181/0000950129-01-001181-index.htm", "finalLink": "https://www.sec.gov/Archives/edgar/data/1021860/000095012901001181/h84651e10-k.txt", "calculatedOtherExpenses": 35034000, "calculatedOperatingExpenses": 221958000, "calculatedNetInterest": 0, "calculatedOtherIncome": -51185000, "calculatedIncomeNonControlling": 0, "calculatedEbitda": 113256000}, {"date": "1999-12-31", "symbol": "NOV", "reportedCurrency": "USD", "cik": "0001021860", "fillingDate": "2000-03-16", "acceptedDate": "2000-03-16 00:00:00", "calendarYear": "1999", "period": "FY", "revenue": 745200000, "costOfRevenue": 580300000, "grossProfit": 164900000, "grossProfitRatio": 0.2212828771, "researchAndDevelopmentExpenses": 0, "generalAndAdministrativeExpenses": 119700000, "sellingAndMarketingExpenses": 0, "sellingGeneralAndAdministrativeExpenses": 119700000, "otherExpenses": 23200000, "operatingExpenses": 142900000, "costAndExpenses": 723200000, "interestIncome": 0, "interestExpense": 0, "depreciationAndAmortization": 23200000, "ebitda": 47800000, "ebitdaratio": 0.064143854, "operatingIncome": 22000000, "operatingIncomeRatio": 0.0295222759, "totalOtherIncomeExpensesNet": -2600000, "incomeBeforeTax": 4500000, "incomeBeforeTaxRatio": 0.0060386473, "incomeTaxExpense": 3000000, "netIncome": 1500000, "netIncomeRatio": 0.0020128824, "eps": -0.065, "epsdiluted": -0.065, "weightedAverageShsOut": 143344000, "weightedAverageShsOutDil": 143344000, "link": "https://www.sec.gov/Archives/edgar/data/1021860/000095012900001217/0000950129-00-001217-index.html", "finalLink": "https://www.sec.gov/Archives/edgar/data/1021860/000095012900001217/", "calculatedOtherExpenses": 23200000, "calculatedOperatingExpenses": 142900000, "calculatedNetInterest": 0, "calculatedOtherIncome": -17500000, "calculatedIncomeNonControlling": 0, "calculatedEbitda": 45200000}, {"date": "1998-12-31", "symbol": "NOV", "reportedCurrency": "USD", "cik": "0001021860", "fillingDate": "1999-03-30", "acceptedDate": "1999-03-30 00:00:00", "calendarYear": "1998", "period": "FY", "revenue": 1172000000, "costOfRevenue": 879800000, "grossProfit": 292200000, "grossProfitRatio": 0.2493174061, "researchAndDevelopmentExpenses": 0, "generalAndAdministrativeExpenses": 135500000, "sellingAndMarketingExpenses": 0, "sellingGeneralAndAdministrativeExpenses": 135500000, "otherExpenses": 19200000, "operatingExpenses": 154700000, "costAndExpenses": 1034500000, "interestIncome": 0, "interestExpense": 0, "depreciationAndAmortization": 19200000, "ebitda": 172400000, "ebitdaratio": 0.1470989761, "operatingIncome": 137500000, "operatingIncomeRatio": 0.1173208191, "totalOtherIncomeExpensesNet": -15700000, "incomeBeforeTax": 109300000, "incomeBeforeTaxRatio": 0.0932593857, "incomeTaxExpense": 40400000, "netIncome": 68900000, "netIncomeRatio": 0.0587883959, "eps": 0.6, "epsdiluted": 0.6, "weightedAverageShsOut": 136699160, "weightedAverageShsOutDil": 136699160, "link": "https://www.sec.gov/Archives/edgar/data/1021860/000095012999001217/0000950129-99-001217-index.html", "finalLink": "https://www.sec.gov/Archives/edgar/data/1021860/", "calculatedOtherExpenses": 19200000, "calculatedOperatingExpenses": 154700000, "calculatedNetInterest": 0, "calculatedOtherIncome": -28200000, "calculatedIncomeNonControlling": 0, "calculatedEbitda": 156700000}, {"date": "1997-12-31", "symbol": "NOV", "reportedCurrency": "USD", "cik": "0001021860", "fillingDate": "1998-03-16", "acceptedDate": "1998-03-16 00:00:00", "calendarYear": "1997", "period": "FY", "revenue": 1005600000, "costOfRevenue": 784700000, "grossProfit": 220900000, "grossProfitRatio": 0.2196698488, "researchAndDevelopmentExpenses": 0, "generalAndAdministrativeExpenses": 108300000, "sellingAndMarketingExpenses": 0, "sellingGeneralAndAdministrativeExpenses": 108300000, "otherExpenses": 14700000, "operatingExpenses": 123000000, "costAndExpenses": 907700000, "interestIncome": 0, "interestExpense": 0, "depreciationAndAmortization": 14700000, "ebitda": 121900000, "ebitdaratio": 0.1212211615, "operatingIncome": 97900000, "operatingIncomeRatio": 0.097354813, "totalOtherIncomeExpensesNet": -9300000, "incomeBeforeTax": 82500000, "incomeBeforeTaxRatio": 0.0820405728, "incomeTaxExpense": 31200000, "netIncome": 50700000, "netIncomeRatio": 0.0504176611, "eps": 0.51, "epsdiluted": 0.5, "weightedAverageShsOut": 107326733, "weightedAverageShsOutDil": 108400000, "link": "https://www.sec.gov/Archives/edgar/data/1021860/000095012998001061/0000950129-98-001061-index.html", "finalLink": "https://www.sec.gov/Archives/edgar/data/1021860/", "calculatedOtherExpenses": 14700000, "calculatedOperatingExpenses": 123000000, "calculatedNetInterest": 0, "calculatedOtherIncome": -15400000, "calculatedIncomeNonControlling": 600000, "calculatedEbitda": 112600000}, {"date": "1996-12-31", "symbol": "NOV", "reportedCurrency": "USD", "cik": "0001021860", "fillingDate": "1997-03-12", "acceptedDate": "1997-03-12 00:00:00", "calendarYear": "1996", "period": "FY", "revenue": 648600000, "costOfRevenue": 553800000, "grossProfit": 94800000, "grossProfitRatio": 0.1461609621, "researchAndDevelopmentExpenses": 0, "generalAndAdministrativeExpenses": 0, "sellingAndMarketingExpenses": 0, "sellingGeneralAndAdministrativeExpenses": 56600000, "otherExpenses": 60200000, "operatingExpenses": 60200000, "costAndExpenses": 614000000, "interestIncome": 0, "interestExpense": 0, "depreciationAndAmortization": 3600000, "ebitda": 60400000, "ebitdaratio": 0.0931236509, "operatingIncome": 34600000, "operatingIncomeRatio": 0.0533456676, "totalOtherIncomeExpensesNet": -22200000, "incomeBeforeTax": 300000, "incomeBeforeTaxRatio": 0.0004625347, "incomeTaxExpense": 100000, "netIncome": 200000, "netIncomeRatio": 0.0003083565, "eps": 0.075, "epsdiluted": 0.075, "weightedAverageShsOut": 81333333, "weightedAverageShsOutDil": 81333333, "link": "https://www.sec.gov/Archives/edgar/data/1021860/000095012997001003/0000950129-97-001003-index.html", "finalLink": "https://www.sec.gov/Archives/edgar/data/1021860/", "calculatedOtherExpenses": 3600000, "calculatedOperatingExpenses": 60200000, "calculatedNetInterest": 0, "calculatedOtherIncome": -34300000, "calculatedIncomeNonControlling": 0, "calculatedEbitda": 38200000}]}