{"originalCurrency": "USD", "convertedCurrency": "USD", "report": [{"date": "2023-12-31", "symbol": "NRG", "reportedCurrency": "USD", "cik": "0001013871", "fillingDate": "2024-02-28", "acceptedDate": "2024-02-28 16:20:44", "calendarYear": "2023", "period": "FY", "revenue": 28823000000, "costOfRevenue": 26526000000, "grossProfit": 2297000000, "grossProfitRatio": 0.0796933005, "researchAndDevelopmentExpenses": 0, "generalAndAdministrativeExpenses": 1783000000, "sellingAndMarketingExpenses": 185000000, "sellingGeneralAndAdministrativeExpenses": 1968000000, "otherExpenses": 47000000, "operatingExpenses": 3346000000, "costAndExpenses": 29872000000, "interestIncome": 0, "interestExpense": 667000000, "depreciationAndAmortization": 1311000000, "ebitda": 325000000, "ebitdaratio": 0.0112757173, "operatingIncome": 384000000, "operatingIncomeRatio": 0.0133226937, "totalOtherIncomeExpensesNet": 1503000000, "incomeBeforeTax": -213000000, "incomeBeforeTaxRatio": -0.0073899317, "incomeTaxExpense": -11000000, "netIncome": -202000000, "netIncomeRatio": -0.007008292, "eps": -0.89, "epsdiluted": -0.89, "weightedAverageShsOut": 228000000, "weightedAverageShsOutDil": 228000000, "link": "https://www.sec.gov/Archives/edgar/data/1013871/000101387124000005/0001013871-24-000005-index.htm", "finalLink": "https://www.sec.gov/Archives/edgar/data/1013871/000101387124000005/nrg-20231231.htm", "calculatedOtherExpenses": -55000000, "calculatedOperatingExpenses": 1913000000, "calculatedNetInterest": -667000000, "calculatedOtherIncome": 70000000, "calculatedIncomeNonControlling": 0, "calculatedEbitda": 1695000000}, {"date": "2022-12-31", "symbol": "NRG", "reportedCurrency": "USD", "cik": "0001013871", "fillingDate": "2023-02-23", "acceptedDate": "2023-02-23 17:21:44", "calendarYear": "2022", "period": "FY", "revenue": 31543000000, "costOfRevenue": 27446000000, "grossProfit": 4097000000, "grossProfitRatio": 0.1298861871, "researchAndDevelopmentExpenses": 0, "generalAndAdministrativeExpenses": 1146000000, "sellingAndMarketingExpenses": 82000000, "sellingGeneralAndAdministrativeExpenses": 1228000000, "otherExpenses": 645000000, "operatingExpenses": 1873000000, "costAndExpenses": 29319000000, "interestIncome": 417000000, "interestExpense": 417000000, "depreciationAndAmortization": 1114000000, "ebitda": 3132000000, "ebitdaratio": 0.0992930286, "operatingIncome": 2018000000, "operatingIncomeRatio": 0.0639761595, "totalOtherIncomeExpensesNet": -355000000, "incomeBeforeTax": 1663000000, "incomeBeforeTaxRatio": 0.0527216815, "incomeTaxExpense": 442000000, "netIncome": 1221000000, "netIncomeRatio": 0.0387090638, "eps": 5.17, "epsdiluted": 5.17, "weightedAverageShsOut": 236000000, "weightedAverageShsOutDil": 236000000, "link": "https://www.sec.gov/Archives/edgar/data/1013871/000101387123000004/0001013871-23-000004-index.htm", "finalLink": "https://www.sec.gov/Archives/edgar/data/1013871/000101387123000004/nrg-20221231.htm", "calculatedOtherExpenses": 851000000, "calculatedOperatingExpenses": 2079000000, "calculatedNetInterest": 0, "calculatedOtherIncome": -355000000, "calculatedIncomeNonControlling": 0, "calculatedEbitda": 3132000000}, {"date": "2021-12-31", "symbol": "NRG", "reportedCurrency": "USD", "cik": "0001013871", "fillingDate": "2022-02-24", "acceptedDate": "2022-02-24 17:12:47", "calendarYear": "2021", "period": "FY", "revenue": 26989000000, "costOfRevenue": 20482000000, "grossProfit": 6507000000, "grossProfitRatio": 0.2410982252, "researchAndDevelopmentExpenses": 0, "generalAndAdministrativeExpenses": 1184000000, "sellingAndMarketingExpenses": 109000000, "sellingGeneralAndAdministrativeExpenses": 1293000000, "otherExpenses": 1483000000, "operatingExpenses": 2776000000, "costAndExpenses": 23258000000, "interestIncome": 485000000, "interestExpense": 485000000, "depreciationAndAmortization": 1412000000, "ebitda": 4753000000, "ebitdaratio": 0.1761087851, "operatingIncome": 3341000000, "operatingIncomeRatio": 0.1237911742, "totalOtherIncomeExpensesNet": -482000000, "incomeBeforeTax": 2859000000, "incomeBeforeTaxRatio": 0.1059320464, "incomeTaxExpense": 672000000, "netIncome": 2187000000, "netIncomeRatio": 0.0810330134, "eps": 8.93, "epsdiluted": 8.93, "weightedAverageShsOut": 245000000, "weightedAverageShsOutDil": 245000000, "link": "https://www.sec.gov/Archives/edgar/data/1013871/000101387122000010/0001013871-22-000010-index.htm", "finalLink": "https://www.sec.gov/Archives/edgar/data/1013871/000101387122000010/nrg-20211231.htm", "calculatedOtherExpenses": 1873000000, "calculatedOperatingExpenses": 3166000000, "calculatedNetInterest": 0, "calculatedOtherIncome": -482000000, "calculatedIncomeNonControlling": 0, "calculatedEbitda": 4753000000}, {"date": "2020-12-31", "symbol": "NRG", "reportedCurrency": "USD", "cik": "0001013871", "fillingDate": "2021-03-01", "acceptedDate": "2021-03-01 16:28:03", "calendarYear": "2020", "period": "FY", "revenue": 9093000000, "costOfRevenue": 6540000000, "grossProfit": 2553000000, "grossProfitRatio": 0.280765424, "researchAndDevelopmentExpenses": 8000000, "generalAndAdministrativeExpenses": 859000000, "sellingAndMarketingExpenses": 74000000, "sellingGeneralAndAdministrativeExpenses": 933000000, "otherExpenses": 435000000, "operatingExpenses": 1376000000, "costAndExpenses": 7916000000, "interestIncome": 401000000, "interestExpense": 401000000, "depreciationAndAmortization": 715000000, "ebitda": 1820000000, "ebitdaratio": 0.2001539646, "operatingIncome": 1105000000, "operatingIncomeRatio": 0.1215220499, "totalOtherIncomeExpensesNet": -344000000, "incomeBeforeTax": 761000000, "incomeBeforeTaxRatio": 0.0836907511, "incomeTaxExpense": 251000000, "netIncome": 510000000, "netIncomeRatio": 0.0560871, "eps": 2.08, "epsdiluted": 2.07, "weightedAverageShsOut": 245000000, "weightedAverageShsOutDil": 246000000, "link": "https://www.sec.gov/Archives/edgar/data/1013871/000101387121000005/0001013871-21-000005-index.htm", "finalLink": "https://www.sec.gov/Archives/edgar/data/1013871/000101387121000005/nrg-20201231.htm", "calculatedOtherExpenses": 507000000, "calculatedOperatingExpenses": 1448000000, "calculatedNetInterest": 0, "calculatedOtherIncome": -344000000, "calculatedIncomeNonControlling": 0, "calculatedEbitda": 1820000000}, {"date": "2019-12-31", "symbol": "NRG", "reportedCurrency": "USD", "cik": "0001013871", "fillingDate": "2020-02-27", "acceptedDate": "2020-02-27 16:57:48", "calendarYear": "2019", "period": "FY", "revenue": 9821000000, "costOfRevenue": 7303000000, "grossProfit": 2518000000, "grossProfitRatio": 0.2563893697, "researchAndDevelopmentExpenses": 7000000, "generalAndAdministrativeExpenses": 761000000, "sellingAndMarketingExpenses": 66000000, "sellingGeneralAndAdministrativeExpenses": 827000000, "otherExpenses": 373000000, "operatingExpenses": 1207000000, "costAndExpenses": 8510000000, "interestIncome": 413000000, "interestExpense": 413000000, "depreciationAndAmortization": 552000000, "ebitda": 1842000000, "ebitdaratio": 0.1875572752, "operatingIncome": 1290000000, "operatingIncomeRatio": 0.1313511862, "totalOtherIncomeExpensesNet": -504000000, "incomeBeforeTax": 786000000, "incomeBeforeTaxRatio": 0.0800325832, "incomeTaxExpense": -3334000000, "netIncome": 4438000000, "netIncomeRatio": 0.4518888097, "eps": 15.76, "epsdiluted": 15.64, "weightedAverageShsOut": 262000000, "weightedAverageShsOutDil": 264000000, "link": "https://www.sec.gov/Archives/edgar/data/1013871/000101387120000013/0001013871-20-000013-index.htm", "finalLink": "https://www.sec.gov/Archives/edgar/data/1013871/000101387120000013/nrg-20191231.htm", "calculatedOtherExpenses": 394000000, "calculatedOperatingExpenses": 1228000000, "calculatedNetInterest": 0, "calculatedOtherIncome": -504000000, "calculatedIncomeNonControlling": -318000000, "calculatedEbitda": 1842000000}, {"date": "2018-12-31", "symbol": "NRG", "reportedCurrency": "USD", "cik": "0001013871", "fillingDate": "2019-02-28", "acceptedDate": "2019-02-28 16:39:10", "calendarYear": "2018", "period": "FY", "revenue": 9478000000, "costOfRevenue": 7108000000, "grossProfit": 2370000000, "grossProfitRatio": 0.2500527537, "researchAndDevelopmentExpenses": 11000000, "generalAndAdministrativeExpenses": 726000000, "sellingAndMarketingExpenses": 73000000, "sellingGeneralAndAdministrativeExpenses": 799000000, "otherExpenses": 18000000, "operatingExpenses": 1231000000, "costAndExpenses": 8339000000, "interestIncome": 0, "interestExpense": 483000000, "depreciationAndAmortization": 552000000, "ebitda": 1718000000, "ebitdaratio": 0.1812618696, "operatingIncome": 982000000, "operatingIncomeRatio": 0.1036083562, "totalOtherIncomeExpensesNet": -189000000, "incomeBeforeTax": 467000000, "incomeBeforeTaxRatio": 0.0492719983, "incomeTaxExpense": 7000000, "netIncome": 268000000, "netIncomeRatio": 0.0282760076, "eps": 0.88, "epsdiluted": 0.87, "weightedAverageShsOut": 304000000, "weightedAverageShsOutDil": 308000000, "link": "https://www.sec.gov/Archives/edgar/data/1013871/000101387119000007/0001013871-19-000007-index.htm", "finalLink": "https://www.sec.gov/Archives/edgar/data/1013871/000101387119000007/nrg201810-k.htm", "calculatedOtherExpenses": 578000000, "calculatedOperatingExpenses": 1388000000, "calculatedNetInterest": -483000000, "calculatedOtherIncome": -32000000, "calculatedIncomeNonControlling": 192000000, "calculatedEbitda": 1534000000}, {"date": "2017-12-31", "symbol": "NRG", "reportedCurrency": "USD", "cik": "0001013871", "fillingDate": "2018-03-01", "acceptedDate": "2018-03-01 16:13:43", "calendarYear": "2017", "period": "FY", "revenue": 10629000000, "costOfRevenue": 7536000000, "grossProfit": 3093000000, "grossProfitRatio": 0.2909963308, "researchAndDevelopmentExpenses": 67000000, "generalAndAdministrativeExpenses": 841000000, "sellingAndMarketingExpenses": 66000000, "sellingGeneralAndAdministrativeExpenses": 907000000, "otherExpenses": 38000000, "operatingExpenses": 2030000000, "costAndExpenses": 9566000000, "interestIncome": 0, "interestExpense": 890000000, "depreciationAndAmortization": 1215000000, "ebitda": 2434000000, "ebitdaratio": 0.2289961426, "operatingIncome": -587000000, "operatingIncomeRatio": -0.0552262678, "totalOtherIncomeExpensesNet": -1713000000, "incomeBeforeTax": -1540000000, "incomeBeforeTaxRatio": -0.1448866309, "incomeTaxExpense": 8000000, "netIncome": -2153000000, "netIncomeRatio": -0.2025590366, "eps": -6.79, "epsdiluted": -6.79, "weightedAverageShsOut": 317000000, "weightedAverageShsOutDil": 317000000, "link": "https://www.sec.gov/Archives/edgar/data/1013871/000101387118000011/0001013871-18-000011-index.htm", "finalLink": "https://www.sec.gov/Archives/edgar/data/1013871/000101387118000011/nrg201710-k.htm", "calculatedOtherExpenses": 2706000000, "calculatedOperatingExpenses": 3680000000, "calculatedNetInterest": -890000000, "calculatedOtherIncome": -63000000, "calculatedIncomeNonControlling": 605000000, "calculatedEbitda": 628000000}, {"date": "2016-12-31", "symbol": "NRG", "reportedCurrency": "USD", "cik": "0001013871", "fillingDate": "2017-02-28", "acceptedDate": "2017-02-28 16:59:08", "calendarYear": "2016", "period": "FY", "revenue": 12351000000, "costOfRevenue": 8555000000, "grossProfit": 3796000000, "grossProfitRatio": 0.3073435349, "researchAndDevelopmentExpenses": 90000000, "generalAndAdministrativeExpenses": 1022000000, "sellingAndMarketingExpenses": 79000000, "sellingGeneralAndAdministrativeExpenses": 1101000000, "otherExpenses": 42000000, "operatingExpenses": 2558000000, "costAndExpenses": 11113000000, "interestIncome": 0, "interestExpense": 1061000000, "depreciationAndAmortization": 1507000000, "ebitda": 2814000000, "ebitdaratio": 0.2278358028, "operatingIncome": 527000000, "operatingIncomeRatio": 0.0426686098, "totalOtherIncomeExpensesNet": -1052000000, "incomeBeforeTax": -875000000, "incomeBeforeTaxRatio": -0.070844466, "incomeTaxExpense": 16000000, "netIncome": -774000000, "netIncomeRatio": -0.0626669905, "eps": -2.45, "epsdiluted": -2.45, "weightedAverageShsOut": 316000000, "weightedAverageShsOutDil": 316000000, "link": "https://www.sec.gov/Archives/edgar/data/1013871/000101387117000007/0001013871-17-000007-index.htm", "finalLink": "https://www.sec.gov/Archives/edgar/data/1013871/000101387117000007/nrg201610-k.htm", "calculatedOtherExpenses": 2078000000, "calculatedOperatingExpenses": 3269000000, "calculatedNetInterest": -1061000000, "calculatedOtherIncome": -341000000, "calculatedIncomeNonControlling": -117000000, "calculatedEbitda": 2034000000}, {"date": "2015-12-31", "symbol": "NRG", "reportedCurrency": "USD", "cik": "0001013871", "fillingDate": "2016-02-29", "acceptedDate": "2016-02-29 13:46:58", "calendarYear": "2015", "period": "FY", "revenue": 14674000000, "costOfRevenue": 10755000000, "grossProfit": 3919000000, "grossProfitRatio": 0.2670710099, "researchAndDevelopmentExpenses": 154000000, "generalAndAdministrativeExpenses": 911000000, "sellingAndMarketingExpenses": 309000000, "sellingGeneralAndAdministrativeExpenses": 1220000000, "otherExpenses": 33000000, "operatingExpenses": 2940000000, "costAndExpenses": 13695000000, "interestIncome": 0, "interestExpense": 1128000000, "depreciationAndAmortization": 1692000000, "ebitda": 2740000000, "ebitdaratio": 0.1867248194, "operatingIncome": -4040000000, "operatingIncomeRatio": -0.275316887, "totalOtherIncomeExpensesNet": -4945000000, "incomeBeforeTax": -5094000000, "incomeBeforeTaxRatio": -0.3471446095, "incomeTaxExpense": 1342000000, "netIncome": -6382000000, "netIncomeRatio": -0.4349189042, "eps": -19.4, "epsdiluted": -19.4, "weightedAverageShsOut": 328996865, "weightedAverageShsOutDil": 329000000, "link": "https://www.sec.gov/Archives/edgar/data/1013871/000101387116000022/0001013871-16-000022-index.htm", "finalLink": "https://www.sec.gov/Archives/edgar/data/1013871/000101387116000022/a201510-k.htm", "calculatedOtherExpenses": 6585000000, "calculatedOperatingExpenses": 7959000000, "calculatedNetInterest": -1128000000, "calculatedOtherIncome": 74000000, "calculatedIncomeNonControlling": -54000000, "calculatedEbitda": -2348000000}, {"date": "2014-12-31", "symbol": "NRG", "reportedCurrency": "USD", "cik": "0001013871", "fillingDate": "2015-02-27", "acceptedDate": "2015-02-27 16:57:31", "calendarYear": "2014", "period": "FY", "revenue": 15868000000, "costOfRevenue": 11779000000, "grossProfit": 4089000000, "grossProfitRatio": 0.2576884295, "researchAndDevelopmentExpenses": 91000000, "generalAndAdministrativeExpenses": 834000000, "sellingAndMarketingExpenses": 208000000, "sellingGeneralAndAdministrativeExpenses": 1042000000, "otherExpenses": 22000000, "operatingExpenses": 2656000000, "costAndExpenses": 14435000000, "interestIncome": 0, "interestExpense": 1119000000, "depreciationAndAmortization": 1633000000, "ebitda": 3126000000, "ebitdaratio": 0.1970002521, "operatingIncome": 1271000000, "operatingIncomeRatio": 0.0800983111, "totalOtherIncomeExpensesNet": -179000000, "incomeBeforeTax": 135000000, "incomeBeforeTaxRatio": 0.0085076884, "incomeTaxExpense": 3000000, "netIncome": 134000000, "netIncomeRatio": 0.0084446685, "eps": 0.23, "epsdiluted": 0.23, "weightedAverageShsOut": 334000000, "weightedAverageShsOutDil": 339000000, "link": "https://www.sec.gov/Archives/edgar/data/1013871/000101387115000004/0001013871-15-000004-index.htm", "finalLink": "https://www.sec.gov/Archives/edgar/data/1013871/000101387115000004/a201410-k.htm", "calculatedOtherExpenses": 1685000000, "calculatedOperatingExpenses": 2818000000, "calculatedNetInterest": -1119000000, "calculatedOtherIncome": -17000000, "calculatedIncomeNonControlling": -2000000, "calculatedEbitda": 2904000000}, {"date": "2013-12-31", "symbol": "NRG", "reportedCurrency": "USD", "cik": "0001013871", "fillingDate": "2014-02-28", "acceptedDate": "2014-02-28 17:27:51", "calendarYear": "2013", "period": "FY", "revenue": 11295000000, "costOfRevenue": 8121000000, "grossProfit": 3174000000, "grossProfitRatio": 0.2810092961, "researchAndDevelopmentExpenses": 84000000, "generalAndAdministrativeExpenses": 709000000, "sellingAndMarketingExpenses": 195000000, "sellingGeneralAndAdministrativeExpenses": 904000000, "otherExpenses": 13000000, "operatingExpenses": 2244000000, "costAndExpenses": 10365000000, "interestIncome": 0, "interestExpense": 848000000, "depreciationAndAmortization": 1341000000, "ebitda": 2291000000, "ebitdaratio": 0.202833112, "operatingIncome": 343000000, "operatingIncomeRatio": 0.0303674192, "totalOtherIncomeExpensesNet": -716000000, "incomeBeforeTax": -634000000, "incomeBeforeTaxRatio": -0.0561310314, "incomeTaxExpense": -282000000, "netIncome": -386000000, "netIncomeRatio": -0.0341744135, "eps": -1.2, "epsdiluted": -1.2, "weightedAverageShsOut": 323000000, "weightedAverageShsOutDil": 323000000, "link": "https://www.sec.gov/Archives/edgar/data/1013871/000101387114000003/0001013871-14-000003-index.htm", "finalLink": "https://www.sec.gov/Archives/edgar/data/1013871/000101387114000003/a201310-k.htm", "calculatedOtherExpenses": 1843000000, "calculatedOperatingExpenses": 2831000000, "calculatedNetInterest": -848000000, "calculatedOtherIncome": -129000000, "calculatedIncomeNonControlling": 34000000, "calculatedEbitda": 1684000000}, {"date": "2012-12-31", "symbol": "NRG", "reportedCurrency": "USD", "cik": "0001013871", "fillingDate": "2013-02-27", "acceptedDate": "2013-02-27 15:45:43", "calendarYear": "2012", "period": "FY", "revenue": 8422000000, "costOfRevenue": 6087000000, "grossProfit": 2335000000, "grossProfitRatio": 0.2772500594, "researchAndDevelopmentExpenses": 36000000, "generalAndAdministrativeExpenses": 695000000, "sellingAndMarketingExpenses": 197000000, "sellingGeneralAndAdministrativeExpenses": 892000000, "otherExpenses": 19000000, "operatingExpenses": 1878000000, "costAndExpenses": 7965000000, "interestIncome": 0, "interestExpense": 661000000, "depreciationAndAmortization": 1135000000, "ebitda": 1648000000, "ebitdaratio": 0.1956779862, "operatingIncome": 350000000, "operatingIncomeRatio": 0.0415578247, "totalOtherIncomeExpensesNet": 456000000, "incomeBeforeTax": 252000000, "incomeBeforeTaxRatio": 0.0299216338, "incomeTaxExpense": -327000000, "netIncome": 559000000, "netIncomeRatio": 0.0663737829, "eps": 1.23, "epsdiluted": 1.22, "weightedAverageShsOut": 232000000, "weightedAverageShsOutDil": 234000000, "link": "https://www.sec.gov/Archives/edgar/data/1013871/000101387113000003/0001013871-13-000003-index.htm", "finalLink": "https://www.sec.gov/Archives/edgar/data/1013871/000101387113000003/a201210-k.htm", "calculatedOtherExpenses": 1057000000, "calculatedOperatingExpenses": 1985000000, "calculatedNetInterest": -661000000, "calculatedOtherIncome": 563000000, "calculatedIncomeNonControlling": 20000000, "calculatedEbitda": 1485000000}, {"date": "2011-12-31", "symbol": "NRG", "reportedCurrency": "USD", "cik": "0001013871", "fillingDate": "2012-02-28", "acceptedDate": "2012-02-28 13:33:40", "calendarYear": "2011", "period": "FY", "revenue": 9079000000, "costOfRevenue": 6675000000, "grossProfit": 2404000000, "grossProfitRatio": 0.2647868708, "researchAndDevelopmentExpenses": 45000000, "generalAndAdministrativeExpenses": 0, "sellingAndMarketingExpenses": 0, "sellingGeneralAndAdministrativeExpenses": 668000000, "otherExpenses": 19000000, "operatingExpenses": 1609000000, "costAndExpenses": 8284000000, "interestIncome": 0, "interestExpense": 665000000, "depreciationAndAmortization": 1063000000, "ebitda": 1893000000, "ebitdaratio": 0.2085031391, "operatingIncome": 635000000, "operatingIncomeRatio": 0.0699416235, "totalOtherIncomeExpensesNet": -776000000, "incomeBeforeTax": -646000000, "incomeBeforeTaxRatio": -0.0711532107, "incomeTaxExpense": -843000000, "netIncome": 197000000, "netIncomeRatio": 0.0216984249, "eps": 0.78, "epsdiluted": 0.78, "weightedAverageShsOut": 240000000, "weightedAverageShsOutDil": 241000000, "link": "https://www.sec.gov/Archives/edgar/data/1013871/000144530512000493/0001445305-12-000493-index.htm", "finalLink": "https://www.sec.gov/Archives/edgar/data/1013871/000144530512000493/a201110-k.htm", "calculatedOtherExpenses": 1056000000, "calculatedOperatingExpenses": 1769000000, "calculatedNetInterest": -665000000, "calculatedOtherIncome": -616000000, "calculatedIncomeNonControlling": 0, "calculatedEbitda": 1698000000}, {"date": "2010-12-31", "symbol": "NRG", "reportedCurrency": "USD", "cik": "0001013871", "fillingDate": "2011-02-22", "acceptedDate": "2011-02-22 14:09:25", "calendarYear": "2010", "period": "FY", "revenue": 8849000000, "costOfRevenue": 6073000000, "grossProfit": 2776000000, "grossProfitRatio": 0.3137077636, "researchAndDevelopmentExpenses": 55000000, "generalAndAdministrativeExpenses": 0, "sellingAndMarketingExpenses": 0, "sellingGeneralAndAdministrativeExpenses": 598000000, "otherExpenses": 33000000, "operatingExpenses": 1491000000, "costAndExpenses": 7564000000, "interestIncome": 0, "interestExpense": 632000000, "depreciationAndAmortization": 882000000, "ebitda": 2234000000, "ebitdaratio": 0.2524579048, "operatingIncome": 1308000000, "operatingIncomeRatio": 0.1478133122, "totalOtherIncomeExpensesNet": 77000000, "incomeBeforeTax": 753000000, "incomeBeforeTaxRatio": 0.0850943609, "incomeTaxExpense": 277000000, "netIncome": 477000000, "netIncomeRatio": 0.053904396, "eps": 1.86, "epsdiluted": 1.84, "weightedAverageShsOut": 252000000, "weightedAverageShsOutDil": 254000000, "link": "https://www.sec.gov/Archives/edgar/data/1013871/000104746911001125/0001047469-11-001125-index.htm", "finalLink": "https://www.sec.gov/Archives/edgar/data/1013871/000104746911001125/a2202097z10-k.htm", "calculatedOtherExpenses": 815000000, "calculatedOperatingExpenses": 1468000000, "calculatedNetInterest": -632000000, "calculatedOtherIncome": 77000000, "calculatedIncomeNonControlling": -1000000, "calculatedEbitda": 2190000000}, {"date": "2009-12-31", "symbol": "NRG", "reportedCurrency": "USD", "cik": "0001013871", "fillingDate": "2010-02-23", "acceptedDate": "2010-02-23 17:17:24", "calendarYear": "2009", "period": "FY", "revenue": 8952000000, "costOfRevenue": 5323000000, "grossProfit": 3629000000, "grossProfitRatio": 0.4053842717, "researchAndDevelopmentExpenses": 48000000, "generalAndAdministrativeExpenses": 0, "sellingAndMarketingExpenses": 0, "sellingGeneralAndAdministrativeExpenses": 604000000, "otherExpenses": 818000000, "operatingExpenses": 1470000000, "costAndExpenses": 6793000000, "interestIncome": 0, "interestExpense": 634000000, "depreciationAndAmortization": 1007000000, "ebitda": 3207000000, "ebitdaratio": 0.3582439678, "operatingIncome": 2159000000, "operatingIncomeRatio": 0.2411751564, "totalOtherIncomeExpensesNet": 144000000, "incomeBeforeTax": 1669000000, "incomeBeforeTaxRatio": 0.1864387846, "incomeTaxExpense": 728000000, "netIncome": 942000000, "netIncomeRatio": 0.105227882, "eps": 3.7, "epsdiluted": 3.44, "weightedAverageShsOut": 246000000, "weightedAverageShsOutDil": 271000000, "link": "https://www.sec.gov/Archives/edgar/data/1013871/000095012310015824/0000950123-10-015824-index.htm", "finalLink": "https://www.sec.gov/Archives/edgar/data/1013871/000095012310015824/y81314e10vk.htm", "calculatedOtherExpenses": 818000000, "calculatedOperatingExpenses": 1470000000, "calculatedNetInterest": -634000000, "calculatedOtherIncome": 144000000, "calculatedIncomeNonControlling": -1000000, "calculatedEbitda": 3166000000}, {"date": "2008-12-31", "symbol": "NRG", "reportedCurrency": "USD", "cik": "0001013871", "fillingDate": "2009-02-12", "acceptedDate": "2009-02-12 16:49:09", "calendarYear": "2008", "period": "FY", "revenue": 6885000000, "costOfRevenue": 3598000000, "grossProfit": 3287000000, "grossProfitRatio": 0.4774146696, "researchAndDevelopmentExpenses": 46000000, "generalAndAdministrativeExpenses": 319000000, "sellingAndMarketingExpenses": 0, "sellingGeneralAndAdministrativeExpenses": 319000000, "otherExpenses": 649000000, "operatingExpenses": 1014000000, "costAndExpenses": 4612000000, "interestIncome": 0, "interestExpense": 620000000, "depreciationAndAmortization": 418000000, "ebitda": 2981000000, "ebitdaratio": 0.4329702251, "operatingIncome": 2273000000, "operatingIncomeRatio": 0.3301379811, "totalOtherIncomeExpensesNet": 76000000, "incomeBeforeTax": 1729000000, "incomeBeforeTaxRatio": 0.2511256354, "incomeTaxExpense": 713000000, "netIncome": 1188000000, "netIncomeRatio": 0.1725490196, "eps": 4.98, "epsdiluted": 4.43, "weightedAverageShsOut": 235000000, "weightedAverageShsOutDil": 275000000, "link": "https://www.sec.gov/Archives/edgar/data/1013871/000095012309002616/0000950123-09-002616-index.htm", "finalLink": "https://www.sec.gov/Archives/edgar/data/1013871/000095012309002616/y74515e10vk.htm", "calculatedOtherExpenses": 649000000, "calculatedOperatingExpenses": 1014000000, "calculatedNetInterest": -620000000, "calculatedOtherIncome": 76000000, "calculatedIncomeNonControlling": -172000000, "calculatedEbitda": 2691000000}, {"date": "2007-12-31", "symbol": "NRG", "reportedCurrency": "USD", "cik": "0001013871", "fillingDate": "2008-02-28", "acceptedDate": "2008-02-28 16:39:25", "calendarYear": "2007", "period": "FY", "revenue": 5989000000, "costOfRevenue": 3378000000, "grossProfit": 2611000000, "grossProfitRatio": 0.4359659376, "researchAndDevelopmentExpenses": 101000000, "generalAndAdministrativeExpenses": 309000000, "sellingAndMarketingExpenses": 0, "sellingGeneralAndAdministrativeExpenses": 309000000, "otherExpenses": 658000000, "operatingExpenses": 1068000000, "costAndExpenses": 4446000000, "interestIncome": 0, "interestExpense": 689000000, "depreciationAndAmortization": 563000000, "ebitda": 2220000000, "ebitdaratio": 0.3706795792, "operatingIncome": 1560000000, "operatingIncomeRatio": 0.2604775422, "totalOtherIncomeExpensesNet": 127000000, "incomeBeforeTax": 946000000, "incomeBeforeTaxRatio": 0.1579562531, "incomeTaxExpense": 377000000, "netIncome": 586000000, "netIncomeRatio": 0.0978460511, "eps": 2.21, "epsdiluted": 2.01, "weightedAverageShsOut": 240000000, "weightedAverageShsOutDil": 288000000, "link": "https://www.sec.gov/Archives/edgar/data/1013871/000095012308002271/0000950123-08-002271-index.htm", "finalLink": "https://www.sec.gov/Archives/edgar/data/1013871/000095012308002271/y50403e10vk.htm", "calculatedOtherExpenses": 641000000, "calculatedOperatingExpenses": 1051000000, "calculatedNetInterest": -689000000, "calculatedOtherIncome": 75000000, "calculatedIncomeNonControlling": -17000000, "calculatedEbitda": 2123000000}, {"date": "2006-12-31", "symbol": "NRG", "reportedCurrency": "USD", "cik": "0001013871", "fillingDate": "2007-02-28", "acceptedDate": "2007-02-28 17:17:01", "calendarYear": "2006", "period": "FY", "revenue": 5623000000, "costOfRevenue": 0, "grossProfit": 5623000000, "grossProfitRatio": 1, "researchAndDevelopmentExpenses": 0, "generalAndAdministrativeExpenses": 316000000, "sellingAndMarketingExpenses": 0, "sellingGeneralAndAdministrativeExpenses": 316000000, "otherExpenses": 3861000000, "operatingExpenses": 4177000000, "costAndExpenses": 4177000000, "interestIncome": 0, "interestExpense": -599000000, "depreciationAndAmortization": 257000000, "ebitda": 2006000000, "ebitdaratio": 0.3567490663, "operatingIncome": 1446000000, "operatingIncomeRatio": 0.2571581007, "totalOtherIncomeExpensesNet": 33000000, "incomeBeforeTax": 880000000, "incomeBeforeTaxRatio": 0.1565000889, "incomeTaxExpense": 325000000, "netIncome": 621000000, "netIncomeRatio": 0.1104392673, "eps": 2.21, "epsdiluted": 2.04, "weightedAverageShsOut": 258000000, "weightedAverageShsOutDil": 301000000, "link": "https://www.sec.gov/Archives/edgar/data/1013871/000095012307002952/0000950123-07-002952-index.htm", "finalLink": "https://www.sec.gov/Archives/edgar/data/1013871/000095012307002952/y30985e10vk.htm", "calculatedOtherExpenses": 3861000000, "calculatedOperatingExpenses": 4177000000, "calculatedNetInterest": 599000000, "calculatedOtherIncome": -1165000000, "calculatedIncomeNonControlling": -66000000, "calculatedEbitda": 1703000000}, {"date": "2005-12-31", "symbol": "NRG", "reportedCurrency": "USD", "cik": "0001013871", "fillingDate": "2006-03-07", "acceptedDate": "2006-03-07 13:55:45", "calendarYear": "2005", "period": "FY", "revenue": 2708000000, "costOfRevenue": 0, "grossProfit": 2708000000, "grossProfitRatio": 1, "researchAndDevelopmentExpenses": 0, "generalAndAdministrativeExpenses": 197000000, "sellingAndMarketingExpenses": 0, "sellingGeneralAndAdministrativeExpenses": 197000000, "otherExpenses": 2261000000, "operatingExpenses": 2458000000, "costAndExpenses": 2458000000, "interestIncome": 0, "interestExpense": -197000000, "depreciationAndAmortization": 246000000, "ebitda": 429000000, "ebitdaratio": 0.1584194978, "operatingIncome": 250000000, "operatingIncomeRatio": 0.0923190547, "totalOtherIncomeExpensesNet": 67000000, "incomeBeforeTax": 120000000, "incomeBeforeTaxRatio": 0.0443131462, "incomeTaxExpense": 43000000, "netIncome": 84000000, "netIncomeRatio": 0.0310192024, "eps": 0.38, "epsdiluted": 0.38, "weightedAverageShsOut": 169000000, "weightedAverageShsOutDil": 171000000, "link": "https://www.sec.gov/Archives/edgar/data/1013871/000095012306002710/0000950123-06-002710-index.htm", "finalLink": "https://www.sec.gov/Archives/edgar/data/1013871/000095012306002710/y18280e10vk.htm", "calculatedOtherExpenses": 2261000000, "calculatedOperatingExpenses": 2458000000, "calculatedNetInterest": 197000000, "calculatedOtherIncome": -327000000, "calculatedIncomeNonControlling": -7000000, "calculatedEbitda": 496000000}, {"date": "2004-12-31", "symbol": "NRG", "reportedCurrency": "USD", "cik": "0001013871", "fillingDate": "2005-03-30", "acceptedDate": "2005-03-30 15:22:00", "calendarYear": "2004", "period": "FY", "revenue": 2361424000, "costOfRevenue": 0, "grossProfit": 2361424000, "grossProfitRatio": 1, "researchAndDevelopmentExpenses": 0, "generalAndAdministrativeExpenses": 211240000, "sellingAndMarketingExpenses": 0, "sellingGeneralAndAdministrativeExpenses": 211240000, "otherExpenses": 1838908000, "operatingExpenses": 2050148000, "costAndExpenses": 2050148000, "interestIncome": 0, "interestExpense": -269364000, "depreciationAndAmortization": 307523000, "ebitda": 432409000, "ebitdaratio": 0.1831136636, "operatingIncome": 311276000, "operatingIncomeRatio": 0.1318170731, "totalOtherIncomeExpensesNet": 186390000, "incomeBeforeTax": 227257000, "incomeBeforeTaxRatio": 0.0962372704, "incomeTaxExpense": 65112000, "netIncome": 185617000, "netIncomeRatio": 0.0786038424, "eps": 0.93, "epsdiluted": 0.93, "weightedAverageShsOut": 200000000, "weightedAverageShsOutDil": 201081081, "link": "https://www.sec.gov/Archives/edgar/data/1013871/000095013405006359/0000950134-05-006359-index.htm", "finalLink": "https://www.sec.gov/Archives/edgar/data/1013871/000095013405006359/c92903e10vk.htm", "calculatedOtherExpenses": 1838908000, "calculatedOperatingExpenses": 2050148000, "calculatedNetInterest": 269364000, "calculatedOtherIncome": -353383000, "calculatedIncomeNonControlling": -23472000, "calculatedEbitda": 618799000}, {"date": "2003-12-31", "symbol": "NRG", "reportedCurrency": "USD", "cik": "0001013871", "fillingDate": "2004-03-16", "acceptedDate": "2004-03-16 17:10:05", "calendarYear": "2003", "period": "FY", "revenue": 2120687000, "costOfRevenue": 1553450000, "grossProfit": 567237000, "grossProfitRatio": 0.2674779446, "researchAndDevelopmentExpenses": 0, "generalAndAdministrativeExpenses": 226168000, "sellingAndMarketingExpenses": -34131000, "sellingGeneralAndAdministrativeExpenses": 192037000, "otherExpenses": 133204000, "operatingExpenses": 325241000, "costAndExpenses": 1878691000, "interestIncome": 0, "interestExpense": -487169000, "depreciationAndAmortization": 269741000, "ebitda": 701385000, "ebitdaratio": 0.3307348043, "operatingIncome": 3111321000, "operatingIncomeRatio": 1.4671288125, "totalOtherIncomeExpensesNet": -189648000, "incomeBeforeTax": 2777218000, "incomeBeforeTaxRatio": 1.3095841112, "incomeTaxExpense": 15970000, "netIncome": 2777470000, "netIncomeRatio": 1.3097029406, "eps": 6.98, "epsdiluted": 6.98, "weightedAverageShsOut": 200000000, "weightedAverageShsOutDil": 200000000, "link": "https://www.sec.gov/Archives/edgar/data/1013871/000095013404003612/0000950134-04-003612-index.htm", "finalLink": "https://www.sec.gov/Archives/edgar/data/1013871/000095013404003612/c83399e10vk.htm", "calculatedOtherExpenses": -2736121000, "calculatedOperatingExpenses": -2544084000, "calculatedNetInterest": 487169000, "calculatedOtherIncome": -821272000, "calculatedIncomeNonControlling": -16222000, "calculatedEbitda": 3381062000}, {"date": "2002-12-31", "symbol": "NRG", "reportedCurrency": "USD", "cik": "0001013871", "fillingDate": "2003-03-31", "acceptedDate": "2003-03-31 12:49:53", "calendarYear": "2002", "period": "FY", "revenue": 2281149000, "costOfRevenue": 1510550000, "grossProfit": 770599000, "grossProfitRatio": 0.3378117782, "researchAndDevelopmentExpenses": 0, "generalAndAdministrativeExpenses": 250131000, "sellingAndMarketingExpenses": 0, "sellingGeneralAndAdministrativeExpenses": 250131000, "otherExpenses": 3108484000, "operatingExpenses": 3358615000, "costAndExpenses": 4869165000, "interestIncome": 0, "interestExpense": -493956000, "depreciationAndAmortization": 286623000, "ebitda": -2310322000, "ebitdaratio": -1.0127887306, "operatingIncome": -2588016000, "operatingIncomeRatio": -1.134522997, "totalOtherIncomeExpensesNet": 8929000, "incomeBeforeTax": -3073043000, "incomeBeforeTaxRatio": -1.347146986, "incomeTaxExpense": -165382000, "netIncome": -3464282000, "netIncomeRatio": -1.5186566068, "eps": -8.72, "epsdiluted": -8.72, "weightedAverageShsOut": 397210000, "weightedAverageShsOutDil": 397210000, "link": "https://www.sec.gov/Archives/edgar/data/1013871/000095013703001877/0000950137-03-001877-index.htm", "finalLink": "https://www.sec.gov/Archives/edgar/data/1013871/000095013703001877/c75611e10vk.htm", "calculatedOtherExpenses": 3108484000, "calculatedOperatingExpenses": 3358615000, "calculatedNetInterest": 493956000, "calculatedOtherIncome": -978983000, "calculatedIncomeNonControlling": 556621000, "calculatedEbitda": -2301393000}, {"date": "2001-12-31", "symbol": "NRG", "reportedCurrency": "USD", "cik": "0001013871", "fillingDate": "2002-04-01", "acceptedDate": "2002-04-01 00:00:00", "calendarYear": "2001", "period": "FY", "revenue": 3008640000, "costOfRevenue": 1855631000, "grossProfit": 1153009000, "grossProfitRatio": 0.3832326234, "researchAndDevelopmentExpenses": 0, "generalAndAdministrativeExpenses": 0, "sellingAndMarketingExpenses": 0, "sellingGeneralAndAdministrativeExpenses": 225694000, "otherExpenses": 212493000, "operatingExpenses": 438187000, "costAndExpenses": 2293818000, "interestIncome": 0, "interestExpense": 0, "depreciationAndAmortization": 212493000, "ebitda": 899795000, "ebitdaratio": 0.2990703441, "operatingIncome": 714822000, "operatingIncomeRatio": 0.2375897415, "totalOtherIncomeExpensesNet": 27520000, "incomeBeforeTax": 298608000, "incomeBeforeTaxRatio": 0.0992501595, "incomeTaxExpense": 33404000, "netIncome": 265204000, "netIncomeRatio": 0.0881474686, "eps": 0.67, "epsdiluted": 0.67, "weightedAverageShsOut": 387424000, "weightedAverageShsOutDil": 390904000, "link": "https://www.sec.gov/Archives/edgar/data/1013871/000095013702001952/0000950137-02-001952-index.htm", "finalLink": "https://www.sec.gov/Archives/edgar/data/1013871/000095013702001952/c67146e10-k405.txt", "calculatedOtherExpenses": 212493000, "calculatedOperatingExpenses": 438187000, "calculatedNetInterest": 0, "calculatedOtherIncome": -416214000, "calculatedIncomeNonControlling": 0, "calculatedEbitda": 927315000}, {"date": "2000-12-31", "symbol": "NRG", "reportedCurrency": "USD", "cik": "0001013871", "fillingDate": "2001-03-29", "acceptedDate": "2001-03-29 00:00:00", "calendarYear": "2000", "period": "FY", "revenue": 2157986000, "costOfRevenue": 1289471000, "grossProfit": 868515000, "grossProfitRatio": 0.4024655396, "researchAndDevelopmentExpenses": 0, "generalAndAdministrativeExpenses": 0, "sellingAndMarketingExpenses": 0, "sellingGeneralAndAdministrativeExpenses": 172489000, "otherExpenses": 122953000, "operatingExpenses": 295442000, "costAndExpenses": 1584913000, "interestIncome": 0, "interestExpense": 0, "depreciationAndAmortization": 122953000, "ebitda": 699504000, "ebitdaratio": 0.3241466812, "operatingIncome": 573073000, "operatingIncomeRatio": 0.2655591834, "totalOtherIncomeExpensesNet": -3478000, "incomeBeforeTax": 275673000, "incomeBeforeTaxRatio": 0.1277454997, "incomeTaxExpense": 92738000, "netIncome": 182935000, "netIncomeRatio": 0.0847711709, "eps": 0.46, "epsdiluted": 0.46, "weightedAverageShsOut": 322228000, "weightedAverageShsOutDil": 324484000, "link": "https://www.sec.gov/Archives/edgar/data/1013871/000095012401001739/0000950124-01-001739-index.htm", "finalLink": "https://www.sec.gov/Archives/edgar/data/1013871/000095012401001739/c60217e10-k405.txt", "calculatedOtherExpenses": 122953000, "calculatedOperatingExpenses": 295442000, "calculatedNetInterest": 0, "calculatedOtherIncome": -297400000, "calculatedIncomeNonControlling": 0, "calculatedEbitda": 696026000}, {"date": "1999-12-31", "symbol": "NRG", "reportedCurrency": "USD", "cik": "0001013871", "fillingDate": "2000-03-30", "acceptedDate": "2000-03-30 00:00:00", "calendarYear": "1999", "period": "FY", "revenue": 500018000, "costOfRevenue": 269900000, "grossProfit": 230118000, "grossProfitRatio": 0.4602194321, "researchAndDevelopmentExpenses": 0, "generalAndAdministrativeExpenses": 0, "sellingAndMarketingExpenses": 0, "sellingGeneralAndAdministrativeExpenses": 83572000, "otherExpenses": 37026000, "operatingExpenses": 120598000, "costAndExpenses": 390498000, "interestIncome": 0, "interestExpense": 0, "depreciationAndAmortization": 37026000, "ebitda": 131576000, "ebitdaratio": 0.2631425269, "operatingIncome": 109520000, "operatingIncomeRatio": 0.2190321148, "totalOtherIncomeExpensesNet": 14970000, "incomeBeforeTax": 31114000, "incomeBeforeTaxRatio": 0.0622257599, "incomeTaxExpense": -26081000, "netIncome": 57195000, "netIncomeRatio": 0.1143858821, "eps": 0.19, "epsdiluted": 0.19, "weightedAverageShsOut": 295210000, "weightedAverageShsOutDil": 295210000, "link": "https://www.sec.gov/Archives/edgar/data/1013871/000095012400001813/0000950124-00-001813-index.html", "finalLink": "https://www.sec.gov/Archives/edgar/data/1013871/000095012400001813/", "calculatedOtherExpenses": 37026000, "calculatedOperatingExpenses": 120598000, "calculatedNetInterest": 0, "calculatedOtherIncome": -78406000, "calculatedIncomeNonControlling": 0, "calculatedEbitda": 146546000}, {"date": "1998-12-31", "symbol": "NRG", "reportedCurrency": "USD", "cik": "0001013871", "fillingDate": "1999-03-26", "acceptedDate": "1999-03-26 00:00:00", "calendarYear": "1998", "period": "FY", "revenue": 182130000, "costOfRevenue": 52413000, "grossProfit": 129717000, "grossProfitRatio": 0.7122220392, "researchAndDevelopmentExpenses": 0, "generalAndAdministrativeExpenses": 0, "sellingAndMarketingExpenses": 0, "sellingGeneralAndAdministrativeExpenses": 56385000, "otherExpenses": 16320000, "operatingExpenses": 72705000, "costAndExpenses": 125118000, "interestIncome": 0, "interestExpense": 0, "depreciationAndAmortization": 16320000, "ebitda": 63953000, "ebitdaratio": 0.3511392961, "operatingIncome": 57012000, "operatingIncomeRatio": 0.313029155, "totalOtherIncomeExpensesNet": 9379000, "incomeBeforeTax": 16078000, "incomeBeforeTaxRatio": 0.0882776039, "incomeTaxExpense": -25654000, "netIncome": 41732000, "netIncomeRatio": 0.2291330368, "eps": 0.14, "epsdiluted": 0.14, "weightedAverageShsOut": 295210000, "weightedAverageShsOutDil": 295210000, "link": "https://www.sec.gov/Archives/edgar/data/1013871/000095012499002072/0000950124-99-002072-index.html", "finalLink": "https://www.sec.gov/Archives/edgar/data/1013871/", "calculatedOtherExpenses": 16320000, "calculatedOperatingExpenses": 72705000, "calculatedNetInterest": 0, "calculatedOtherIncome": -40934000, "calculatedIncomeNonControlling": 0, "calculatedEbitda": 73332000}, {"date": "1997-12-31", "symbol": "NRG", "reportedCurrency": "USD", "cik": "0001013871", "fillingDate": "1998-03-30", "acceptedDate": "1998-03-30 00:00:00", "calendarYear": "1997", "period": "FY", "revenue": 118252000, "costOfRevenue": 46717000, "grossProfit": 71535000, "grossProfitRatio": 0.6049369144, "researchAndDevelopmentExpenses": 0, "generalAndAdministrativeExpenses": 0, "sellingAndMarketingExpenses": 0, "sellingGeneralAndAdministrativeExpenses": 43116000, "otherExpenses": 10310000, "operatingExpenses": 53426000, "costAndExpenses": 100143000, "interestIncome": 0, "interestExpense": 0, "depreciationAndAmortization": 10310000, "ebitda": 17048000, "ebitdaratio": 0.1441666949, "operatingIncome": 18109000, "operatingIncomeRatio": 0.153139059, "totalOtherIncomeExpensesNet": 11371000, "incomeBeforeTax": -1509000, "incomeBeforeTaxRatio": -0.0127608835, "incomeTaxExpense": -23491000, "netIncome": 21982000, "netIncomeRatio": 0.1858911477, "eps": 0.0745, "epsdiluted": 0.0745, "weightedAverageShsOut": 295210000, "weightedAverageShsOutDil": 295210000, "link": "https://www.sec.gov/Archives/edgar/data/1013871/000095012498001777/0000950124-98-001777-index.html", "finalLink": "https://www.sec.gov/Archives/edgar/data/1013871/", "calculatedOtherExpenses": 10310000, "calculatedOperatingExpenses": 53426000, "calculatedNetInterest": 0, "calculatedOtherIncome": -19618000, "calculatedIncomeNonControlling": 0, "calculatedEbitda": 28419000}]}