{"originalCurrency": "USD", "convertedCurrency": "USD", "report": [{"date": "2023-12-31", "symbol": "NSA", "reportedCurrency": "USD", "cik": "0001618563", "fillingDate": "2024-02-28", "acceptedDate": "2024-02-28 16:05:44", "calendarYear": "2023", "period": "FY", "revenue": 858063000, "costOfRevenue": 228986000, "grossProfit": 629077000, "grossProfitRatio": 0.733136145, "researchAndDevelopmentExpenses": 0, "generalAndAdministrativeExpenses": 59281000, "sellingAndMarketingExpenses": 15300000, "sellingGeneralAndAdministrativeExpenses": 59281000, "otherExpenses": -1016000, "operatingExpenses": 292382000, "costAndExpenses": 521368000, "interestIncome": 0, "interestExpense": 166147000, "depreciationAndAmortization": 221993000, "ebitda": 565225000, "ebitdaratio": 0.6587220286, "operatingIncome": -30087000, "operatingIncomeRatio": -0.0350638589, "totalOtherIncomeExpensesNet": 68030000, "incomeBeforeTax": 238578000, "incomeBeforeTaxRatio": 0.2780425214, "incomeTaxExpense": 1590000, "netIncome": 156669000, "netIncomeRatio": 0.1825844955, "eps": 1.58, "epsdiluted": 1.48, "weightedAverageShsOut": 86846000, "weightedAverageShsOutDil": 146023000, "link": "https://www.sec.gov/Archives/edgar/data/1618563/000162828024007575/0001628280-24-007575-index.htm", "finalLink": "https://www.sec.gov/Archives/edgar/data/1618563/000162828024007575/ex991-q42023erss.htm", "calculatedOtherExpenses": 599883000, "calculatedOperatingExpenses": 659164000, "calculatedNetInterest": -166147000, "calculatedOtherIncome": 434812000, "calculatedIncomeNonControlling": 80319000, "calculatedEbitda": 191906000}, {"date": "2022-12-31", "symbol": "NSA", "reportedCurrency": "USD", "cik": "0001618563", "fillingDate": "2023-02-27", "acceptedDate": "2023-02-27 16:26:56", "calendarYear": "2022", "period": "FY", "revenue": 801569000, "costOfRevenue": 211025000, "grossProfit": 590544000, "grossProfitRatio": 0.7367350783, "researchAndDevelopmentExpenses": 0, "generalAndAdministrativeExpenses": 59311000, "sellingAndMarketingExpenses": 10000000, "sellingGeneralAndAdministrativeExpenses": 59311000, "otherExpenses": 241695000, "operatingExpenses": 301006000, "costAndExpenses": 512031000, "interestIncome": 110599000, "interestExpense": 110599000, "depreciationAndAmortization": 233158000, "ebitda": 529490000, "ebitdaratio": 0.660566963, "operatingIncome": 296332000, "operatingIncomeRatio": 0.3696899456, "totalOtherIncomeExpensesNet": -107878000, "incomeBeforeTax": 188454000, "incomeBeforeTaxRatio": 0.2351063976, "incomeTaxExpense": 4689000, "netIncome": 183765000, "netIncomeRatio": 0.2292566205, "eps": 2.01, "epsdiluted": 2.01, "weightedAverageShsOut": 91239000, "weightedAverageShsOutDil": 91239000, "link": "https://www.sec.gov/Archives/edgar/data/1618563/000162828023005252/0001628280-23-005252-index.htm", "finalLink": "https://www.sec.gov/Archives/edgar/data/1618563/000162828023005252/nsa-20221231.htm", "calculatedOtherExpenses": 234901000, "calculatedOperatingExpenses": 294212000, "calculatedNetInterest": 0, "calculatedOtherIncome": -107878000, "calculatedIncomeNonControlling": 0, "calculatedEbitda": 529490000}, {"date": "2021-12-31", "symbol": "NSA", "reportedCurrency": "USD", "cik": "0001618563", "fillingDate": "2022-02-25", "acceptedDate": "2022-02-25 17:09:50", "calendarYear": "2021", "period": "FY", "revenue": 585671000, "costOfRevenue": 155265000, "grossProfit": 430406000, "grossProfitRatio": 0.7348938226, "researchAndDevelopmentExpenses": 0, "generalAndAdministrativeExpenses": 51001000, "sellingAndMarketingExpenses": 6600000, "sellingGeneralAndAdministrativeExpenses": 51001000, "otherExpenses": 161165000, "operatingExpenses": 212166000, "costAndExpenses": 367431000, "interestIncome": 72062000, "interestExpense": 72062000, "depreciationAndAmortization": 158312000, "ebitda": 380940000, "ebitdaratio": 0.6504334345, "operatingIncome": 222628000, "operatingIncomeRatio": 0.3801246775, "totalOtherIncomeExpensesNet": -74003000, "incomeBeforeTax": 148625000, "incomeBeforeTaxRatio": 0.2537687541, "incomeTaxExpense": 1690000, "netIncome": 146935000, "netIncomeRatio": 0.250883175, "eps": 1.81, "epsdiluted": 1.09, "weightedAverageShsOut": 81195000, "weightedAverageShsOutDil": 134538000, "link": "https://www.sec.gov/Archives/edgar/data/1618563/000162828022004019/0001628280-22-004019-index.htm", "finalLink": "https://www.sec.gov/Archives/edgar/data/1618563/000162828022004019/nsa-20211231.htm", "calculatedOtherExpenses": 156777000, "calculatedOperatingExpenses": 207778000, "calculatedNetInterest": 0, "calculatedOtherIncome": -74003000, "calculatedIncomeNonControlling": 0, "calculatedEbitda": 380940000}, {"date": "2020-12-31", "symbol": "NSA", "reportedCurrency": "USD", "cik": "0001618563", "fillingDate": "2021-02-26", "acceptedDate": "2021-02-26 16:13:14", "calendarYear": "2020", "period": "FY", "revenue": 432222000, "costOfRevenue": 123486000, "grossProfit": 308736000, "grossProfitRatio": 0.714299596, "researchAndDevelopmentExpenses": 0, "generalAndAdministrativeExpenses": 43640000, "sellingAndMarketingExpenses": 5800000, "sellingGeneralAndAdministrativeExpenses": 43640000, "otherExpenses": 117982000, "operatingExpenses": 161622000, "costAndExpenses": 285108000, "interestIncome": 62595000, "interestExpense": 62595000, "depreciationAndAmortization": 117174000, "ebitda": 263342000, "ebitdaratio": 0.6092748634, "operatingIncome": 146168000, "operatingIncomeRatio": 0.3381780659, "totalOtherIncomeExpensesNet": -65019000, "incomeBeforeTax": 81149000, "incomeBeforeTaxRatio": 0.1877484256, "incomeTaxExpense": 1671000, "netIncome": 79478000, "netIncomeRatio": 0.1838823568, "eps": 1.19, "epsdiluted": 1.19, "weightedAverageShsOut": 66547000, "weightedAverageShsOutDil": 66607000, "link": "https://www.sec.gov/Archives/edgar/data/1618563/000161856321000018/0001618563-21-000018-index.htm", "finalLink": "https://www.sec.gov/Archives/edgar/data/1618563/000161856321000018/nsa-20201231.htm", "calculatedOtherExpenses": 118928000, "calculatedOperatingExpenses": 162568000, "calculatedNetInterest": 0, "calculatedOtherIncome": -65019000, "calculatedIncomeNonControlling": 0, "calculatedEbitda": 263342000}, {"date": "2019-12-31", "symbol": "NSA", "reportedCurrency": "USD", "cik": "0001618563", "fillingDate": "2020-02-26", "acceptedDate": "2020-02-26 17:08:07", "calendarYear": "2019", "period": "FY", "revenue": 387896000, "costOfRevenue": 110347000, "grossProfit": 277549000, "grossProfitRatio": 0.7155242642, "researchAndDevelopmentExpenses": 0, "generalAndAdministrativeExpenses": 45581000, "sellingAndMarketingExpenses": 5200000, "sellingGeneralAndAdministrativeExpenses": 45581000, "otherExpenses": 105119000, "operatingExpenses": 150700000, "costAndExpenses": 261047000, "interestIncome": 56464000, "interestExpense": 56464000, "depreciationAndAmortization": 105119000, "ebitda": 227450000, "ebitdaratio": 0.5863685111, "operatingIncome": 122331000, "operatingIncomeRatio": 0.3153706148, "totalOtherIncomeExpensesNet": -54967000, "incomeBeforeTax": 67364000, "incomeBeforeTaxRatio": 0.1736651061, "incomeTaxExpense": 1351000, "netIncome": 66013000, "netIncomeRatio": 0.1701822138, "eps": 1.13, "epsdiluted": 1.13, "weightedAverageShsOut": 58208000, "weightedAverageShsOutDil": 58208000, "link": "https://www.sec.gov/Archives/edgar/data/1618563/000161856320000022/0001618563-20-000022-index.htm", "finalLink": "https://www.sec.gov/Archives/edgar/data/1618563/000161856320000022/nsa-20191231.htm", "calculatedOtherExpenses": 109637000, "calculatedOperatingExpenses": 155218000, "calculatedNetInterest": 0, "calculatedOtherIncome": -54967000, "calculatedIncomeNonControlling": 0, "calculatedEbitda": 227450000}, {"date": "2018-12-31", "symbol": "NSA", "reportedCurrency": "USD", "cik": "0001618563", "fillingDate": "2019-02-26", "acceptedDate": "2019-02-26 17:01:05", "calendarYear": "2018", "period": "FY", "revenue": 330896000, "costOfRevenue": 103875000, "grossProfit": 227021000, "grossProfitRatio": 0.6860796141, "researchAndDevelopmentExpenses": 0, "generalAndAdministrativeExpenses": 36220000, "sellingAndMarketingExpenses": 0, "sellingGeneralAndAdministrativeExpenses": 36220000, "otherExpenses": -91000, "operatingExpenses": 125367000, "costAndExpenses": 229242000, "interestIncome": 0, "interestExpense": 42724000, "depreciationAndAmortization": 89147000, "ebitda": 189287000, "ebitdaratio": 0.5720437841, "operatingIncome": 101654000, "operatingIncomeRatio": 0.3072083071, "totalOtherIncomeExpensesNet": -1786000, "incomeBeforeTax": 57144000, "incomeBeforeTaxRatio": 0.172694744, "incomeTaxExpense": 818000, "netIncome": 14109000, "netIncomeRatio": 0.0426387747, "eps": 0.26, "epsdiluted": 0.26, "weightedAverageShsOut": 53293000, "weightedAverageShsOutDil": 53293000, "link": "https://www.sec.gov/Archives/edgar/data/1618563/000161856319000018/0001618563-19-000018-index.htm", "finalLink": "https://www.sec.gov/Archives/edgar/data/1618563/000161856319000018/nsa-20181231x10k.htm", "calculatedOtherExpenses": 89147000, "calculatedOperatingExpenses": 125367000, "calculatedNetInterest": -42724000, "calculatedOtherIncome": -1786000, "calculatedIncomeNonControlling": 42217000, "calculatedEbitda": 190801000}, {"date": "2017-12-31", "symbol": "NSA", "reportedCurrency": "USD", "cik": "0001618563", "fillingDate": "2018-02-27", "acceptedDate": "2018-02-27 17:29:46", "calendarYear": "2017", "period": "FY", "revenue": 268130000, "costOfRevenue": 84455000, "grossProfit": 183675000, "grossProfitRatio": 0.6850221907, "researchAndDevelopmentExpenses": 0, "generalAndAdministrativeExpenses": 30060000, "sellingAndMarketingExpenses": 0, "sellingGeneralAndAdministrativeExpenses": 30060000, "otherExpenses": -58000, "operatingExpenses": 105175000, "costAndExpenses": 189630000, "interestIncome": 0, "interestExpense": 34068000, "depreciationAndAmortization": 75115000, "ebitda": 151218000, "ebitdaratio": 0.5639726998, "operatingIncome": 78500000, "operatingIncomeRatio": 0.2927684332, "totalOtherIncomeExpensesNet": 2725000, "incomeBeforeTax": 47157000, "incomeBeforeTaxRatio": 0.1758736434, "incomeTaxExpense": 1159000, "netIncome": 2961000, "netIncomeRatio": 0.0110431507, "eps": 0.01, "epsdiluted": 0.01, "weightedAverageShsOut": 44423000, "weightedAverageShsOutDil": 44423000, "link": "https://www.sec.gov/Archives/edgar/data/1618563/000161856318000015/0001618563-18-000015-index.htm", "finalLink": "https://www.sec.gov/Archives/edgar/data/1618563/000161856318000015/nsa-20171231x10k.htm", "calculatedOtherExpenses": 75115000, "calculatedOperatingExpenses": 105175000, "calculatedNetInterest": -34068000, "calculatedOtherIncome": 2725000, "calculatedIncomeNonControlling": 43037000, "calculatedEbitda": 153615000}, {"date": "2016-12-31", "symbol": "NSA", "reportedCurrency": "USD", "cik": "0001618563", "fillingDate": "2017-02-28", "acceptedDate": "2017-02-28 17:31:15", "calendarYear": "2016", "period": "FY", "revenue": 199046000, "costOfRevenue": 64798000, "grossProfit": 134248000, "grossProfitRatio": 0.6744571607, "researchAndDevelopmentExpenses": 0, "generalAndAdministrativeExpenses": 21528000, "sellingAndMarketingExpenses": 0, "sellingGeneralAndAdministrativeExpenses": 21528000, "otherExpenses": -515000, "operatingExpenses": 76592000, "costAndExpenses": 141390000, "interestIncome": 0, "interestExpense": 24109000, "depreciationAndAmortization": 55064000, "ebitda": 110721000, "ebitdaratio": 0.5562583523, "operatingIncome": 57656000, "operatingIncomeRatio": 0.2896616862, "totalOtherIncomeExpensesNet": -8681000, "incomeBeforeTax": 24866000, "incomeBeforeTaxRatio": 0.1249258965, "incomeTaxExpense": 13583000, "netIncome": 17965000, "netIncomeRatio": 0.0902555188, "eps": 0.6, "epsdiluted": 0.31, "weightedAverageShsOut": 29887000, "weightedAverageShsOutDil": 78747000, "link": "https://www.sec.gov/Archives/edgar/data/1618563/000161856317000034/0001618563-17-000034-index.htm", "finalLink": "https://www.sec.gov/Archives/edgar/data/1618563/000161856317000034/nsa-20161231x10k.htm", "calculatedOtherExpenses": 55064000, "calculatedOperatingExpenses": 76592000, "calculatedNetInterest": -24109000, "calculatedOtherIncome": -8681000, "calculatedIncomeNonControlling": -6682000, "calculatedEbitda": 112720000}, {"date": "2015-12-31", "symbol": "NSA", "reportedCurrency": "USD", "cik": "0001618563", "fillingDate": "2016-03-10", "acceptedDate": "2016-03-10 17:30:48", "calendarYear": "2015", "period": "FY", "revenue": 133919000, "costOfRevenue": 45412000, "grossProfit": 88507000, "grossProfitRatio": 0.660899499, "researchAndDevelopmentExpenses": 0, "generalAndAdministrativeExpenses": 16265000, "sellingAndMarketingExpenses": 0, "sellingGeneralAndAdministrativeExpenses": 16265000, "otherExpenses": -337000, "operatingExpenses": 56916000, "costAndExpenses": 102328000, "interestIncome": 0, "interestExpense": 20779000, "depreciationAndAmortization": 40651000, "ebitda": 71905000, "ebitdaratio": 0.5369290392, "operatingIncome": 31591000, "operatingIncomeRatio": 0.2358963254, "totalOtherIncomeExpensesNet": -6016000, "incomeBeforeTax": 4796000, "incomeBeforeTaxRatio": 0.0358126927, "incomeTaxExpense": -1965000, "netIncome": 12440000, "netIncomeRatio": 0.092891972, "eps": 0.8, "epsdiluted": 0.17, "weightedAverageShsOut": 15463000, "weightedAverageShsOutDil": 45409000, "link": "https://www.sec.gov/Archives/edgar/data/1618563/000161856316000055/0001618563-16-000055-index.htm", "finalLink": "https://www.sec.gov/Archives/edgar/data/1618563/000161856316000055/nsa-20151231x10k.htm", "calculatedOtherExpenses": 40651000, "calculatedOperatingExpenses": 56916000, "calculatedNetInterest": -20779000, "calculatedOtherIncome": -6016000, "calculatedIncomeNonControlling": -5679000, "calculatedEbitda": 72242000}, {"date": "2014-12-31", "symbol": "NSA", "reportedCurrency": "USD", "cik": "0001618563", "fillingDate": "2014-12-31", "acceptedDate": "2014-12-31 00:00:00", "calendarYear": "2014", "period": "FY", "revenue": 76970000, "costOfRevenue": 27913000, "grossProfit": 49057000, "grossProfitRatio": 0.6373522151, "researchAndDevelopmentExpenses": 0, "generalAndAdministrativeExpenses": 8189000, "sellingAndMarketingExpenses": 0, "sellingGeneralAndAdministrativeExpenses": 8189000, "otherExpenses": -1256000, "operatingExpenses": 31974000, "costAndExpenses": 59887000, "interestIncome": 0, "interestExpense": 24053000, "depreciationAndAmortization": 23785000, "ebitda": 39612000, "ebitdaratio": 0.5146420683, "operatingIncome": 17083000, "operatingIncomeRatio": 0.2219436144, "totalOtherIncomeExpensesNet": -9387000, "incomeBeforeTax": -16357000, "incomeBeforeTaxRatio": -0.2125113681, "incomeTaxExpense": -16357000, "netIncome": 0, "netIncomeRatio": 0, "eps": 0, "epsdiluted": 0, "weightedAverageShsOut": 20000000, "weightedAverageShsOutDil": 20000000, "link": null, "finalLink": null, "calculatedOtherExpenses": 23785000, "calculatedOperatingExpenses": 31974000, "calculatedNetInterest": -24053000, "calculatedOtherIncome": -9387000, "calculatedIncomeNonControlling": 0, "calculatedEbitda": 40868000}, {"date": "2012-12-31", "symbol": "NSA", "reportedCurrency": "USD", "cik": "0001618563", "fillingDate": "2012-12-31", "acceptedDate": "2012-12-31 00:00:00", "calendarYear": "2012", "period": "FY", "revenue": 29279000, "costOfRevenue": 11728000, "grossProfit": 17551000, "grossProfitRatio": 0.5994398716, "researchAndDevelopmentExpenses": 0, "generalAndAdministrativeExpenses": 1889000, "sellingAndMarketingExpenses": 0, "sellingGeneralAndAdministrativeExpenses": 1889000, "otherExpenses": 39000, "operatingExpenses": 5715000, "costAndExpenses": 17443000, "interestIncome": 0, "interestExpense": 17054000, "depreciationAndAmortization": 3826000, "ebitda": 15701000, "ebitdaratio": 0.5362546535, "operatingIncome": 11836000, "operatingIncomeRatio": 0.404248779, "totalOtherIncomeExpensesNet": 1766000, "incomeBeforeTax": -3452000, "incomeBeforeTaxRatio": -0.1179002015, "incomeTaxExpense": -1727000, "netIncome": -3452000, "netIncomeRatio": -0.1179002015, "eps": -0.17, "epsdiluted": -0.17, "weightedAverageShsOut": 20000000, "weightedAverageShsOutDil": 20000000, "link": null, "finalLink": null, "calculatedOtherExpenses": 3826000, "calculatedOperatingExpenses": 5715000, "calculatedNetInterest": -17054000, "calculatedOtherIncome": 1766000, "calculatedIncomeNonControlling": 1727000, "calculatedEbitda": 15662000}]}