{"originalCurrency": "USD", "convertedCurrency": "USD", "report": [{"date": "2023-12-31", "symbol": "NSIT", "reportedCurrency": "USD", "cik": "0000932696", "fillingDate": "2024-02-22", "acceptedDate": "2024-02-22 16:38:08", "calendarYear": "2023", "period": "FY", "revenue": 9175840000, "costOfRevenue": 7506315000, "grossProfit": 1669525000, "grossProfitRatio": 0.1819479198, "researchAndDevelopmentExpenses": 0, "generalAndAdministrativeExpenses": 1154284000, "sellingAndMarketingExpenses": 81959000, "sellingGeneralAndAdministrativeExpenses": 1236243000, "otherExpenses": -817000, "operatingExpenses": 1236243000, "costAndExpenses": 8742558000, "interestIncome": 0, "interestExpense": 41124000, "depreciationAndAmortization": 62476000, "ebitda": 495758000, "ebitdaratio": 0.054028623, "operatingIncome": 433282000, "operatingIncomeRatio": 0.0472198731, "totalOtherIncomeExpensesNet": -55428000, "incomeBeforeTax": 377854000, "incomeBeforeTaxRatio": 0.0411792272, "incomeTaxExpense": 96545000, "netIncome": 281309000, "netIncomeRatio": 0.0306575747, "eps": 8.53, "epsdiluted": 7.55, "weightedAverageShsOut": 32991000, "weightedAverageShsOutDil": 37241000, "link": "https://www.sec.gov/Archives/edgar/data/932696/000162828024006391/0001628280-24-006391-index.htm", "finalLink": "https://www.sec.gov/Archives/edgar/data/932696/000162828024006391/nsit-20231231.htm", "calculatedOtherExpenses": 0, "calculatedOperatingExpenses": 1236243000, "calculatedNetInterest": -41124000, "calculatedOtherIncome": -14304000, "calculatedIncomeNonControlling": 0, "calculatedEbitda": 495758000}, {"date": "2022-12-31", "symbol": "NSIT", "reportedCurrency": "USD", "cik": "0000932696", "fillingDate": "2023-02-16", "acceptedDate": "2023-02-16 12:41:35", "calendarYear": "2022", "period": "FY", "revenue": 10431191000, "costOfRevenue": 8794624000, "grossProfit": 1636567000, "grossProfitRatio": 0.1568916723, "researchAndDevelopmentExpenses": 0, "generalAndAdministrativeExpenses": 1127993000, "sellingAndMarketingExpenses": 88667000, "sellingGeneralAndAdministrativeExpenses": 1216660000, "otherExpenses": 230000, "operatingExpenses": 1216660000, "costAndExpenses": 10011284000, "interestIncome": 39497000, "interestExpense": 39497000, "depreciationAndAmortization": 63051000, "ebitda": 476751000, "ebitdaratio": 0.0457043688, "operatingIncome": 413700000, "operatingIncomeRatio": 0.0396599008, "totalOtherIncomeExpensesNet": -39267000, "incomeBeforeTax": 374433000, "incomeBeforeTaxRatio": 0.0358955176, "incomeTaxExpense": 93825000, "netIncome": 280608000, "netIncomeRatio": 0.0269008592, "eps": 8.04, "epsdiluted": 7.66, "weightedAverageShsOut": 34903000, "weightedAverageShsOutDil": 36620000, "link": "https://www.sec.gov/Archives/edgar/data/932696/000162828023003850/0001628280-23-003850-index.htm", "finalLink": "https://www.sec.gov/Archives/edgar/data/932696/000162828023003850/nsit-20221231.htm", "calculatedOtherExpenses": 6207000, "calculatedOperatingExpenses": 1222867000, "calculatedNetInterest": 0, "calculatedOtherIncome": -39267000, "calculatedIncomeNonControlling": 0, "calculatedEbitda": 476751000}, {"date": "2021-12-31", "symbol": "NSIT", "reportedCurrency": "USD", "cik": "0000932696", "fillingDate": "2022-02-18", "acceptedDate": "2022-02-18 13:45:17", "calendarYear": "2021", "period": "FY", "revenue": 9436113000, "costOfRevenue": 7988556000, "grossProfit": 1447557000, "grossProfitRatio": 0.1534060688, "researchAndDevelopmentExpenses": 0, "generalAndAdministrativeExpenses": 1050755000, "sellingAndMarketingExpenses": 66375000, "sellingGeneralAndAdministrativeExpenses": 1117130000, "otherExpenses": 1012000, "operatingExpenses": 1117130000, "costAndExpenses": 9105686000, "interestIncome": 40516000, "interestExpense": 40516000, "depreciationAndAmortization": 54799000, "ebitda": 386860000, "ebitdaratio": 0.0409978134, "operatingIncome": 332061000, "operatingIncomeRatio": 0.0351904434, "totalOtherIncomeExpensesNet": -39504000, "incomeBeforeTax": 292557000, "incomeBeforeTaxRatio": 0.0310039738, "incomeTaxExpense": 73212000, "netIncome": 219345000, "netIncomeRatio": 0.0232452706, "eps": 6.27, "epsdiluted": 5.95, "weightedAverageShsOut": 35011000, "weightedAverageShsOutDil": 36863000, "link": "https://www.sec.gov/Archives/edgar/data/932696/000162828022003153/0001628280-22-003153-index.htm", "finalLink": "https://www.sec.gov/Archives/edgar/data/932696/000162828022003153/nsit-20211231.htm", "calculatedOtherExpenses": -1634000, "calculatedOperatingExpenses": 1115496000, "calculatedNetInterest": 0, "calculatedOtherIncome": -39504000, "calculatedIncomeNonControlling": 0, "calculatedEbitda": 386860000}, {"date": "2020-12-31", "symbol": "NSIT", "reportedCurrency": "USD", "cik": "0000932696", "fillingDate": "2021-02-17", "acceptedDate": "2021-02-16 17:33:56", "calendarYear": "2020", "period": "FY", "revenue": 8340579000, "costOfRevenue": 7040637000, "grossProfit": 1299942000, "grossProfitRatio": 0.155857525, "researchAndDevelopmentExpenses": 0, "generalAndAdministrativeExpenses": 940224000, "sellingAndMarketingExpenses": 10480000, "sellingGeneralAndAdministrativeExpenses": 1013765000, "otherExpenses": -1529000, "operatingExpenses": 1013765000, "costAndExpenses": 8054402000, "interestIncome": 41594000, "interestExpense": 41594000, "depreciationAndAmortization": 78633000, "ebitda": 350208000, "ebitdaratio": 0.0419884519, "operatingIncome": 271575000, "operatingIncomeRatio": 0.0325606891, "totalOtherIncomeExpensesNet": -43123000, "incomeBeforeTax": 228452000, "incomeBeforeTaxRatio": 0.0273904246, "incomeTaxExpense": 55812000, "netIncome": 172640000, "netIncomeRatio": 0.0206988028, "eps": 4.92, "epsdiluted": 4.87, "weightedAverageShsOut": 35117000, "weightedAverageShsOutDil": 35444000, "link": "https://www.sec.gov/Archives/edgar/data/932696/000156459021006117/0001564590-21-006117-index.htm", "finalLink": "https://www.sec.gov/Archives/edgar/data/932696/000156459021006117/nsit-10k_20201231.htm", "calculatedOtherExpenses": 14602000, "calculatedOperatingExpenses": 1028367000, "calculatedNetInterest": 0, "calculatedOtherIncome": -43123000, "calculatedIncomeNonControlling": 0, "calculatedEbitda": 350208000}, {"date": "2019-12-31", "symbol": "NSIT", "reportedCurrency": "USD", "cik": "0000932696", "fillingDate": "2020-02-21", "acceptedDate": "2020-02-21 16:02:33", "calendarYear": "2019", "period": "FY", "revenue": 7731190000, "costOfRevenue": 6593092000, "grossProfit": 1138098000, "grossProfitRatio": 0.1472086445, "researchAndDevelopmentExpenses": 0, "generalAndAdministrativeExpenses": 822931000, "sellingAndMarketingExpenses": 11597000, "sellingGeneralAndAdministrativeExpenses": 880737000, "otherExpenses": -400000, "operatingExpenses": 880737000, "costAndExpenses": 7473829000, "interestIncome": 28478000, "interestExpense": 28478000, "depreciationAndAmortization": 62576000, "ebitda": 303170000, "ebitdaratio": 0.0392138856, "operatingIncome": 240594000, "operatingIncomeRatio": 0.0311199181, "totalOtherIncomeExpensesNet": -28878000, "incomeBeforeTax": 211716000, "incomeBeforeTaxRatio": 0.0273846588, "incomeTaxExpense": 52309000, "netIncome": 159407000, "netIncomeRatio": 0.0206186887, "eps": 4.49, "epsdiluted": 4.43, "weightedAverageShsOut": 35538000, "weightedAverageShsOutDil": 35959000, "link": "https://www.sec.gov/Archives/edgar/data/932696/000156459020005741/0001564590-20-005741-index.htm", "finalLink": "https://www.sec.gov/Archives/edgar/data/932696/000156459020005741/nsit-10k_20191231.htm", "calculatedOtherExpenses": 16767000, "calculatedOperatingExpenses": 897504000, "calculatedNetInterest": 0, "calculatedOtherIncome": -28878000, "calculatedIncomeNonControlling": 0, "calculatedEbitda": 303170000}, {"date": "2018-12-31", "symbol": "NSIT", "reportedCurrency": "USD", "cik": "0000932696", "fillingDate": "2019-02-22", "acceptedDate": "2019-02-22 16:35:51", "calendarYear": "2018", "period": "FY", "revenue": 7080136000, "costOfRevenue": 6086418000, "grossProfit": 993718000, "grossProfitRatio": 0.1403529537, "researchAndDevelopmentExpenses": 0, "generalAndAdministrativeExpenses": 708726000, "sellingAndMarketingExpenses": 10345000, "sellingGeneralAndAdministrativeExpenses": 756529000, "otherExpenses": -1342000, "operatingExpenses": 756529000, "costAndExpenses": 6842947000, "interestIncome": 1075000, "interestExpense": 22812000, "depreciationAndAmortization": 37458000, "ebitda": 274380000, "ebitdaratio": 0.0387534929, "operatingIncome": 233483000, "operatingIncomeRatio": 0.0329771914, "totalOtherIncomeExpensesNet": -3550000, "incomeBeforeTax": 211902000, "incomeBeforeTaxRatio": 0.0299290861, "incomeTaxExpense": 48225000, "netIncome": 163677000, "netIncomeRatio": 0.0231177763, "eps": 4.6, "epsdiluted": 4.55, "weightedAverageShsOut": 35586000, "weightedAverageShsOutDil": 36009000, "link": "https://www.sec.gov/Archives/edgar/data/932696/000156459019003901/0001564590-19-003901-index.htm", "finalLink": "https://www.sec.gov/Archives/edgar/data/932696/000156459019003901/nsit-10k_20181231.htm", "calculatedOtherExpenses": 3706000, "calculatedOperatingExpenses": 760235000, "calculatedNetInterest": -21737000, "calculatedOtherIncome": 156000, "calculatedIncomeNonControlling": 0, "calculatedEbitda": 270941000}, {"date": "2017-12-31", "symbol": "NSIT", "reportedCurrency": "USD", "cik": "0000932696", "fillingDate": "2018-02-26", "acceptedDate": "2018-02-23 21:10:20", "calendarYear": "2017", "period": "FY", "revenue": 6703623000, "costOfRevenue": 5785053000, "grossProfit": 918570000, "grossProfitRatio": 0.1370259038, "researchAndDevelopmentExpenses": 0, "generalAndAdministrativeExpenses": 723328000, "sellingAndMarketingExpenses": 47053000, "sellingGeneralAndAdministrativeExpenses": 723328000, "otherExpenses": -1347000, "operatingExpenses": 723328000, "costAndExpenses": 6508381000, "interestIncome": 1209000, "interestExpense": 19174000, "depreciationAndAmortization": 42599000, "ebitda": 237703000, "ebitdaratio": 0.0354588854, "operatingIncome": 179265000, "operatingIncomeRatio": 0.0267415098, "totalOtherIncomeExpensesNet": -18179000, "incomeBeforeTax": 159098000, "incomeBeforeTaxRatio": 0.0237331365, "incomeTaxExpense": 68415000, "netIncome": 90683000, "netIncomeRatio": 0.0135274612, "eps": 2.54, "epsdiluted": 2.5, "weightedAverageShsOut": 35741000, "weightedAverageShsOutDil": 36207000, "link": "https://www.sec.gov/Archives/edgar/data/932696/000119312518056412/0001193125-18-056412-index.htm", "finalLink": "https://www.sec.gov/Archives/edgar/data/932696/000119312518056412/d508368d10k.htm", "calculatedOtherExpenses": 15977000, "calculatedOperatingExpenses": 739305000, "calculatedNetInterest": -17965000, "calculatedOtherIncome": -2202000, "calculatedIncomeNonControlling": 0, "calculatedEbitda": 221864000}, {"date": "2016-12-31", "symbol": "NSIT", "reportedCurrency": "USD", "cik": "0000932696", "fillingDate": "2017-02-17", "acceptedDate": "2017-02-17 16:45:15", "calendarYear": "2016", "period": "FY", "revenue": 5485515000, "costOfRevenue": 4742413000, "grossProfit": 743102000, "grossProfitRatio": 0.1354662233, "researchAndDevelopmentExpenses": 0, "generalAndAdministrativeExpenses": 585243000, "sellingAndMarketingExpenses": 6848000, "sellingGeneralAndAdministrativeExpenses": 585243000, "otherExpenses": -1290000, "operatingExpenses": 585243000, "costAndExpenses": 5327656000, "interestIncome": 1066000, "interestExpense": 8628000, "depreciationAndAmortization": 38130000, "ebitda": 195765000, "ebitdaratio": 0.0356876246, "operatingIncome": 148832000, "operatingIncomeRatio": 0.027131819, "totalOtherIncomeExpensesNet": -10839000, "incomeBeforeTax": 139458000, "incomeBeforeTaxRatio": 0.0254229548, "incomeTaxExpense": 54768000, "netIncome": 84690000, "netIncomeRatio": 0.0154388421, "eps": 2.35, "epsdiluted": 2.32, "weightedAverageShsOut": 36102000, "weightedAverageShsOutDil": 36438000, "link": "https://www.sec.gov/Archives/edgar/data/932696/000119312517048059/0001193125-17-048059-index.htm", "finalLink": "https://www.sec.gov/Archives/edgar/data/932696/000119312517048059/d278320d10k.htm", "calculatedOtherExpenses": 9027000, "calculatedOperatingExpenses": 594270000, "calculatedNetInterest": -7562000, "calculatedOtherIncome": -1812000, "calculatedIncomeNonControlling": 0, "calculatedEbitda": 186962000}, {"date": "2015-12-31", "symbol": "NSIT", "reportedCurrency": "USD", "cik": "0000932696", "fillingDate": "2016-02-19", "acceptedDate": "2016-02-19 17:20:50", "calendarYear": "2015", "period": "FY", "revenue": 5373090000, "costOfRevenue": 4656758000, "grossProfit": 716332000, "grossProfitRatio": 0.1333184443, "researchAndDevelopmentExpenses": 0, "generalAndAdministrativeExpenses": 584906000, "sellingAndMarketingExpenses": 33568000, "sellingGeneralAndAdministrativeExpenses": 584906000, "otherExpenses": -1295000, "operatingExpenses": 584906000, "costAndExpenses": 5241664000, "interestIncome": 783000, "interestExpense": 7224000, "depreciationAndAmortization": 37957000, "ebitda": 168871000, "ebitdaratio": 0.0314290287, "operatingIncome": 126519000, "operatingIncomeRatio": 0.0235467859, "totalOtherIncomeExpensesNet": -5809000, "incomeBeforeTax": 119176000, "incomeBeforeTaxRatio": 0.0221801608, "incomeTaxExpense": 43325000, "netIncome": 75851000, "netIncomeRatio": 0.0141168304, "eps": 2, "epsdiluted": 1.98, "weightedAverageShsOut": 37984000, "weightedAverageShsOutDil": 38275000, "link": "https://www.sec.gov/Archives/edgar/data/932696/000119312516470150/0001193125-16-470150-index.htm", "finalLink": "https://www.sec.gov/Archives/edgar/data/932696/000119312516470150/d111575d10k.htm", "calculatedOtherExpenses": 4907000, "calculatedOperatingExpenses": 589813000, "calculatedNetInterest": -6441000, "calculatedOtherIncome": -902000, "calculatedIncomeNonControlling": 0, "calculatedEbitda": 164476000}, {"date": "2014-12-31", "symbol": "NSIT", "reportedCurrency": "USD", "cik": "0000932696", "fillingDate": "2015-02-20", "acceptedDate": "2015-02-20 15:45:08", "calendarYear": "2014", "period": "FY", "revenue": 5316229000, "costOfRevenue": 4603826000, "grossProfit": 712403000, "grossProfitRatio": 0.134005326, "researchAndDevelopmentExpenses": 0, "generalAndAdministrativeExpenses": 576967000, "sellingAndMarketingExpenses": 31214000, "sellingGeneralAndAdministrativeExpenses": 576967000, "otherExpenses": -1347000, "operatingExpenses": 576967000, "costAndExpenses": 5180793000, "interestIncome": 1062000, "interestExpense": 6019000, "depreciationAndAmortization": 40570000, "ebitda": 175721000, "ebitdaratio": 0.0330536928, "operatingIncome": 131003000, "operatingIncomeRatio": 0.0246420912, "totalOtherIncomeExpensesNet": -6107000, "incomeBeforeTax": 124372000, "incomeBeforeTaxRatio": 0.0233947785, "incomeTaxExpense": 48688000, "netIncome": 75684000, "netIncomeRatio": 0.014236407, "eps": 1.84, "epsdiluted": 1.83, "weightedAverageShsOut": 41062000, "weightedAverageShsOutDil": 41358000, "link": "https://www.sec.gov/Archives/edgar/data/932696/000119312515056216/0001193125-15-056216-index.htm", "finalLink": "https://www.sec.gov/Archives/edgar/data/932696/000119312515056216/d850449d10k.htm", "calculatedOtherExpenses": 4433000, "calculatedOperatingExpenses": 581400000, "calculatedNetInterest": -4957000, "calculatedOtherIncome": -1674000, "calculatedIncomeNonControlling": 0, "calculatedEbitda": 171573000}, {"date": "2013-12-31", "symbol": "NSIT", "reportedCurrency": "USD", "cik": "0000932696", "fillingDate": "2014-02-21", "acceptedDate": "2014-02-21 16:11:27", "calendarYear": "2013", "period": "FY", "revenue": 5144347000, "costOfRevenue": 4445460000, "grossProfit": 698887000, "grossProfitRatio": 0.1358553379, "researchAndDevelopmentExpenses": 0, "generalAndAdministrativeExpenses": 564910000, "sellingAndMarketingExpenses": 29394000, "sellingGeneralAndAdministrativeExpenses": 564910000, "otherExpenses": -1412000, "operatingExpenses": 564910000, "costAndExpenses": 5010370000, "interestIncome": 1230000, "interestExpense": 6337000, "depreciationAndAmortization": 41544000, "ebitda": 175339000, "ebitdaratio": 0.0340838206, "operatingIncome": 121237000, "operatingIncomeRatio": 0.0235670339, "totalOtherIncomeExpensesNet": -14346000, "incomeBeforeTax": 114524000, "incomeBeforeTaxRatio": 0.0222621063, "incomeTaxExpense": 43503000, "netIncome": 71021000, "netIncomeRatio": 0.0138056395, "eps": 1.65, "epsdiluted": 1.64, "weightedAverageShsOut": 43012000, "weightedAverageShsOutDil": 43289000, "link": "https://www.sec.gov/Archives/edgar/data/932696/000119312514062744/0001193125-14-062744-index.htm", "finalLink": "https://www.sec.gov/Archives/edgar/data/932696/000119312514062744/d649341d10k.htm", "calculatedOtherExpenses": 12740000, "calculatedOperatingExpenses": 577650000, "calculatedNetInterest": -5107000, "calculatedOtherIncome": -1606000, "calculatedIncomeNonControlling": 0, "calculatedEbitda": 162781000}, {"date": "2012-12-31", "symbol": "NSIT", "reportedCurrency": "USD", "cik": "0000932696", "fillingDate": "2013-02-22", "acceptedDate": "2013-02-22 17:22:23", "calendarYear": "2012", "period": "FY", "revenue": 5301441000, "costOfRevenue": 4581765000, "grossProfit": 719676000, "grossProfitRatio": 0.1357510156, "researchAndDevelopmentExpenses": 0, "generalAndAdministrativeExpenses": 565206000, "sellingAndMarketingExpenses": 27632000, "sellingGeneralAndAdministrativeExpenses": 565206000, "otherExpenses": -1337000, "operatingExpenses": 565206000, "costAndExpenses": 5146971000, "interestIncome": 1468000, "interestExpense": 6101000, "depreciationAndAmortization": 41177000, "ebitda": 195778000, "ebitdaratio": 0.0369292047, "operatingIncome": 148153000, "operatingIncomeRatio": 0.0279457981, "totalOtherIncomeExpensesNet": -5169000, "incomeBeforeTax": 144668000, "incomeBeforeTaxRatio": 0.0272884297, "incomeTaxExpense": 51905000, "netIncome": 92763000, "netIncomeRatio": 0.0174976954, "eps": 2.09, "epsdiluted": 2.07, "weightedAverageShsOut": 44413000, "weightedAverageShsOutDil": 44834000, "link": "https://www.sec.gov/Archives/edgar/data/932696/000119312513071730/0001193125-13-071730-index.htm", "finalLink": "https://www.sec.gov/Archives/edgar/data/932696/000119312513071730/d450600d10k.htm", "calculatedOtherExpenses": 6317000, "calculatedOperatingExpenses": 571523000, "calculatedNetInterest": -4633000, "calculatedOtherIncome": 1148000, "calculatedIncomeNonControlling": 0, "calculatedEbitda": 189330000}, {"date": "2011-12-31", "symbol": "NSIT", "reportedCurrency": "USD", "cik": "0000932696", "fillingDate": "2012-02-24", "acceptedDate": "2012-02-23 21:34:15", "calendarYear": "2011", "period": "FY", "revenue": 5287228000, "costOfRevenue": 4578071000, "grossProfit": 709157000, "grossProfitRatio": 0.1341264269, "researchAndDevelopmentExpenses": 0, "generalAndAdministrativeExpenses": 556689000, "sellingAndMarketingExpenses": 0, "sellingGeneralAndAdministrativeExpenses": 556689000, "otherExpenses": 0, "operatingExpenses": 556689000, "costAndExpenses": 5134760000, "interestIncome": 1686000, "interestExpense": 6927000, "depreciationAndAmortization": 39139000, "ebitda": 193293000, "ebitdaratio": 0.0365584764, "operatingIncome": 147383000, "operatingIncomeRatio": 0.0278752874, "totalOtherIncomeExpensesNet": -5538000, "incomeBeforeTax": 141689000, "incomeBeforeTaxRatio": 0.0267983526, "incomeTaxExpense": 41454000, "netIncome": 100235000, "netIncomeRatio": 0.0189579492, "eps": 2.2, "epsdiluted": 2.18, "weightedAverageShsOut": 45474000, "weightedAverageShsOutDil": 46021000, "link": "https://www.sec.gov/Archives/edgar/data/932696/000095012312003022/0000950123-12-003022-index.htm", "finalLink": "https://www.sec.gov/Archives/edgar/data/932696/000095012312003022/c25148e10vk.htm", "calculatedOtherExpenses": 5085000, "calculatedOperatingExpenses": 561774000, "calculatedNetInterest": -5241000, "calculatedOtherIncome": -453000, "calculatedIncomeNonControlling": 0, "calculatedEbitda": 186522000}, {"date": "2010-12-31", "symbol": "NSIT", "reportedCurrency": "USD", "cik": "0000932696", "fillingDate": "2011-02-23", "acceptedDate": "2011-02-23 16:17:05", "calendarYear": "2010", "period": "FY", "revenue": 4809930000, "costOfRevenue": 4163833000, "grossProfit": 646097000, "grossProfitRatio": 0.1343256555, "researchAndDevelopmentExpenses": 0, "generalAndAdministrativeExpenses": 519065000, "sellingAndMarketingExpenses": 0, "sellingGeneralAndAdministrativeExpenses": 519065000, "otherExpenses": 0, "operatingExpenses": 519065000, "costAndExpenses": 4682898000, "interestIncome": 714000, "interestExpense": 7677000, "depreciationAndAmortization": 38013000, "ebitda": 165759000, "ebitdaratio": 0.0344618321, "operatingIncome": 124076000, "operatingIncomeRatio": 0.0257958016, "totalOtherIncomeExpensesNet": -4895000, "incomeBeforeTax": 115174000, "incomeBeforeTaxRatio": 0.023945047, "incomeTaxExpense": 39689000, "netIncome": 75485000, "netIncomeRatio": 0.0156935756, "eps": 1.63, "epsdiluted": 1.61, "weightedAverageShsOut": 46218000, "weightedAverageShsOutDil": 46812000, "link": "https://www.sec.gov/Archives/edgar/data/932696/000095012311017134/0000950123-11-017134-index.htm", "finalLink": "https://www.sec.gov/Archives/edgar/data/932696/000095012311017134/c12987e10vk.htm", "calculatedOtherExpenses": 2956000, "calculatedOperatingExpenses": 522021000, "calculatedNetInterest": -6963000, "calculatedOtherIncome": -1939000, "calculatedIncomeNonControlling": 0, "calculatedEbitda": 162089000}, {"date": "2009-12-31", "symbol": "NSIT", "reportedCurrency": "USD", "cik": "0000932696", "fillingDate": "2010-02-25", "acceptedDate": "2010-02-25 06:01:05", "calendarYear": "2009", "period": "FY", "revenue": 4136905000, "costOfRevenue": 3568291000, "grossProfit": 568614000, "grossProfitRatio": 0.1374491317, "researchAndDevelopmentExpenses": 0, "generalAndAdministrativeExpenses": 502102000, "sellingAndMarketingExpenses": 0, "sellingGeneralAndAdministrativeExpenses": 502102000, "otherExpenses": 0, "operatingExpenses": 502102000, "costAndExpenses": 4070393000, "interestIncome": 424000, "interestExpense": 10790000, "depreciationAndAmortization": 41163000, "ebitda": 108099000, "ebitdaratio": 0.0261304043, "operatingIncome": 52904000, "operatingIncomeRatio": 0.0127883043, "totalOtherIncomeExpensesNet": -14403000, "incomeBeforeTax": 41743000, "incomeBeforeTaxRatio": 0.0100903937, "incomeTaxExpense": 10970000, "netIncome": 33574000, "netIncomeRatio": 0.008115729, "eps": 0.73, "epsdiluted": 0.73, "weightedAverageShsOut": 45838000, "weightedAverageShsOutDil": 46271000, "link": "https://www.sec.gov/Archives/edgar/data/932696/000095012310016575/0000950123-10-016575-index.htm", "finalLink": "https://www.sec.gov/Archives/edgar/data/932696/000095012310016575/c96767e10vk.htm", "calculatedOtherExpenses": 13608000, "calculatedOperatingExpenses": 515710000, "calculatedNetInterest": -10366000, "calculatedOtherIncome": -795000, "calculatedIncomeNonControlling": -2801000, "calculatedEbitda": 94067000}, {"date": "2008-12-31", "symbol": "NSIT", "reportedCurrency": "USD", "cik": "0000932696", "fillingDate": "2009-05-12", "acceptedDate": "2009-05-12 06:01:23", "calendarYear": "2008", "period": "FY", "revenue": 4825489000, "costOfRevenue": 4161906000, "grossProfit": 663583000, "grossProfitRatio": 0.1375162186, "researchAndDevelopmentExpenses": 0, "generalAndAdministrativeExpenses": 561987000, "sellingAndMarketingExpenses": 0, "sellingGeneralAndAdministrativeExpenses": 561987000, "otherExpenses": 0, "operatingExpenses": 561987000, "costAndExpenses": 4723893000, "interestIncome": 2387000, "interestExpense": 13479000, "depreciationAndAmortization": 41239000, "ebitda": 145222000, "ebitdaratio": 0.0300947738, "operatingIncome": -304246000, "operatingIncomeRatio": -0.0630497759, "totalOtherIncomeExpensesNet": -416578000, "incomeBeforeTax": -326074000, "incomeBeforeTaxRatio": -0.0675732553, "incomeTaxExpense": -86347000, "netIncome": -239727000, "netIncomeRatio": -0.0496793175, "eps": -5.15, "epsdiluted": -5.15, "weightedAverageShsOut": 46573000, "weightedAverageShsOutDil": 46573000, "link": "https://www.sec.gov/Archives/edgar/data/932696/000136231009007124/0001362310-09-007124-index.htm", "finalLink": "https://www.sec.gov/Archives/edgar/data/932696/000136231009007124/c85057e10vk.htm", "calculatedOtherExpenses": 405842000, "calculatedOperatingExpenses": 967829000, "calculatedNetInterest": -11092000, "calculatedOtherIncome": -10736000, "calculatedIncomeNonControlling": 0, "calculatedEbitda": -263007000}, {"date": "2007-12-31", "symbol": "NSIT", "reportedCurrency": "USD", "cik": "0000932696", "fillingDate": "2008-02-27", "acceptedDate": "2008-02-27 16:18:37", "calendarYear": "2007", "period": "FY", "revenue": 4800431000, "costOfRevenue": 4139343000, "grossProfit": 661088000, "grossProfitRatio": 0.1377143011, "researchAndDevelopmentExpenses": 0, "generalAndAdministrativeExpenses": 532391000, "sellingAndMarketingExpenses": 0, "sellingGeneralAndAdministrativeExpenses": 532391000, "otherExpenses": 0, "operatingExpenses": 532391000, "costAndExpenses": 4671734000, "interestIncome": 0, "interestExpense": 5983000, "depreciationAndAmortization": 34533000, "ebitda": 163469000, "ebitdaratio": 0.034052984, "operatingIncome": 126102000, "operatingIncomeRatio": 0.0262688913, "totalOtherIncomeExpensesNet": -239000, "incomeBeforeTax": 117169000, "incomeBeforeTaxRatio": 0.0244080167, "incomeTaxExpense": 45158000, "netIncome": 77795000, "netIncomeRatio": 0.0162058365, "eps": 1.59, "epsdiluted": 1.56, "weightedAverageShsOut": 49055000, "weightedAverageShsOutDil": 49760000, "link": "https://www.sec.gov/Archives/edgar/data/932696/000136231008001149/0001362310-08-001149-index.htm", "finalLink": "https://www.sec.gov/Archives/edgar/data/932696/000136231008001149/c72541e10vk.htm", "calculatedOtherExpenses": 2595000, "calculatedOperatingExpenses": 534986000, "calculatedNetInterest": -5983000, "calculatedOtherIncome": -2950000, "calculatedIncomeNonControlling": -5784000, "calculatedEbitda": 160635000}, {"date": "2006-12-31", "symbol": "NSIT", "reportedCurrency": "USD", "cik": "0000932696", "fillingDate": "2007-07-26", "acceptedDate": "2007-07-26 12:36:01", "calendarYear": "2006", "period": "FY", "revenue": 3817085000, "costOfRevenue": 3338022000, "grossProfit": 479063000, "grossProfitRatio": 0.1255049337, "researchAndDevelopmentExpenses": 0, "generalAndAdministrativeExpenses": 374523000, "sellingAndMarketingExpenses": 0, "sellingGeneralAndAdministrativeExpenses": 374523000, "otherExpenses": 0, "operatingExpenses": 374523000, "costAndExpenses": 3712545000, "interestIncome": -3394000, "interestExpense": -7682000, "depreciationAndAmortization": 25372000, "ebitda": 130407000, "ebitdaratio": 0.0341640283, "operatingIncome": 103811000, "operatingIncomeRatio": 0.0271964077, "totalOtherIncomeExpensesNet": -495000, "incomeBeforeTax": 101607000, "incomeBeforeTaxRatio": 0.0266190038, "incomeTaxExpense": 35899000, "netIncome": 76818000, "netIncomeRatio": 0.0201247811, "eps": 1.59, "epsdiluted": 1.58, "weightedAverageShsOut": 48373000, "weightedAverageShsOutDil": 48564000, "link": "https://www.sec.gov/Archives/edgar/data/932696/000095015307001566/0000950153-07-001566-index.htm", "finalLink": "https://www.sec.gov/Archives/edgar/data/932696/000095015307001566/p74115e10vk.htm", "calculatedOtherExpenses": 729000, "calculatedOperatingExpenses": 375252000, "calculatedNetInterest": 4288000, "calculatedOtherIncome": -6492000, "calculatedIncomeNonControlling": -11110000, "calculatedEbitda": 129183000}, {"date": "2005-12-31", "symbol": "NSIT", "reportedCurrency": "USD", "cik": "0000932696", "fillingDate": "2006-02-17", "acceptedDate": "2006-02-17 16:46:18", "calendarYear": "2005", "period": "FY", "revenue": 3261150000, "costOfRevenue": 2869239000, "grossProfit": 391911000, "grossProfitRatio": 0.1201757049, "researchAndDevelopmentExpenses": 0, "generalAndAdministrativeExpenses": 289250000, "sellingAndMarketingExpenses": 0, "sellingGeneralAndAdministrativeExpenses": 289250000, "otherExpenses": -664000, "operatingExpenses": 288586000, "costAndExpenses": 3157825000, "interestIncome": 0, "interestExpense": 26145000, "depreciationAndAmortization": 18204000, "ebitda": 134685000, "ebitdaratio": 0.0412998482, "operatingIncome": 90358000, "operatingIncomeRatio": 0.0277074038, "totalOtherIncomeExpensesNet": -13156000, "incomeBeforeTax": 90985000, "incomeBeforeTaxRatio": 0.0278996673, "incomeTaxExpense": 35641000, "netIncome": 54695000, "netIncomeRatio": 0.016771691, "eps": 1.11, "epsdiluted": 1.1, "weightedAverageShsOut": 48553000, "weightedAverageShsOutDil": 49057000, "link": "https://www.sec.gov/Archives/edgar/data/932696/000095015306000440/0000950153-06-000440-index.htm", "finalLink": "https://www.sec.gov/Archives/edgar/data/932696/000095015306000440/p71885e10vk.htm", "calculatedOtherExpenses": 12303000, "calculatedOperatingExpenses": 301553000, "calculatedNetInterest": -26145000, "calculatedOtherIncome": 26772000, "calculatedIncomeNonControlling": 649000, "calculatedEbitda": 108562000}, {"date": "2004-12-31", "symbol": "NSIT", "reportedCurrency": "USD", "cik": "0000932696", "fillingDate": "2005-03-07", "acceptedDate": "2005-03-07 10:35:06", "calendarYear": "2004", "period": "FY", "revenue": 3082725000, "costOfRevenue": 2712294000, "grossProfit": 370431000, "grossProfitRatio": 0.1201634917, "researchAndDevelopmentExpenses": 0, "generalAndAdministrativeExpenses": 285742000, "sellingAndMarketingExpenses": 0, "sellingGeneralAndAdministrativeExpenses": 285742000, "otherExpenses": -3617000, "operatingExpenses": 282125000, "costAndExpenses": 2994419000, "interestIncome": 0, "interestExpense": -17240000, "depreciationAndAmortization": 20357000, "ebitda": 108374000, "ebitdaratio": 0.0351552604, "operatingIncome": 85871000, "operatingIncomeRatio": 0.0278555499, "totalOtherIncomeExpensesNet": 289000, "incomeBeforeTax": 84816000, "incomeBeforeTaxRatio": 0.0275133202, "incomeTaxExpense": 24729000, "netIncome": 80528000, "netIncomeRatio": 0.0261223431, "eps": 1.66, "epsdiluted": 1.63, "weightedAverageShsOut": 48389000, "weightedAverageShsOutDil": 49220000, "link": "https://www.sec.gov/Archives/edgar/data/932696/000095015305000431/0000950153-05-000431-index.htm", "finalLink": "https://www.sec.gov/Archives/edgar/data/932696/000095015305000431/p70295e10vk.htm", "calculatedOtherExpenses": -1182000, "calculatedOperatingExpenses": 284560000, "calculatedNetInterest": 17240000, "calculatedOtherIncome": -18295000, "calculatedIncomeNonControlling": -20441000, "calculatedEbitda": 106228000}, {"date": "2003-12-31", "symbol": "NSIT", "reportedCurrency": "USD", "cik": "0000932696", "fillingDate": "2004-03-11", "acceptedDate": "2004-03-11 16:59:58", "calendarYear": "2003", "period": "FY", "revenue": 2914352000, "costOfRevenue": 2565009000, "grossProfit": 349343000, "grossProfitRatio": 0.1198698716, "researchAndDevelopmentExpenses": 0, "generalAndAdministrativeExpenses": 286419000, "sellingAndMarketingExpenses": 0, "sellingGeneralAndAdministrativeExpenses": 286419000, "otherExpenses": -2504000, "operatingExpenses": 283915000, "costAndExpenses": 2848924000, "interestIncome": 0, "interestExpense": 13224000, "depreciationAndAmortization": 30372000, "ebitda": 101160000, "ebitdaratio": 0.0347109752, "operatingIncome": 61963000, "operatingIncomeRatio": 0.0212613301, "totalOtherIncomeExpensesNet": -5360000, "incomeBeforeTax": 57564000, "incomeBeforeTaxRatio": 0.0197519037, "incomeTaxExpense": 19810000, "netIncome": 37754000, "netIncomeRatio": 0.0129545093, "eps": 0.76, "epsdiluted": 0.75, "weightedAverageShsOut": 46315000, "weightedAverageShsOutDil": 46581000, "link": "https://www.sec.gov/Archives/edgar/data/932696/000095015304000585/0000950153-04-000585-index.htm", "finalLink": "https://www.sec.gov/Archives/edgar/data/932696/000095015304000585/p68894e10vk.htm", "calculatedOtherExpenses": 961000, "calculatedOperatingExpenses": 287380000, "calculatedNetInterest": -13224000, "calculatedOtherIncome": 8825000, "calculatedIncomeNonControlling": 0, "calculatedEbitda": 92335000}, {"date": "2002-12-31", "symbol": "NSIT", "reportedCurrency": "USD", "cik": "0000932696", "fillingDate": "2003-03-27", "acceptedDate": "2003-03-27 12:18:07", "calendarYear": "2002", "period": "FY", "revenue": 2890986000, "costOfRevenue": 2555376000, "grossProfit": 335610000, "grossProfitRatio": 0.116088421, "researchAndDevelopmentExpenses": 0, "generalAndAdministrativeExpenses": 254398000, "sellingAndMarketingExpenses": 0, "sellingGeneralAndAdministrativeExpenses": 254398000, "otherExpenses": 92987000, "operatingExpenses": 347385000, "costAndExpenses": 2902761000, "interestIncome": 0, "interestExpense": 103761000, "depreciationAndAmortization": 21936000, "ebitda": 107835000, "ebitdaratio": 0.0373004228, "operatingIncome": -13275000, "operatingIncomeRatio": -0.004591859, "totalOtherIncomeExpensesNet": -97674000, "incomeBeforeTax": -17862000, "incomeBeforeTaxRatio": -0.0061785149, "incomeTaxExpense": 24978000, "netIncome": -42840000, "netIncomeRatio": -0.0148184737, "eps": -0.96, "epsdiluted": -0.96, "weightedAverageShsOut": 44808000, "weightedAverageShsOutDil": 44808000, "link": "https://www.sec.gov/Archives/edgar/data/932696/000095015303000555/0000950153-03-000555-index.htm", "finalLink": "https://www.sec.gov/Archives/edgar/data/932696/000095015303000555/p67609e10vk.htm", "calculatedOtherExpenses": 94487000, "calculatedOperatingExpenses": 348885000, "calculatedNetInterest": -103761000, "calculatedOtherIncome": 99174000, "calculatedIncomeNonControlling": 0, "calculatedEbitda": 8661000}, {"date": "2001-12-31", "symbol": "NSIT", "reportedCurrency": "USD", "cik": "0000932696", "fillingDate": "2002-04-01", "acceptedDate": "2002-04-01 00:00:00", "calendarYear": "2001", "period": "FY", "revenue": 2082339000, "costOfRevenue": 1840167000, "grossProfit": 242172000, "grossProfitRatio": 0.1162980667, "researchAndDevelopmentExpenses": 0, "generalAndAdministrativeExpenses": 167627000, "sellingAndMarketingExpenses": 0, "sellingGeneralAndAdministrativeExpenses": 167627000, "otherExpenses": 21024000, "operatingExpenses": 188651000, "costAndExpenses": 2028818000, "interestIncome": 0, "interestExpense": 20654000, "depreciationAndAmortization": 17830000, "ebitda": 91235000, "ebitdaratio": 0.0438137114, "operatingIncome": 53521000, "operatingIncomeRatio": 0.0257023472, "totalOtherIncomeExpensesNet": -19884000, "incomeBeforeTax": 52751000, "incomeBeforeTaxRatio": 0.0253325707, "incomeTaxExpense": 18864000, "netIncome": 33887000, "netIncomeRatio": 0.016273527, "eps": 0.82, "epsdiluted": 0.8, "weightedAverageShsOut": 41460000, "weightedAverageShsOutDil": 42388000, "link": "https://www.sec.gov/Archives/edgar/data/932696/000095015302000615/0000950153-02-000615-index.htm", "finalLink": "https://www.sec.gov/Archives/edgar/data/932696/000095015302000615/p66269e10-k405.txt", "calculatedOtherExpenses": 21024000, "calculatedOperatingExpenses": 188651000, "calculatedNetInterest": -20654000, "calculatedOtherIncome": 19884000, "calculatedIncomeNonControlling": 0, "calculatedEbitda": 71351000}, {"date": "2000-12-31", "symbol": "NSIT", "reportedCurrency": "USD", "cik": "0000932696", "fillingDate": "2001-03-27", "acceptedDate": "2001-03-27 00:00:00", "calendarYear": "2000", "period": "FY", "revenue": 2041086000, "costOfRevenue": 1788167000, "grossProfit": 252919000, "grossProfitRatio": 0.123913936, "researchAndDevelopmentExpenses": 0, "generalAndAdministrativeExpenses": 146062000, "sellingAndMarketingExpenses": 0, "sellingGeneralAndAdministrativeExpenses": 146062000, "otherExpenses": 14602000, "operatingExpenses": 160664000, "costAndExpenses": 1948831000, "interestIncome": 0, "interestExpense": -3042000, "depreciationAndAmortization": 14602000, "ebitda": 105336000, "ebitdaratio": 0.0516078205, "operatingIncome": 92255000, "operatingIncomeRatio": 0.0451989774, "totalOtherIncomeExpensesNet": 1521000, "incomeBeforeTax": 93776000, "incomeBeforeTaxRatio": 0.0459441689, "incomeTaxExpense": 37104000, "netIncome": 56672000, "netIncomeRatio": 0.0277656111, "eps": 1.4, "epsdiluted": 1.35, "weightedAverageShsOut": 40461000, "weightedAverageShsOutDil": 41948000, "link": "https://www.sec.gov/Archives/edgar/data/932696/000095015301500163/0000950153-01-500163-index.htm", "finalLink": "https://www.sec.gov/Archives/edgar/data/932696/000095015301500163/p64742e10-k.htm", "calculatedOtherExpenses": 14602000, "calculatedOperatingExpenses": 160664000, "calculatedNetInterest": 3042000, "calculatedOtherIncome": -1521000, "calculatedIncomeNonControlling": 0, "calculatedEbitda": 106857000}, {"date": "1999-12-31", "symbol": "NSIT", "reportedCurrency": "USD", "cik": "0000932696", "fillingDate": "2000-03-30", "acceptedDate": "2000-03-30 00:00:00", "calendarYear": "1999", "period": "FY", "revenue": 1518400000, "costOfRevenue": 1329500000, "grossProfit": 188900000, "grossProfitRatio": 0.1244072708, "researchAndDevelopmentExpenses": 0, "generalAndAdministrativeExpenses": 121500000, "sellingAndMarketingExpenses": 0, "sellingGeneralAndAdministrativeExpenses": 121500000, "otherExpenses": 7900000, "operatingExpenses": 129400000, "costAndExpenses": 1458900000, "interestIncome": 0, "interestExpense": 5400000, "depreciationAndAmortization": 7900000, "ebitda": 70100000, "ebitdaratio": 0.0461670179, "operatingIncome": 59500000, "operatingIncomeRatio": 0.0391859852, "totalOtherIncomeExpensesNet": -2700000, "incomeBeforeTax": 56800000, "incomeBeforeTaxRatio": 0.0374077977, "incomeTaxExpense": 23200000, "netIncome": 33600000, "netIncomeRatio": 0.0221285564, "eps": 0.87, "epsdiluted": 0.83, "weightedAverageShsOut": 38681000, "weightedAverageShsOutDil": 40407000, "link": "https://www.sec.gov/Archives/edgar/data/932696/000095015300000440/0000950153-00-000440-index.html", "finalLink": "https://www.sec.gov/Archives/edgar/data/932696/000095015300000440/", "calculatedOtherExpenses": 7900000, "calculatedOperatingExpenses": 129400000, "calculatedNetInterest": -5400000, "calculatedOtherIncome": 2700000, "calculatedIncomeNonControlling": 0, "calculatedEbitda": 67400000}, {"date": "1998-12-31", "symbol": "NSIT", "reportedCurrency": "USD", "cik": "0000932696", "fillingDate": "1999-03-31", "acceptedDate": "1999-03-31 00:00:00", "calendarYear": "1998", "period": "FY", "revenue": 1002800000, "costOfRevenue": 877600000, "grossProfit": 125200000, "grossProfitRatio": 0.1248504188, "researchAndDevelopmentExpenses": 0, "generalAndAdministrativeExpenses": 87000000, "sellingAndMarketingExpenses": 0, "sellingGeneralAndAdministrativeExpenses": 87000000, "otherExpenses": 4300000, "operatingExpenses": 91300000, "costAndExpenses": 968900000, "interestIncome": 0, "interestExpense": 1400000, "depreciationAndAmortization": 4300000, "ebitda": 38900000, "ebitdaratio": 0.0387913841, "operatingIncome": 33900000, "operatingIncomeRatio": 0.033805345, "totalOtherIncomeExpensesNet": -700000, "incomeBeforeTax": 33200000, "incomeBeforeTaxRatio": 0.0331072996, "incomeTaxExpense": 12700000, "netIncome": 20500000, "netIncomeRatio": 0.0204427603, "eps": 0.56, "epsdiluted": 0.54, "weightedAverageShsOut": 36351537, "weightedAverageShsOutDil": 37990548, "link": "https://www.sec.gov/Archives/edgar/data/932696/000095015399000376/0000950153-99-000376-index.html", "finalLink": "https://www.sec.gov/Archives/edgar/data/932696/", "calculatedOtherExpenses": 4300000, "calculatedOperatingExpenses": 91300000, "calculatedNetInterest": -1400000, "calculatedOtherIncome": 700000, "calculatedIncomeNonControlling": 0, "calculatedEbitda": 38200000}, {"date": "1997-12-31", "symbol": "NSIT", "reportedCurrency": "USD", "cik": "0000932696", "fillingDate": "1998-03-31", "acceptedDate": "1998-03-31 00:00:00", "calendarYear": "1997", "period": "FY", "revenue": 627700000, "costOfRevenue": 546100000, "grossProfit": 81600000, "grossProfitRatio": 0.1299984069, "researchAndDevelopmentExpenses": 0, "generalAndAdministrativeExpenses": 0, "sellingAndMarketingExpenses": 0, "sellingGeneralAndAdministrativeExpenses": 56900000, "otherExpenses": 2500000, "operatingExpenses": 59400000, "costAndExpenses": 605500000, "interestIncome": 0, "interestExpense": 100000, "depreciationAndAmortization": 2500000, "ebitda": 24600000, "ebitdaratio": 0.0391906962, "operatingIncome": 22200000, "operatingIncomeRatio": 0.0353672136, "totalOtherIncomeExpensesNet": 100000, "incomeBeforeTax": 22100000, "incomeBeforeTaxRatio": 0.0352079019, "incomeTaxExpense": 8900000, "netIncome": 13200000, "netIncomeRatio": 0.0210291541, "eps": 0.39, "epsdiluted": 0.37, "weightedAverageShsOut": 33846154, "weightedAverageShsOutDil": 35675676, "link": "https://www.sec.gov/Archives/edgar/data/932696/000095015398000288/0000950153-98-000288-index.html", "finalLink": "https://www.sec.gov/Archives/edgar/data/932696/", "calculatedOtherExpenses": 2500000, "calculatedOperatingExpenses": 59400000, "calculatedNetInterest": -100000, "calculatedOtherIncome": 0, "calculatedIncomeNonControlling": 0, "calculatedEbitda": 24700000}, {"date": "1997-06-30", "symbol": "NSIT", "reportedCurrency": "USD", "cik": "0000932696", "fillingDate": "1997-09-23", "acceptedDate": "1997-09-23 00:00:00", "calendarYear": "1996", "period": "FY", "revenue": 342800000, "costOfRevenue": 293200000, "grossProfit": 49600000, "grossProfitRatio": 0.1446907818, "researchAndDevelopmentExpenses": 0, "generalAndAdministrativeExpenses": 38900000, "sellingAndMarketingExpenses": 0, "sellingGeneralAndAdministrativeExpenses": 38900000, "otherExpenses": 1100000, "operatingExpenses": 40000000, "costAndExpenses": 333200000, "interestIncome": 0, "interestExpense": 300000, "depreciationAndAmortization": 1100000, "ebitda": 10800000, "ebitdaratio": 0.0315052509, "operatingIncome": 9600000, "operatingIncomeRatio": 0.0280046674, "totalOtherIncomeExpensesNet": -100000, "incomeBeforeTax": 9400000, "incomeBeforeTaxRatio": 0.0274212369, "incomeTaxExpense": 3700000, "netIncome": 5700000, "netIncomeRatio": 0.0166277713, "eps": 0.21, "epsdiluted": 0.21, "weightedAverageShsOut": 26778650, "weightedAverageShsOutDil": 26778650, "link": "https://www.sec.gov/Archives/edgar/data/932696/000095015397000922/0000950153-97-000922-index.html", "finalLink": "https://www.sec.gov/Archives/edgar/data/932696/", "calculatedOtherExpenses": 1100000, "calculatedOperatingExpenses": 40000000, "calculatedNetInterest": -300000, "calculatedOtherIncome": 100000, "calculatedIncomeNonControlling": 0, "calculatedEbitda": 10700000}, {"date": "1995-06-30", "symbol": "NSIT", "reportedCurrency": "USD", "cik": "0000932696", "fillingDate": "1995-06-30", "acceptedDate": "1995-06-30 00:00:00", "calendarYear": "1995", "period": "FY", "revenue": 245000000, "costOfRevenue": 206300000, "grossProfit": 38700000, "grossProfitRatio": 0.1579591837, "researchAndDevelopmentExpenses": 0, "generalAndAdministrativeExpenses": 0, "sellingAndMarketingExpenses": 0, "sellingGeneralAndAdministrativeExpenses": 31800000, "otherExpenses": 800000, "operatingExpenses": 32600000, "costAndExpenses": 238900000, "interestIncome": 0, "interestExpense": 1500000, "depreciationAndAmortization": 800000, "ebitda": 7600000, "ebitdaratio": 0.0310204082, "operatingIncome": 6100000, "operatingIncomeRatio": 0.0248979592, "totalOtherIncomeExpensesNet": -700000, "incomeBeforeTax": 5300000, "incomeBeforeTaxRatio": 0.0216326531, "incomeTaxExpense": 2100000, "netIncome": 3200000, "netIncomeRatio": 0.0130612245, "eps": 0.17, "epsdiluted": 0.17, "weightedAverageShsOut": 18823529, "weightedAverageShsOutDil": 18823529, "link": null, "finalLink": null, "calculatedOtherExpenses": 800000, "calculatedOperatingExpenses": 32600000, "calculatedNetInterest": -1500000, "calculatedOtherIncome": 700000, "calculatedIncomeNonControlling": 0, "calculatedEbitda": 6900000}]}