{"originalCurrency": "USD", "convertedCurrency": "USD", "report": [{"date": "2023-12-31", "symbol": "NSP", "reportedCurrency": "USD", "cik": "0001000753", "fillingDate": "2024-02-09", "acceptedDate": "2024-02-08 20:29:01", "calendarYear": "2023", "period": "FY", "revenue": 6485871000, "costOfRevenue": 5491776000, "grossProfit": 994095000, "grossProfitRatio": 0.153270856, "researchAndDevelopmentExpenses": 13800000, "generalAndAdministrativeExpenses": 691375000, "sellingAndMarketingExpenses": 84171000, "sellingGeneralAndAdministrativeExpenses": 775546000, "otherExpenses": 603266000, "operatingExpenses": 775546000, "costAndExpenses": 6267322000, "interestIncome": 33666000, "interestExpense": 27137000, "depreciationAndAmortization": 42708000, "ebitda": 261257000, "ebitdaratio": 0.040280943, "operatingIncome": 218549000, "operatingIncomeRatio": 0.0336961682, "totalOtherIncomeExpensesNet": 6529000, "incomeBeforeTax": 225078000, "incomeBeforeTaxRatio": 0.0347028179, "incomeTaxExpense": 53696000, "netIncome": 171382000, "netIncomeRatio": 0.026423899, "eps": 4.53, "epsdiluted": 4.47, "weightedAverageShsOut": 37807000, "weightedAverageShsOutDil": 38342000, "link": "https://www.sec.gov/Archives/edgar/data/1000753/000100075324000012/0001000753-24-000012-index.htm", "finalLink": "https://www.sec.gov/Archives/edgar/data/1000753/000100075324000012/nsp-20231231.htm", "calculatedOtherExpenses": -13800000, "calculatedOperatingExpenses": 775546000, "calculatedNetInterest": 6529000, "calculatedOtherIncome": 0, "calculatedIncomeNonControlling": 0, "calculatedEbitda": 261257000}, {"date": "2022-12-31", "symbol": "NSP", "reportedCurrency": "USD", "cik": "0001000753", "fillingDate": "2023-02-10", "acceptedDate": "2023-02-09 18:07:28", "calendarYear": "2022", "period": "FY", "revenue": 5938818000, "costOfRevenue": 4927585000, "grossProfit": 1011233000, "grossProfitRatio": 0.1702751288, "researchAndDevelopmentExpenses": 13200000, "generalAndAdministrativeExpenses": 637159000, "sellingAndMarketingExpenses": 83175000, "sellingGeneralAndAdministrativeExpenses": 720334000, "otherExpenses": 40660000, "operatingExpenses": 760994000, "costAndExpenses": 5688579000, "interestIncome": 9393000, "interestExpense": 14207000, "depreciationAndAmortization": 50053000, "ebitda": 300292000, "ebitdaratio": 0.0505642705, "operatingIncome": 250239000, "operatingIncomeRatio": 0.0421361624, "totalOtherIncomeExpensesNet": -4814000, "incomeBeforeTax": 245425000, "incomeBeforeTaxRatio": 0.0413255634, "incomeTaxExpense": 66075000, "netIncome": 179350000, "netIncomeRatio": 0.0301996121, "eps": 4.71, "epsdiluted": 4.64, "weightedAverageShsOut": 38115000, "weightedAverageShsOutDil": 38616000, "link": "https://www.sec.gov/Archives/edgar/data/1000753/000100075323000012/0001000753-23-000012-index.htm", "finalLink": "https://www.sec.gov/Archives/edgar/data/1000753/000100075323000012/nsp-20221231.htm", "calculatedOtherExpenses": 27460000, "calculatedOperatingExpenses": 760994000, "calculatedNetInterest": -4814000, "calculatedOtherIncome": 0, "calculatedIncomeNonControlling": 0, "calculatedEbitda": 300292000}, {"date": "2021-12-31", "symbol": "NSP", "reportedCurrency": "USD", "cik": "0001000753", "fillingDate": "2022-02-11", "acceptedDate": "2022-02-10 18:26:40", "calendarYear": "2021", "period": "FY", "revenue": 4973070000, "costOfRevenue": 4152968000, "grossProfit": 820102000, "grossProfitRatio": 0.1649085977, "researchAndDevelopmentExpenses": 10900000, "generalAndAdministrativeExpenses": 544207000, "sellingAndMarketingExpenses": 64019000, "sellingGeneralAndAdministrativeExpenses": 608226000, "otherExpenses": 38547000, "operatingExpenses": 646773000, "costAndExpenses": 4799741000, "interestIncome": 2447000, "interestExpense": 7458000, "depreciationAndAmortization": 40994000, "ebitda": 214323000, "ebitdaratio": 0.0430967189, "operatingIncome": 173329000, "operatingIncomeRatio": 0.0348535211, "totalOtherIncomeExpensesNet": -5011000, "incomeBeforeTax": 168318000, "incomeBeforeTaxRatio": 0.033845894, "incomeTaxExpense": 44238000, "netIncome": 124080000, "netIncomeRatio": 0.0249503828, "eps": 3.22, "epsdiluted": 3.18, "weightedAverageShsOut": 38431000, "weightedAverageShsOutDil": 38902000, "link": "https://www.sec.gov/Archives/edgar/data/1000753/000100075322000009/0001000753-22-000009-index.htm", "finalLink": "https://www.sec.gov/Archives/edgar/data/1000753/000100075322000009/nsp-20211231.htm", "calculatedOtherExpenses": 27647000, "calculatedOperatingExpenses": 646773000, "calculatedNetInterest": -5011000, "calculatedOtherIncome": 0, "calculatedIncomeNonControlling": 0, "calculatedEbitda": 214323000}, {"date": "2020-12-31", "symbol": "NSP", "reportedCurrency": "USD", "cik": "0001000753", "fillingDate": "2021-02-12", "acceptedDate": "2021-02-11 18:56:09", "calendarYear": "2020", "period": "FY", "revenue": 4287004000, "costOfRevenue": 3480150000, "grossProfit": 806854000, "grossProfitRatio": 0.1882092949, "researchAndDevelopmentExpenses": 8700000, "generalAndAdministrativeExpenses": 526585000, "sellingAndMarketingExpenses": 54391000, "sellingGeneralAndAdministrativeExpenses": 580976000, "otherExpenses": 31189000, "operatingExpenses": 612165000, "costAndExpenses": 4092315000, "interestIncome": 2597000, "interestExpense": 8016000, "depreciationAndAmortization": 33786000, "ebitda": 228475000, "ebitdaratio": 0.0532947952, "operatingIncome": 194689000, "operatingIncomeRatio": 0.0454137668, "totalOtherIncomeExpensesNet": -5419000, "incomeBeforeTax": 189270000, "incomeBeforeTaxRatio": 0.0441497139, "incomeTaxExpense": 51033000, "netIncome": 138237000, "netIncomeRatio": 0.0322455962, "eps": 3.57, "epsdiluted": 3.54, "weightedAverageShsOut": 38503000, "weightedAverageShsOutDil": 38820000, "link": "https://www.sec.gov/Archives/edgar/data/1000753/000100075321000009/0001000753-21-000009-index.htm", "finalLink": "https://www.sec.gov/Archives/edgar/data/1000753/000100075321000009/nsp-20201231.htm", "calculatedOtherExpenses": 22489000, "calculatedOperatingExpenses": 612165000, "calculatedNetInterest": -5419000, "calculatedOtherIncome": 0, "calculatedIncomeNonControlling": 0, "calculatedEbitda": 228475000}, {"date": "2019-12-31", "symbol": "NSP", "reportedCurrency": "USD", "cik": "0001000753", "fillingDate": "2020-02-12", "acceptedDate": "2020-02-11 19:12:31", "calendarYear": "2019", "period": "FY", "revenue": 4314804000, "costOfRevenue": 3581870000, "grossProfit": 732934000, "grossProfitRatio": 0.1698649579, "researchAndDevelopmentExpenses": 7800000, "generalAndAdministrativeExpenses": 464555000, "sellingAndMarketingExpenses": 53023000, "sellingGeneralAndAdministrativeExpenses": 517578000, "otherExpenses": 28723000, "operatingExpenses": 546301000, "costAndExpenses": 4128171000, "interestIncome": 10657000, "interestExpense": 7647000, "depreciationAndAmortization": 39380000, "ebitda": 226013000, "ebitdaratio": 0.0523808266, "operatingIncome": 186633000, "operatingIncomeRatio": 0.0432541084, "totalOtherIncomeExpensesNet": 3010000, "incomeBeforeTax": 189643000, "incomeBeforeTaxRatio": 0.0439517067, "incomeTaxExpense": 38544000, "netIncome": 151099000, "netIncomeRatio": 0.0350187401, "eps": 3.72, "epsdiluted": 3.7, "weightedAverageShsOut": 40186000, "weightedAverageShsOutDil": 40352000, "link": "https://www.sec.gov/Archives/edgar/data/1000753/000100075320000013/0001000753-20-000013-index.htm", "finalLink": "https://www.sec.gov/Archives/edgar/data/1000753/000100075320000013/a12312019-documentx10k.htm", "calculatedOtherExpenses": 20923000, "calculatedOperatingExpenses": 546301000, "calculatedNetInterest": 3010000, "calculatedOtherIncome": 0, "calculatedIncomeNonControlling": 0, "calculatedEbitda": 226013000}, {"date": "2018-12-31", "symbol": "NSP", "reportedCurrency": "USD", "cik": "0001000753", "fillingDate": "2019-02-11", "acceptedDate": "2019-02-11 15:12:38", "calendarYear": "2018", "period": "FY", "revenue": 3828549000, "costOfRevenue": 3146640000, "grossProfit": 681909000, "grossProfitRatio": 0.1781116031, "researchAndDevelopmentExpenses": 6000000, "generalAndAdministrativeExpenses": 432520000, "sellingAndMarketingExpenses": 47511000, "sellingGeneralAndAdministrativeExpenses": 480031000, "otherExpenses": 22842000, "operatingExpenses": 502873000, "costAndExpenses": 3649513000, "interestIncome": 7992000, "interestExpense": 4668000, "depreciationAndAmortization": 22842000, "ebitda": 209870000, "ebitdaratio": 0.0548171122, "operatingIncome": 179036000, "operatingIncomeRatio": 0.0467634083, "totalOtherIncomeExpensesNet": 3324000, "incomeBeforeTax": 182360000, "incomeBeforeTaxRatio": 0.0476316223, "incomeTaxExpense": 46947000, "netIncome": 135413000, "netIncomeRatio": 0.0353692744, "eps": 3.29, "epsdiluted": 3.27, "weightedAverageShsOut": 41215432, "weightedAverageShsOutDil": 41471429, "link": "https://www.sec.gov/Archives/edgar/data/1000753/000100075319000007/0001000753-19-000007-index.htm", "finalLink": "https://www.sec.gov/Archives/edgar/data/1000753/000100075319000007/a12312018-documentx10k.htm", "calculatedOtherExpenses": 16842000, "calculatedOperatingExpenses": 502873000, "calculatedNetInterest": 3324000, "calculatedOtherIncome": 0, "calculatedIncomeNonControlling": 0, "calculatedEbitda": 201878000}, {"date": "2017-12-31", "symbol": "NSP", "reportedCurrency": "USD", "cik": "0001000753", "fillingDate": "2018-02-12", "acceptedDate": "2018-02-12 16:18:40", "calendarYear": "2017", "period": "FY", "revenue": 3300223000, "costOfRevenue": 2727492000, "grossProfit": 572731000, "grossProfitRatio": 0.1735431212, "researchAndDevelopmentExpenses": 4099999, "generalAndAdministrativeExpenses": 385149000, "sellingAndMarketingExpenses": 39459000, "sellingGeneralAndAdministrativeExpenses": 424608000, "otherExpenses": 18182000, "operatingExpenses": 442790000, "costAndExpenses": 3170282000, "interestIncome": 3413000, "interestExpense": 3213000, "depreciationAndAmortization": 18182000, "ebitda": 151536000, "ebitdaratio": 0.0459168971, "operatingIncome": 129941000, "operatingIncomeRatio": 0.0393733999, "totalOtherIncomeExpensesNet": 200000, "incomeBeforeTax": 130141000, "incomeBeforeTaxRatio": 0.0394340019, "incomeTaxExpense": 45739000, "netIncome": 84402000, "netIncomeRatio": 0.0255746354, "eps": 2.02, "epsdiluted": 2.01, "weightedAverageShsOut": 41032178, "weightedAverageShsOutDil": 41236318, "link": "https://www.sec.gov/Archives/edgar/data/1000753/000100075318000015/0001000753-18-000015-index.htm", "finalLink": "https://www.sec.gov/Archives/edgar/data/1000753/000100075318000015/a12312017-documentx10k.htm", "calculatedOtherExpenses": 14082001, "calculatedOperatingExpenses": 442790000, "calculatedNetInterest": 200000, "calculatedOtherIncome": 0, "calculatedIncomeNonControlling": 0, "calculatedEbitda": 148123000}, {"date": "2016-12-31", "symbol": "NSP", "reportedCurrency": "USD", "cik": "0001000753", "fillingDate": "2017-02-13", "acceptedDate": "2017-02-13 15:19:51", "calendarYear": "2016", "period": "FY", "revenue": 2941347000, "costOfRevenue": 2449737000, "grossProfit": 491610000, "grossProfitRatio": 0.1671377094, "researchAndDevelopmentExpenses": 3000000, "generalAndAdministrativeExpenses": 332925000, "sellingAndMarketingExpenses": 35735000, "sellingGeneralAndAdministrativeExpenses": 368660000, "otherExpenses": 16644000, "operatingExpenses": 385304000, "costAndExpenses": 2835041000, "interestIncome": 1267000, "interestExpense": 2396000, "depreciationAndAmortization": 16644000, "ebitda": 124217000, "ebitdaratio": 0.0422313314, "operatingIncome": 106306000, "operatingIncomeRatio": 0.0361419445, "totalOtherIncomeExpensesNet": -1129000, "incomeBeforeTax": 105177000, "incomeBeforeTaxRatio": 0.0357581067, "incomeTaxExpense": 39186000, "netIncome": 65991000, "netIncomeRatio": 0.0224356392, "eps": 1.55, "epsdiluted": 1.55, "weightedAverageShsOut": 41609677, "weightedAverageShsOutDil": 41744337, "link": "https://www.sec.gov/Archives/edgar/data/1000753/000100075317000007/0001000753-17-000007-index.htm", "finalLink": "https://www.sec.gov/Archives/edgar/data/1000753/000100075317000007/a12312016-documentx10k.htm", "calculatedOtherExpenses": 13644000, "calculatedOperatingExpenses": 385304000, "calculatedNetInterest": -1129000, "calculatedOtherIncome": 0, "calculatedIncomeNonControlling": 0, "calculatedEbitda": 122950000}, {"date": "2015-12-31", "symbol": "NSP", "reportedCurrency": "USD", "cik": "0001000753", "fillingDate": "2016-02-12", "acceptedDate": "2016-02-12 14:28:51", "calendarYear": "2015", "period": "FY", "revenue": 2603614000, "costOfRevenue": 2165747000, "grossProfit": 437867000, "grossProfitRatio": 0.1681766191, "researchAndDevelopmentExpenses": 3300000, "generalAndAdministrativeExpenses": 308664000, "sellingAndMarketingExpenses": 34459000, "sellingGeneralAndAdministrativeExpenses": 343123000, "otherExpenses": -113000, "operatingExpenses": 361688000, "costAndExpenses": 2527435000, "interestIncome": 0, "interestExpense": 0, "depreciationAndAmortization": 18565000, "ebitda": 105224000, "ebitdaratio": 0.0404145929, "operatingIncome": 65699000, "operatingIncomeRatio": 0.0252337712, "totalOtherIncomeExpensesNet": -10593000, "incomeBeforeTax": 65619000, "incomeBeforeTaxRatio": 0.0252030447, "incomeTaxExpense": 26229000, "netIncome": 39390000, "netIncomeRatio": 0.0151289707, "eps": 0.79, "epsdiluted": 0.79, "weightedAverageShsOut": 48616000, "weightedAverageShsOutDil": 48618987, "link": "https://www.sec.gov/Archives/edgar/data/1000753/000100075316000075/0001000753-16-000075-index.htm", "finalLink": "https://www.sec.gov/Archives/edgar/data/1000753/000100075316000075/a12312015-documentx10k.htm", "calculatedOtherExpenses": 25745000, "calculatedOperatingExpenses": 372168000, "calculatedNetInterest": 0, "calculatedOtherIncome": -80000, "calculatedIncomeNonControlling": 0, "calculatedEbitda": 84264000}, {"date": "2014-12-31", "symbol": "NSP", "reportedCurrency": "USD", "cik": "0001000753", "fillingDate": "2015-02-10", "acceptedDate": "2015-02-10 16:44:48", "calendarYear": "2014", "period": "FY", "revenue": 2357788000, "costOfRevenue": 1953983000, "grossProfit": 403805000, "grossProfitRatio": 0.1712643376, "researchAndDevelopmentExpenses": 4099999, "generalAndAdministrativeExpenses": 293789000, "sellingAndMarketingExpenses": 37468000, "sellingGeneralAndAdministrativeExpenses": 331257000, "otherExpenses": 47000, "operatingExpenses": 352644000, "costAndExpenses": 2306627000, "interestIncome": 0, "interestExpense": 0, "depreciationAndAmortization": 21387000, "ebitda": 76235000, "ebitdaratio": 0.0323332717, "operatingIncome": 47474000, "operatingIncomeRatio": 0.020134974, "totalOtherIncomeExpensesNet": -3640000, "incomeBeforeTax": 47627000, "incomeBeforeTaxRatio": 0.0201998653, "incomeTaxExpense": 19623000, "netIncome": 28004000, "netIncomeRatio": 0.0118772341, "eps": 0.53, "epsdiluted": 0.53, "weightedAverageShsOut": 49416000, "weightedAverageShsOutDil": 49424000, "link": "https://www.sec.gov/Archives/edgar/data/1000753/000100075315000008/0001000753-15-000008-index.htm", "finalLink": "https://www.sec.gov/Archives/edgar/data/1000753/000100075315000008/document-12312014x10k.htm", "calculatedOtherExpenses": 20974001, "calculatedOperatingExpenses": 356331000, "calculatedNetInterest": 0, "calculatedOtherIncome": 153000, "calculatedIncomeNonControlling": 0, "calculatedEbitda": 68861000}, {"date": "2013-12-31", "symbol": "NSP", "reportedCurrency": "USD", "cik": "0001000753", "fillingDate": "2014-02-10", "acceptedDate": "2014-02-10 15:44:13", "calendarYear": "2013", "period": "FY", "revenue": 2256112000, "costOfRevenue": 1862861000, "grossProfit": 393251000, "grossProfitRatio": 0.1743047331, "researchAndDevelopmentExpenses": 3600000, "generalAndAdministrativeExpenses": 274246000, "sellingAndMarketingExpenses": 38376000, "sellingGeneralAndAdministrativeExpenses": 312622000, "otherExpenses": -2649000, "operatingExpenses": 333686000, "costAndExpenses": 2196547000, "interestIncome": 0, "interestExpense": 0, "depreciationAndAmortization": 21033000, "ebitda": 83971000, "ebitdaratio": 0.0372193402, "operatingIncome": 56223000, "operatingIncomeRatio": 0.0249203054, "totalOtherIncomeExpensesNet": -5991000, "incomeBeforeTax": 53732000, "incomeBeforeTaxRatio": 0.0238161935, "incomeTaxExpense": 21700000, "netIncome": 32032000, "netIncomeRatio": 0.0141978767, "eps": 0.63, "epsdiluted": 0.63, "weightedAverageShsOut": 49700000, "weightedAverageShsOutDil": 49744000, "link": "https://www.sec.gov/Archives/edgar/data/1000753/000100075314000008/0001000753-14-000008-index.htm", "finalLink": "https://www.sec.gov/Archives/edgar/data/1000753/000100075314000008/document-12312013x10k.htm", "calculatedOtherExpenses": 20806000, "calculatedOperatingExpenses": 337028000, "calculatedNetInterest": 0, "calculatedOtherIncome": -2491000, "calculatedIncomeNonControlling": 0, "calculatedEbitda": 77256000}, {"date": "2012-12-31", "symbol": "NSP", "reportedCurrency": "USD", "cik": "0001000753", "fillingDate": "2013-02-11", "acceptedDate": "2013-02-11 17:03:26", "calendarYear": "2012", "period": "FY", "revenue": 2158824000, "costOfRevenue": 1776603000, "grossProfit": 382221000, "grossProfitRatio": 0.1770505609, "researchAndDevelopmentExpenses": 2800000, "generalAndAdministrativeExpenses": 256185000, "sellingAndMarketingExpenses": 36101000, "sellingGeneralAndAdministrativeExpenses": 292286000, "otherExpenses": 187000, "operatingExpenses": 310536000, "costAndExpenses": 2087139000, "interestIncome": 0, "interestExpense": 0, "depreciationAndAmortization": 18183000, "ebitda": 94126000, "ebitdaratio": 0.04360059, "operatingIncome": 67494000, "operatingIncomeRatio": 0.0312642439, "totalOtherIncomeExpensesNet": -4004000, "incomeBeforeTax": 68290000, "incomeBeforeTaxRatio": 0.0316329631, "incomeTaxExpense": 27888000, "netIncome": 40402000, "netIncomeRatio": 0.0187148188, "eps": 0.79, "epsdiluted": 0.78, "weightedAverageShsOut": 50014000, "weightedAverageShsOutDil": 50134000, "link": "https://www.sec.gov/Archives/edgar/data/1000753/000114036113005779/0001140361-13-005779-index.htm", "finalLink": "https://www.sec.gov/Archives/edgar/data/1000753/000114036113005779/form10k.htm", "calculatedOtherExpenses": 19641000, "calculatedOperatingExpenses": 314727000, "calculatedNetInterest": 0, "calculatedOtherIncome": 796000, "calculatedIncomeNonControlling": 0, "calculatedEbitda": 85677000}, {"date": "2011-12-31", "symbol": "NSP", "reportedCurrency": "USD", "cik": "0001000753", "fillingDate": "2012-02-14", "acceptedDate": "2012-02-14 12:27:05", "calendarYear": "2011", "period": "FY", "revenue": 1976219000, "costOfRevenue": 1624444000, "grossProfit": 351775000, "grossProfitRatio": 0.1780040572, "researchAndDevelopmentExpenses": 0, "generalAndAdministrativeExpenses": 239179000, "sellingAndMarketingExpenses": 40064000, "sellingGeneralAndAdministrativeExpenses": 279243000, "otherExpenses": 15218000, "operatingExpenses": 294461000, "costAndExpenses": 1918905000, "interestIncome": 0, "interestExpense": 0, "depreciationAndAmortization": 15218000, "ebitda": 80040000, "ebitdaratio": 0.0405015841, "operatingIncome": 57314000, "operatingIncomeRatio": 0.0290018465, "totalOtherIncomeExpensesNet": -7508000, "incomeBeforeTax": 50775000, "incomeBeforeTaxRatio": 0.0256930026, "incomeTaxExpense": 20305000, "netIncome": 30470000, "netIncomeRatio": 0.0154183317, "eps": 0.58, "epsdiluted": 0.58, "weightedAverageShsOut": 50810000, "weightedAverageShsOutDil": 50994000, "link": "https://www.sec.gov/Archives/edgar/data/1000753/000114036112007828/0001140361-12-007828-index.htm", "finalLink": "https://www.sec.gov/Archives/edgar/data/1000753/000114036112007828/form10k.htm", "calculatedOtherExpenses": 15218000, "calculatedOperatingExpenses": 294461000, "calculatedNetInterest": 0, "calculatedOtherIncome": -6539000, "calculatedIncomeNonControlling": 0, "calculatedEbitda": 72532000}, {"date": "2010-12-31", "symbol": "NSP", "reportedCurrency": "USD", "cik": "0001000753", "fillingDate": "2011-02-14", "acceptedDate": "2011-02-14 12:41:03", "calendarYear": "2010", "period": "FY", "revenue": 1719752000, "costOfRevenue": 1421216000, "grossProfit": 298536000, "grossProfitRatio": 0.1735924715, "researchAndDevelopmentExpenses": 0, "generalAndAdministrativeExpenses": 218241000, "sellingAndMarketingExpenses": 28328000, "sellingGeneralAndAdministrativeExpenses": 246569000, "otherExpenses": 14907000, "operatingExpenses": 261476000, "costAndExpenses": 1682692000, "interestIncome": 961000, "interestExpense": 0, "depreciationAndAmortization": 14950000, "ebitda": 52010000, "ebitdaratio": 0.0302427327, "operatingIncome": 37060000, "operatingIncomeRatio": 0.0215496188, "totalOtherIncomeExpensesNet": 961000, "incomeBeforeTax": 38021000, "incomeBeforeTaxRatio": 0.0221084203, "incomeTaxExpense": 15581000, "netIncome": 22440000, "netIncomeRatio": 0.013048393, "eps": 0.43, "epsdiluted": 0.43, "weightedAverageShsOut": 50508000, "weightedAverageShsOutDil": 50736000, "link": "https://www.sec.gov/Archives/edgar/data/1000753/000114036111008714/0001140361-11-008714-index.htm", "finalLink": "https://www.sec.gov/Archives/edgar/data/1000753/000114036111008714/form10k.htm", "calculatedOtherExpenses": 14907000, "calculatedOperatingExpenses": 261476000, "calculatedNetInterest": 961000, "calculatedOtherIncome": 0, "calculatedIncomeNonControlling": 0, "calculatedEbitda": 52010000}, {"date": "2009-12-31", "symbol": "NSP", "reportedCurrency": "USD", "cik": "0001000753", "fillingDate": "2010-02-11", "acceptedDate": "2010-02-11 13:10:32", "calendarYear": "2009", "period": "FY", "revenue": 1653096000, "costOfRevenue": 1365129000, "grossProfit": 287967000, "grossProfitRatio": 0.1741985946, "researchAndDevelopmentExpenses": 0, "generalAndAdministrativeExpenses": 216531000, "sellingAndMarketingExpenses": 27811000, "sellingGeneralAndAdministrativeExpenses": 244342000, "otherExpenses": 16592000, "operatingExpenses": 260934000, "costAndExpenses": 1626063000, "interestIncome": 1616000, "interestExpense": 0, "depreciationAndAmortization": 16561000, "ebitda": 43625000, "ebitdaratio": 0.0263898769, "operatingIncome": 27033000, "operatingIncomeRatio": 0.0163529523, "totalOtherIncomeExpensesNet": 1616000, "incomeBeforeTax": 28649000, "incomeBeforeTaxRatio": 0.017330512, "incomeTaxExpense": 12075000, "netIncome": 16574000, "netIncomeRatio": 0.010026036, "eps": 0.33, "epsdiluted": 0.33, "weightedAverageShsOut": 49536000, "weightedAverageShsOutDil": 49832000, "link": "https://www.sec.gov/Archives/edgar/data/1000753/000095012310011398/0000950123-10-011398-index.htm", "finalLink": "https://www.sec.gov/Archives/edgar/data/1000753/000095012310011398/c96049e10vk.htm", "calculatedOtherExpenses": 16592000, "calculatedOperatingExpenses": 260934000, "calculatedNetInterest": 1616000, "calculatedOtherIncome": 0, "calculatedIncomeNonControlling": 0, "calculatedEbitda": 43594000}, {"date": "2008-12-31", "symbol": "NSP", "reportedCurrency": "USD", "cik": "0001000753", "fillingDate": "2009-02-09", "acceptedDate": "2009-02-09 11:50:00", "calendarYear": "2008", "period": "FY", "revenue": 1724434000, "costOfRevenue": 1380695000, "grossProfit": 343739000, "grossProfitRatio": 0.1993343903, "researchAndDevelopmentExpenses": 0, "generalAndAdministrativeExpenses": 245521000, "sellingAndMarketingExpenses": 17666000, "sellingGeneralAndAdministrativeExpenses": 263187000, "otherExpenses": 15570000, "operatingExpenses": 278757000, "costAndExpenses": 1659452000, "interestIncome": 0, "interestExpense": 0, "depreciationAndAmortization": 15541000, "ebitda": 80508000, "ebitdaratio": 0.046686623, "operatingIncome": 64982000, "operatingIncomeRatio": 0.0376830891, "totalOtherIncomeExpensesNet": 44000, "incomeBeforeTax": 72017000, "incomeBeforeTaxRatio": 0.0417626885, "incomeTaxExpense": 26237000, "netIncome": 45780000, "netIncomeRatio": 0.0265478412, "eps": 0.91, "epsdiluted": 0.9, "weightedAverageShsOut": 50466000, "weightedAverageShsOutDil": 51154000, "link": "https://www.sec.gov/Archives/edgar/data/1000753/000095012909000335/0000950129-09-000335-index.htm", "finalLink": "https://www.sec.gov/Archives/edgar/data/1000753/000095012909000335/h65711e10vk.htm", "calculatedOtherExpenses": 15570000, "calculatedOperatingExpenses": 278757000, "calculatedNetInterest": 0, "calculatedOtherIncome": 7035000, "calculatedIncomeNonControlling": 0, "calculatedEbitda": 80523000}, {"date": "2007-12-31", "symbol": "NSP", "reportedCurrency": "USD", "cik": "0001000753", "fillingDate": "2008-02-07", "acceptedDate": "2008-02-07 12:23:11", "calendarYear": "2007", "period": "FY", "revenue": 1569977000, "costOfRevenue": 1264055000, "grossProfit": 305922000, "grossProfitRatio": 0.1948576317, "researchAndDevelopmentExpenses": 0, "generalAndAdministrativeExpenses": 213409000, "sellingAndMarketingExpenses": 14143000, "sellingGeneralAndAdministrativeExpenses": 227552000, "otherExpenses": 16156000, "operatingExpenses": 243708000, "costAndExpenses": 1507763000, "interestIncome": 0, "interestExpense": 0, "depreciationAndAmortization": 16548000, "ebitda": 79144000, "ebitdaratio": 0.0504109296, "operatingIncome": 62214000, "operatingIncomeRatio": 0.0396273321, "totalOtherIncomeExpensesNet": -382000, "incomeBeforeTax": 73439000, "incomeBeforeTaxRatio": 0.0467771184, "incomeTaxExpense": 25947000, "netIncome": 47492000, "netIncomeRatio": 0.0302501247, "eps": 0.89, "epsdiluted": 0.87, "weightedAverageShsOut": 53361798, "weightedAverageShsOutDil": 54588506, "link": "https://www.sec.gov/Archives/edgar/data/1000753/000095012908000591/0000950129-08-000591-index.htm", "finalLink": "https://www.sec.gov/Archives/edgar/data/1000753/000095012908000591/h53710e10vk.htm", "calculatedOtherExpenses": 16156000, "calculatedOperatingExpenses": 243708000, "calculatedNetInterest": 0, "calculatedOtherIncome": 11225000, "calculatedIncomeNonControlling": 0, "calculatedEbitda": 78762000}, {"date": "2006-12-31", "symbol": "NSP", "reportedCurrency": "USD", "cik": "0001000753", "fillingDate": "2007-02-12", "acceptedDate": "2007-02-12 11:51:05", "calendarYear": "2006", "period": "FY", "revenue": 1389464000, "costOfRevenue": 1106735000, "grossProfit": 282729000, "grossProfitRatio": 0.2034806227, "researchAndDevelopmentExpenses": 0, "generalAndAdministrativeExpenses": 191751000, "sellingAndMarketingExpenses": 13975000, "sellingGeneralAndAdministrativeExpenses": 205726000, "otherExpenses": 15438000, "operatingExpenses": 221164000, "costAndExpenses": 1327899000, "interestIncome": 11383000, "interestExpense": -1111000, "depreciationAndAmortization": 15531000, "ebitda": 76851000, "ebitdaratio": 0.0553098173, "operatingIncome": 61565000, "operatingIncomeRatio": 0.0443084528, "totalOtherIncomeExpensesNet": 245000, "incomeBeforeTax": 72082000, "incomeBeforeTaxRatio": 0.0518775585, "incomeTaxExpense": 25576000, "netIncome": 46506000, "netIncomeRatio": 0.0334704606, "eps": 0.85, "epsdiluted": 0.82, "weightedAverageShsOut": 55036686, "weightedAverageShsOutDil": 56714634, "link": "https://www.sec.gov/Archives/edgar/data/1000753/000095012907000558/0000950129-07-000558-index.htm", "finalLink": "https://www.sec.gov/Archives/edgar/data/1000753/000095012907000558/h43428e10vk.htm", "calculatedOtherExpenses": 15438000, "calculatedOperatingExpenses": 221164000, "calculatedNetInterest": 12494000, "calculatedOtherIncome": -1977000, "calculatedIncomeNonControlling": 0, "calculatedEbitda": 77096000}, {"date": "2005-12-31", "symbol": "NSP", "reportedCurrency": "USD", "cik": "0001000753", "fillingDate": "2006-02-16", "acceptedDate": "2006-02-16 13:57:42", "calendarYear": "2005", "period": "FY", "revenue": 1169612000, "costOfRevenue": 933856000, "grossProfit": 235756000, "grossProfitRatio": 0.2015676994, "researchAndDevelopmentExpenses": 0, "generalAndAdministrativeExpenses": 164722000, "sellingAndMarketingExpenses": 12100000, "sellingGeneralAndAdministrativeExpenses": 176822000, "otherExpenses": 15167000, "operatingExpenses": 191989000, "costAndExpenses": 1125845000, "interestIncome": 6549000, "interestExpense": -2359000, "depreciationAndAmortization": 15482000, "ebitda": 59459000, "ebitdaratio": 0.0508365167, "operatingIncome": 43767000, "operatingIncomeRatio": 0.0374201017, "totalOtherIncomeExpensesNet": -210000, "incomeBeforeTax": 47747000, "incomeBeforeTaxRatio": 0.0408229396, "incomeTaxExpense": 17764000, "netIncome": 29983000, "netIncomeRatio": 0.0256349969, "eps": 0.58, "epsdiluted": 0.56, "weightedAverageShsOut": 51694828, "weightedAverageShsOutDil": 53541071, "link": "https://www.sec.gov/Archives/edgar/data/1000753/000095012906001544/0000950129-06-001544-index.htm", "finalLink": "https://www.sec.gov/Archives/edgar/data/1000753/000095012906001544/h33094e10vk.htm", "calculatedOtherExpenses": 15167000, "calculatedOperatingExpenses": 191989000, "calculatedNetInterest": 8908000, "calculatedOtherIncome": -4928000, "calculatedIncomeNonControlling": 0, "calculatedEbitda": 59249000}, {"date": "2004-12-31", "symbol": "NSP", "reportedCurrency": "USD", "cik": "0001000753", "fillingDate": "2005-02-22", "acceptedDate": "2005-02-22 11:32:39", "calendarYear": "2004", "period": "FY", "revenue": 969527000, "costOfRevenue": 771833000, "grossProfit": 197694000, "grossProfitRatio": 0.2039076787, "researchAndDevelopmentExpenses": 0, "generalAndAdministrativeExpenses": 148028000, "sellingAndMarketingExpenses": 10021000, "sellingGeneralAndAdministrativeExpenses": 158049000, "otherExpenses": 17514000, "operatingExpenses": 175563000, "costAndExpenses": 947396000, "interestIncome": 2449000, "interestExpense": -2093000, "depreciationAndAmortization": 17770000, "ebitda": 31652000, "ebitdaratio": 0.0326468474, "operatingIncome": 22131000, "operatingIncomeRatio": 0.0228265948, "totalOtherIncomeExpensesNet": 8249000, "incomeBeforeTax": 30736000, "incomeBeforeTaxRatio": 0.0317020568, "incomeTaxExpense": 11526000, "netIncome": 19210000, "netIncomeRatio": 0.0198137855, "eps": 0.37, "epsdiluted": 0.36, "weightedAverageShsOut": 51918919, "weightedAverageShsOutDil": 53361111, "link": "https://www.sec.gov/Archives/edgar/data/1000753/000095012905001518/0000950129-05-001518-index.htm", "finalLink": "https://www.sec.gov/Archives/edgar/data/1000753/000095012905001518/h22277e10vk.htm", "calculatedOtherExpenses": 17514000, "calculatedOperatingExpenses": 175563000, "calculatedNetInterest": 4542000, "calculatedOtherIncome": 4063000, "calculatedIncomeNonControlling": 0, "calculatedEbitda": 39901000}, {"date": "2003-12-31", "symbol": "NSP", "reportedCurrency": "USD", "cik": "0001000753", "fillingDate": "2004-02-25", "acceptedDate": "2004-02-25 13:01:29", "calendarYear": "2003", "period": "FY", "revenue": 891721000, "costOfRevenue": 693754000, "grossProfit": 197967000, "grossProfitRatio": 0.2220055376, "researchAndDevelopmentExpenses": 0, "generalAndAdministrativeExpenses": 144353000, "sellingAndMarketingExpenses": 8581000, "sellingGeneralAndAdministrativeExpenses": 152934000, "otherExpenses": 20759000, "operatingExpenses": 173693000, "costAndExpenses": 867447000, "interestIncome": 1910000, "interestExpense": -2176000, "depreciationAndAmortization": 22185000, "ebitda": 45997000, "ebitdaratio": 0.0515822774, "operatingIncome": 24274000, "operatingIncomeRatio": 0.0272215188, "totalOtherIncomeExpensesNet": 462000, "incomeBeforeTax": 24470000, "incomeBeforeTaxRatio": 0.0274413185, "incomeTaxExpense": 9485000, "netIncome": 12864000, "netIncomeRatio": 0.0144260368, "eps": 0.24, "epsdiluted": 0.24, "weightedAverageShsOut": 53600000, "weightedAverageShsOutDil": 54740426, "link": "https://www.sec.gov/Archives/edgar/data/1000753/000095012904000788/0000950129-04-000788-index.htm", "finalLink": "https://www.sec.gov/Archives/edgar/data/1000753/000095012904000788/h12965e10vk.htm", "calculatedOtherExpenses": 20759000, "calculatedOperatingExpenses": 173693000, "calculatedNetInterest": 4086000, "calculatedOtherIncome": -3890000, "calculatedIncomeNonControlling": 2121000, "calculatedEbitda": 46459000}, {"date": "2002-12-31", "symbol": "NSP", "reportedCurrency": "USD", "cik": "0001000753", "fillingDate": "2003-03-20", "acceptedDate": "2003-03-19 21:59:08", "calendarYear": "2002", "period": "FY", "revenue": 849021000, "costOfRevenue": 682631000, "grossProfit": 166390000, "grossProfitRatio": 0.1959786625, "researchAndDevelopmentExpenses": 0, "generalAndAdministrativeExpenses": 139465000, "sellingAndMarketingExpenses": 7138000, "sellingGeneralAndAdministrativeExpenses": 146603000, "otherExpenses": 21637000, "operatingExpenses": 168240000, "costAndExpenses": 850871000, "interestIncome": 1772000, "interestExpense": -437000, "depreciationAndAmortization": 21857000, "ebitda": 23089000, "ebitdaratio": 0.0271948515, "operatingIncome": -1850000, "operatingIncomeRatio": -0.0021789803, "totalOtherIncomeExpensesNet": -3082000, "incomeBeforeTax": -3597000, "incomeBeforeTaxRatio": -0.0042366443, "incomeTaxExpense": 484000, "netIncome": -4081000, "netIncomeRatio": -0.0048067127, "eps": -0.075, "epsdiluted": -0.075, "weightedAverageShsOut": 54413333, "weightedAverageShsOutDil": 54413333, "link": "https://www.sec.gov/Archives/edgar/data/1000753/000095013403004206/0000950134-03-004206-index.htm", "finalLink": "https://www.sec.gov/Archives/edgar/data/1000753/000095013403004206/h03347e10vk.htm", "calculatedOtherExpenses": 21637000, "calculatedOperatingExpenses": 168240000, "calculatedNetInterest": 2209000, "calculatedOtherIncome": -3956000, "calculatedIncomeNonControlling": 0, "calculatedEbitda": 20007000}, {"date": "2001-12-31", "symbol": "NSP", "reportedCurrency": "USD", "cik": "0001000753", "fillingDate": "2002-03-08", "acceptedDate": "2002-03-08 00:00:00", "calendarYear": "2001", "period": "FY", "revenue": 4373244000, "costOfRevenue": 4208229000, "grossProfit": 165015000, "grossProfitRatio": 0.0377328592, "researchAndDevelopmentExpenses": 0, "generalAndAdministrativeExpenses": 123503000, "sellingAndMarketingExpenses": 6092000, "sellingGeneralAndAdministrativeExpenses": 129595000, "otherExpenses": 16881000, "operatingExpenses": 146476000, "costAndExpenses": 4354705000, "interestIncome": 4128000, "interestExpense": 0, "depreciationAndAmortization": 17075000, "ebitda": 38894000, "ebitdaratio": 0.0088936268, "operatingIncome": 18539000, "operatingIncomeRatio": 0.0042391872, "totalOtherIncomeExpensesNet": -3280000, "incomeBeforeTax": 19387000, "incomeBeforeTaxRatio": 0.0044330936, "incomeTaxExpense": 9030000, "netIncome": 10357000, "netIncomeRatio": 0.0023682648, "eps": 0.19, "epsdiluted": 0.18, "weightedAverageShsOut": 54510526, "weightedAverageShsOutDil": 57538889, "link": "https://www.sec.gov/Archives/edgar/data/1000753/000095012902001151/0000950129-02-001151-index.htm", "finalLink": "https://www.sec.gov/Archives/edgar/data/1000753/000095012902001151/h94793e10-k.htm", "calculatedOtherExpenses": 16881000, "calculatedOperatingExpenses": 146476000, "calculatedNetInterest": 4128000, "calculatedOtherIncome": -3280000, "calculatedIncomeNonControlling": 0, "calculatedEbitda": 35614000}, {"date": "2000-12-31", "symbol": "NSP", "reportedCurrency": "USD", "cik": "0001000753", "fillingDate": "2001-03-16", "acceptedDate": "2001-03-16 00:00:00", "calendarYear": "2000", "period": "FY", "revenue": 3708531000, "costOfRevenue": 3569997000, "grossProfit": 138534000, "grossProfitRatio": 0.037355492, "researchAndDevelopmentExpenses": 0, "generalAndAdministrativeExpenses": 99181000, "sellingAndMarketingExpenses": 5117000, "sellingGeneralAndAdministrativeExpenses": 104298000, "otherExpenses": 12002000, "operatingExpenses": 116300000, "costAndExpenses": 3686297000, "interestIncome": 0, "interestExpense": 0, "depreciationAndAmortization": 11969000, "ebitda": 34286000, "ebitdaratio": 0.0092451701, "operatingIncome": 22234000, "operatingIncomeRatio": 0.0059953658, "totalOtherIncomeExpensesNet": -50000, "incomeBeforeTax": 26614000, "incomeBeforeTaxRatio": 0.0071764265, "incomeTaxExpense": 9714000, "netIncome": 16900000, "netIncomeRatio": 0.0045570605, "eps": 0.31, "epsdiluted": 0.29, "weightedAverageShsOut": 53406897, "weightedAverageShsOutDil": 58275862, "link": "https://www.sec.gov/Archives/edgar/data/1000753/000095012901001482/0000950129-01-001482-index.htm", "finalLink": "https://www.sec.gov/Archives/edgar/data/1000753/000095012901001482/h85055e10-k.txt", "calculatedOtherExpenses": 12002000, "calculatedOperatingExpenses": 116300000, "calculatedNetInterest": 0, "calculatedOtherIncome": 4380000, "calculatedIncomeNonControlling": 0, "calculatedEbitda": 34203000}, {"date": "1999-12-31", "symbol": "NSP", "reportedCurrency": "USD", "cik": "0001000753", "fillingDate": "2000-03-10", "acceptedDate": "2000-03-10 00:00:00", "calendarYear": "1999", "period": "FY", "revenue": 2260700000, "costOfRevenue": 2171200000, "grossProfit": 89500000, "grossProfitRatio": 0.0395895077, "researchAndDevelopmentExpenses": 0, "generalAndAdministrativeExpenses": 66300000, "sellingAndMarketingExpenses": 4100000, "sellingGeneralAndAdministrativeExpenses": 70400000, "otherExpenses": 8500000, "operatingExpenses": 78900000, "costAndExpenses": 2250100000, "interestIncome": 0, "interestExpense": 0, "depreciationAndAmortization": 7600000, "ebitda": 18500000, "ebitdaratio": 0.0081833061, "operatingIncome": 10600000, "operatingIncomeRatio": 0.0046888132, "totalOtherIncomeExpensesNet": -300000, "incomeBeforeTax": 14200000, "incomeBeforeTaxRatio": 0.0062812403, "incomeTaxExpense": 4900000, "netIncome": 9400000, "netIncomeRatio": 0.0041580042, "eps": 0.17, "epsdiluted": 0.17, "weightedAverageShsOut": 55294118, "weightedAverageShsOutDil": 55294118, "link": "https://www.sec.gov/Archives/edgar/data/1000753/000095012900001077/0000950129-00-001077-index.html", "finalLink": "https://www.sec.gov/Archives/edgar/data/1000753/000095012900001077/", "calculatedOtherExpenses": 8500000, "calculatedOperatingExpenses": 78900000, "calculatedNetInterest": 0, "calculatedOtherIncome": 3600000, "calculatedIncomeNonControlling": -100000, "calculatedEbitda": 18200000}, {"date": "1998-12-31", "symbol": "NSP", "reportedCurrency": "USD", "cik": "0001000753", "fillingDate": "1999-03-11", "acceptedDate": "1999-03-11 00:00:00", "calendarYear": "1998", "period": "FY", "revenue": 1683100000, "costOfRevenue": 1614500000, "grossProfit": 68600000, "grossProfitRatio": 0.0407581249, "researchAndDevelopmentExpenses": 0, "generalAndAdministrativeExpenses": 50000000, "sellingAndMarketingExpenses": 3700000, "sellingGeneralAndAdministrativeExpenses": 53700000, "otherExpenses": 3700000, "operatingExpenses": 57400000, "costAndExpenses": 1671900000, "interestIncome": 0, "interestExpense": 0, "depreciationAndAmortization": 4200000, "ebitda": 15400000, "ebitdaratio": 0.0091497831, "operatingIncome": 11200000, "operatingIncomeRatio": 0.0066543877, "totalOtherIncomeExpensesNet": 3400000, "incomeBeforeTax": 14600000, "incomeBeforeTaxRatio": 0.0086744697, "incomeTaxExpense": 5500000, "netIncome": 9100000, "netIncomeRatio": 0.00540669, "eps": 0.16, "epsdiluted": 0.16, "weightedAverageShsOut": 57777778, "weightedAverageShsOutDil": 58709677, "link": "https://www.sec.gov/Archives/edgar/data/1000753/000095012999000918/0000950129-99-000918-index.html", "finalLink": "https://www.sec.gov/Archives/edgar/data/1000753/", "calculatedOtherExpenses": 3700000, "calculatedOperatingExpenses": 57400000, "calculatedNetInterest": 0, "calculatedOtherIncome": 3400000, "calculatedIncomeNonControlling": 0, "calculatedEbitda": 15400000}, {"date": "1997-12-31", "symbol": "NSP", "reportedCurrency": "USD", "cik": "0001000753", "fillingDate": "1998-03-13", "acceptedDate": "1998-03-13 00:00:00", "calendarYear": "1997", "period": "FY", "revenue": 1213600000, "costOfRevenue": 1162400000, "grossProfit": 51200000, "grossProfitRatio": 0.04218853, "researchAndDevelopmentExpenses": 0, "generalAndAdministrativeExpenses": 36000000, "sellingAndMarketingExpenses": 3800000, "sellingGeneralAndAdministrativeExpenses": 39800000, "otherExpenses": 2200000, "operatingExpenses": 42000000, "costAndExpenses": 1204400000, "interestIncome": 0, "interestExpense": 0, "depreciationAndAmortization": 2700000, "ebitda": 11900000, "ebitdaratio": 0.0098055372, "operatingIncome": 9200000, "operatingIncomeRatio": 0.0075807515, "totalOtherIncomeExpensesNet": 2700000, "incomeBeforeTax": 11900000, "incomeBeforeTaxRatio": 0.0098055372, "incomeTaxExpense": 4500000, "netIncome": 7400000, "netIncomeRatio": 0.006097561, "eps": 0.14, "epsdiluted": 0.13, "weightedAverageShsOut": 52857143, "weightedAverageShsOutDil": 55849057, "link": "https://www.sec.gov/Archives/edgar/data/1000753/000095012998001035/0000950129-98-001035-index.html", "finalLink": "https://www.sec.gov/Archives/edgar/data/1000753/", "calculatedOtherExpenses": 2200000, "calculatedOperatingExpenses": 42000000, "calculatedNetInterest": 0, "calculatedOtherIncome": 2700000, "calculatedIncomeNonControlling": 0, "calculatedEbitda": 11900000}, {"date": "1996-12-31", "symbol": "NSP", "reportedCurrency": "USD", "cik": "0001000753", "fillingDate": "1997-03-24", "acceptedDate": "1997-03-24 00:00:00", "calendarYear": "1996", "period": "FY", "revenue": 899600000, "costOfRevenue": 861600000, "grossProfit": 38000000, "grossProfitRatio": 0.042240996, "researchAndDevelopmentExpenses": 0, "generalAndAdministrativeExpenses": 0, "sellingAndMarketingExpenses": 0, "sellingGeneralAndAdministrativeExpenses": 29900000, "otherExpenses": 1500000, "operatingExpenses": 31400000, "costAndExpenses": 893000000, "interestIncome": 0, "interestExpense": 0, "depreciationAndAmortization": 1700000, "ebitda": 9000000, "ebitdaratio": 0.0100044464, "operatingIncome": 6600000, "operatingIncomeRatio": 0.007336594, "totalOtherIncomeExpensesNet": -700000, "incomeBeforeTax": 4800000, "incomeBeforeTaxRatio": 0.0053357048, "incomeTaxExpense": 2200000, "netIncome": 2600000, "netIncomeRatio": 0.0028901734, "eps": 0.06, "epsdiluted": 0.06, "weightedAverageShsOut": 44420000, "weightedAverageShsOutDil": 44420000, "link": "https://www.sec.gov/Archives/edgar/data/1000753/000095012997001153/0000950129-97-001153-index.html", "finalLink": "https://www.sec.gov/Archives/edgar/data/1000753/", "calculatedOtherExpenses": 1500000, "calculatedOperatingExpenses": 31400000, "calculatedNetInterest": 0, "calculatedOtherIncome": -1800000, "calculatedIncomeNonControlling": 0, "calculatedEbitda": 8300000}, {"date": "1995-12-31", "symbol": "NSP", "reportedCurrency": "USD", "cik": "0001000753", "fillingDate": "1995-12-31", "acceptedDate": "1995-12-30 19:00:00", "calendarYear": "1995", "period": "FY", "revenue": 716200000, "costOfRevenue": 687100000, "grossProfit": 29100000, "grossProfitRatio": 0.0406311086, "researchAndDevelopmentExpenses": 0, "generalAndAdministrativeExpenses": 0, "sellingAndMarketingExpenses": 0, "sellingGeneralAndAdministrativeExpenses": 25800000, "otherExpenses": 1100000, "operatingExpenses": 26900000, "costAndExpenses": 714000000, "interestIncome": 0, "interestExpense": 0, "depreciationAndAmortization": 1100000, "ebitda": 2600000, "ebitdaratio": 0.0036302709, "operatingIncome": 2200000, "operatingIncomeRatio": 0.0030717677, "totalOtherIncomeExpensesNet": 700000, "incomeBeforeTax": 2200000, "incomeBeforeTaxRatio": 0.0030717677, "incomeTaxExpense": 1100000, "netIncome": 1100000, "netIncomeRatio": 0.0015358838, "eps": 0.03, "epsdiluted": 0.025, "weightedAverageShsOut": 36666667, "weightedAverageShsOutDil": 44000000, "link": "", "finalLink": "", "calculatedOtherExpenses": 1100000, "calculatedOperatingExpenses": 26900000, "calculatedNetInterest": 0, "calculatedOtherIncome": 0, "calculatedIncomeNonControlling": 0, "calculatedEbitda": 3300000}]}