{"originalCurrency": "USD", "convertedCurrency": "USD", "report": [{"date": "2023-04-28", "symbol": "NTAP", "reportedCurrency": "USD", "cik": "0001002047", "fillingDate": "2023-06-14", "acceptedDate": "2023-06-14 16:11:35", "calendarYear": "2023", "period": "FY", "revenue": 6362000000, "costOfRevenue": 2153000000, "grossProfit": 4209000000, "grossProfitRatio": 0.6615844074, "researchAndDevelopmentExpenses": 956000000, "generalAndAdministrativeExpenses": 265000000, "sellingAndMarketingExpenses": 1829000000, "sellingGeneralAndAdministrativeExpenses": 2094000000, "otherExpenses": 48000000, "operatingExpenses": 3050000000, "costAndExpenses": 5203000000, "interestIncome": 69000000, "interestExpense": 234000000, "depreciationAndAmortization": 530000000, "ebitda": 1548000000, "ebitdaratio": 0.2433197108, "operatingIncome": 1018000000, "operatingIncomeRatio": 0.1600125747, "totalOtherIncomeExpensesNet": 48000000, "incomeBeforeTax": 1066000000, "incomeBeforeTaxRatio": 0.1675573719, "incomeTaxExpense": -208000000, "netIncome": 1274000000, "netIncomeRatio": 0.2002514932, "eps": 5.87, "epsdiluted": 5.79, "weightedAverageShsOut": 217000000, "weightedAverageShsOutDil": 220000000, "link": "https://www.sec.gov/Archives/edgar/data/1002047/000095017023027948/0000950170-23-027948-index.htm", "finalLink": "https://www.sec.gov/Archives/edgar/data/1002047/000095017023027948/ntap-20230428.htm", "calculatedOtherExpenses": 141000000, "calculatedOperatingExpenses": 3191000000, "calculatedNetInterest": -165000000, "calculatedOtherIncome": 213000000, "calculatedIncomeNonControlling": 0, "calculatedEbitda": 1548000000}, {"date": "2022-04-29", "symbol": "NTAP", "reportedCurrency": "USD", "cik": "0001002047", "fillingDate": "2022-06-16", "acceptedDate": "2022-06-15 21:05:56", "calendarYear": "2022", "period": "FY", "revenue": 6318000000, "costOfRevenue": 2098000000, "grossProfit": 4220000000, "grossProfitRatio": 0.6679328902, "researchAndDevelopmentExpenses": 881000000, "generalAndAdministrativeExpenses": 279000000, "sellingAndMarketingExpenses": 1857000000, "sellingGeneralAndAdministrativeExpenses": 2136000000, "otherExpenses": -62000000, "operatingExpenses": 3017000000, "costAndExpenses": 5115000000, "interestIncome": 7000000, "interestExpense": 73000000, "depreciationAndAmortization": 286000000, "ebitda": 1443000000, "ebitdaratio": 0.2283950617, "operatingIncome": 1157000000, "operatingIncomeRatio": 0.183127572, "totalOtherIncomeExpensesNet": -62000000, "incomeBeforeTax": 1095000000, "incomeBeforeTaxRatio": 0.17331434, "incomeTaxExpense": 158000000, "netIncome": 937000000, "netIncomeRatio": 0.1483064261, "eps": 4.2, "epsdiluted": 4.09, "weightedAverageShsOut": 223000000, "weightedAverageShsOutDil": 229000000, "link": "https://www.sec.gov/Archives/edgar/data/1002047/000095017022011708/0000950170-22-011708-index.htm", "finalLink": "https://www.sec.gov/Archives/edgar/data/1002047/000095017022011708/ntap-20220429.htm", "calculatedOtherExpenses": 46000000, "calculatedOperatingExpenses": 3063000000, "calculatedNetInterest": -66000000, "calculatedOtherIncome": 4000000, "calculatedIncomeNonControlling": 0, "calculatedEbitda": 1443000000}, {"date": "2021-04-30", "symbol": "NTAP", "reportedCurrency": "USD", "cik": "0001002047", "fillingDate": "2021-06-21", "acceptedDate": "2021-06-21 16:40:13", "calendarYear": "2021", "period": "FY", "revenue": 5744000000, "costOfRevenue": 1929000000, "grossProfit": 3815000000, "grossProfitRatio": 0.6641713092, "researchAndDevelopmentExpenses": 881000000, "generalAndAdministrativeExpenses": 257000000, "sellingAndMarketingExpenses": 1744000000, "sellingGeneralAndAdministrativeExpenses": 2001000000, "otherExpenses": -69000000, "operatingExpenses": 2882000000, "costAndExpenses": 4811000000, "interestIncome": 9000000, "interestExpense": 74000000, "depreciationAndAmortization": 11000000, "ebitda": 1042000000, "ebitdaratio": 0.1814066852, "operatingIncome": 1031000000, "operatingIncomeRatio": 0.1794916435, "totalOtherIncomeExpensesNet": -69000000, "incomeBeforeTax": 962000000, "incomeBeforeTaxRatio": 0.1674791086, "incomeTaxExpense": 232000000, "netIncome": 730000000, "netIncomeRatio": 0.1270891365, "eps": 3.29, "epsdiluted": 3.23, "weightedAverageShsOut": 222000000, "weightedAverageShsOutDil": 226000000, "link": "https://www.sec.gov/Archives/edgar/data/1002047/000156459021033645/0001564590-21-033645-index.htm", "finalLink": "https://www.sec.gov/Archives/edgar/data/1002047/000156459021033645/ntap-10k_20210430.htm", "calculatedOtherExpenses": -98000000, "calculatedOperatingExpenses": 2784000000, "calculatedNetInterest": -65000000, "calculatedOtherIncome": -4000000, "calculatedIncomeNonControlling": 0, "calculatedEbitda": 1042000000}, {"date": "2020-04-24", "symbol": "NTAP", "reportedCurrency": "USD", "cik": "0001002047", "fillingDate": "2020-06-15", "acceptedDate": "2020-06-15 16:08:13", "calendarYear": "2020", "period": "FY", "revenue": 5412000000, "costOfRevenue": 1789000000, "grossProfit": 3623000000, "grossProfitRatio": 0.6694382853, "researchAndDevelopmentExpenses": 847000000, "generalAndAdministrativeExpenses": 263000000, "sellingAndMarketingExpenses": 1585000000, "sellingGeneralAndAdministrativeExpenses": 1848000000, "otherExpenses": -1000000, "operatingExpenses": 2695000000, "costAndExpenses": 4484000000, "interestIncome": 48000000, "interestExpense": 55000000, "depreciationAndAmortization": 159000000, "ebitda": 1104000000, "ebitdaratio": 0.2039911308, "operatingIncome": 945000000, "operatingIncomeRatio": 0.1746119734, "totalOtherIncomeExpensesNet": -1000000, "incomeBeforeTax": 944000000, "incomeBeforeTaxRatio": 0.1744271988, "incomeTaxExpense": 125000000, "netIncome": 819000000, "netIncomeRatio": 0.1513303769, "eps": 3.56, "epsdiluted": 3.52, "weightedAverageShsOut": 230000000, "weightedAverageShsOutDil": 233000000, "link": "https://www.sec.gov/Archives/edgar/data/1002047/000156459020029349/0001564590-20-029349-index.htm", "finalLink": "https://www.sec.gov/Archives/edgar/data/1002047/000156459020029349/ntap-10k_20200424.htm", "calculatedOtherExpenses": -17000000, "calculatedOperatingExpenses": 2678000000, "calculatedNetInterest": -7000000, "calculatedOtherIncome": 6000000, "calculatedIncomeNonControlling": 0, "calculatedEbitda": 1104000000}, {"date": "2019-04-26", "symbol": "NTAP", "reportedCurrency": "USD", "cik": "0001002047", "fillingDate": "2019-06-18", "acceptedDate": "2019-06-18 16:43:53", "calendarYear": "2019", "period": "FY", "revenue": 6146000000, "costOfRevenue": 2201000000, "grossProfit": 3945000000, "grossProfitRatio": 0.6418808981, "researchAndDevelopmentExpenses": 827000000, "generalAndAdministrativeExpenses": 278000000, "sellingAndMarketingExpenses": 1657000000, "sellingGeneralAndAdministrativeExpenses": 1935000000, "otherExpenses": 47000000, "operatingExpenses": 2762000000, "costAndExpenses": 4963000000, "interestIncome": 88000000, "interestExpense": 58000000, "depreciationAndAmortization": 197000000, "ebitda": 1342000000, "ebitdaratio": 0.2183534006, "operatingIncome": 1221000000, "operatingIncomeRatio": 0.1986657989, "totalOtherIncomeExpensesNet": 85000000, "incomeBeforeTax": 1268000000, "incomeBeforeTaxRatio": 0.2063130491, "incomeTaxExpense": 99000000, "netIncome": 1169000000, "netIncomeRatio": 0.1902050114, "eps": 4.6, "epsdiluted": 4.51, "weightedAverageShsOut": 254000000, "weightedAverageShsOutDil": 259000000, "link": "https://www.sec.gov/Archives/edgar/data/1002047/000156459019022779/0001564590-19-022779-index.htm", "finalLink": "https://www.sec.gov/Archives/edgar/data/1002047/000156459019022779/ntap-10k_20190426.htm", "calculatedOtherExpenses": -38000000, "calculatedOperatingExpenses": 2724000000, "calculatedNetInterest": 30000000, "calculatedOtherIncome": 17000000, "calculatedIncomeNonControlling": 0, "calculatedEbitda": 1418000000}, {"date": "2018-04-27", "symbol": "NTAP", "reportedCurrency": "USD", "cik": "0001002047", "fillingDate": "2018-06-19", "acceptedDate": "2018-06-19 16:30:25", "calendarYear": "2018", "period": "FY", "revenue": 5911000000, "costOfRevenue": 2212000000, "grossProfit": 3699000000, "grossProfitRatio": 0.6257824395, "researchAndDevelopmentExpenses": 783000000, "generalAndAdministrativeExpenses": 280000000, "sellingAndMarketingExpenses": 1729000000, "sellingGeneralAndAdministrativeExpenses": 2009000000, "otherExpenses": 41000000, "operatingExpenses": 2792000000, "costAndExpenses": 5004000000, "interestIncome": 79000000, "interestExpense": 62000000, "depreciationAndAmortization": 198000000, "ebitda": 887000000, "ebitdaratio": 0.1500592116, "operatingIncome": 1125000000, "operatingIncomeRatio": 0.1903231264, "totalOtherIncomeExpensesNet": 259000000, "incomeBeforeTax": 1166000000, "incomeBeforeTaxRatio": 0.197259347, "incomeTaxExpense": 1090000000, "netIncome": 76000000, "netIncomeRatio": 0.0128573845, "eps": 0.28, "epsdiluted": 0.28, "weightedAverageShsOut": 268000000, "weightedAverageShsOutDil": 276000000, "link": "https://www.sec.gov/Archives/edgar/data/1002047/000156459018015820/0001564590-18-015820-index.htm", "finalLink": "https://www.sec.gov/Archives/edgar/data/1002047/000156459018015820/ntap-10k_20180427.htm", "calculatedOtherExpenses": -218000000, "calculatedOperatingExpenses": 2574000000, "calculatedNetInterest": 17000000, "calculatedOtherIncome": 24000000, "calculatedIncomeNonControlling": 0, "calculatedEbitda": 1323000000}, {"date": "2017-04-28", "symbol": "NTAP", "reportedCurrency": "USD", "cik": "0001002047", "fillingDate": "2017-06-20", "acceptedDate": "2017-06-20 16:07:09", "calendarYear": "2017", "period": "FY", "revenue": 5519000000, "costOfRevenue": 2129000000, "grossProfit": 3390000000, "grossProfitRatio": 0.6142417105, "researchAndDevelopmentExpenses": 779000000, "generalAndAdministrativeExpenses": 271000000, "sellingAndMarketingExpenses": 1633000000, "sellingGeneralAndAdministrativeExpenses": 1904000000, "otherExpenses": 8000000, "operatingExpenses": 2683000000, "costAndExpenses": 4812000000, "interestIncome": 44000000, "interestExpense": 52000000, "depreciationAndAmortization": 226000000, "ebitda": 975000000, "ebitdaratio": 0.1766624388, "operatingIncome": 665000000, "operatingIncomeRatio": 0.1204928429, "totalOtherIncomeExpensesNet": -42000000, "incomeBeforeTax": 665000000, "incomeBeforeTaxRatio": 0.1204928429, "incomeTaxExpense": 156000000, "netIncome": 509000000, "netIncomeRatio": 0.0922268527, "eps": 1.85, "epsdiluted": 1.81, "weightedAverageShsOut": 275000000, "weightedAverageShsOutDil": 281000000, "link": "https://www.sec.gov/Archives/edgar/data/1002047/000156459017012758/0001564590-17-012758-index.htm", "finalLink": "https://www.sec.gov/Archives/edgar/data/1002047/000156459017012758/ntap-10k_20170428.htm", "calculatedOtherExpenses": 42000000, "calculatedOperatingExpenses": 2725000000, "calculatedNetInterest": -8000000, "calculatedOtherIncome": 8000000, "calculatedIncomeNonControlling": 0, "calculatedEbitda": 891000000}, {"date": "2016-04-29", "symbol": "NTAP", "reportedCurrency": "USD", "cik": "0001002047", "fillingDate": "2016-06-22", "acceptedDate": "2016-06-22 16:07:00", "calendarYear": "2016", "period": "FY", "revenue": 5546000000, "costOfRevenue": 2173000000, "grossProfit": 3373000000, "grossProfitRatio": 0.6081860801, "researchAndDevelopmentExpenses": 861000000, "generalAndAdministrativeExpenses": 307000000, "sellingAndMarketingExpenses": 1792000000, "sellingGeneralAndAdministrativeExpenses": 2099000000, "otherExpenses": -3000000, "operatingExpenses": 2960000000, "costAndExpenses": 5133000000, "interestIncome": 46000000, "interestExpense": 49000000, "depreciationAndAmortization": 279000000, "ebitda": 757000000, "ebitdaratio": 0.136494771, "operatingIncome": 348000000, "operatingIncomeRatio": 0.0627479264, "totalOtherIncomeExpensesNet": -68000000, "incomeBeforeTax": 345000000, "incomeBeforeTaxRatio": 0.062206996, "incomeTaxExpense": 116000000, "netIncome": 229000000, "netIncomeRatio": 0.0412910206, "eps": 0.78, "epsdiluted": 0.77, "weightedAverageShsOut": 294000000, "weightedAverageShsOutDil": 297000000, "link": "https://www.sec.gov/Archives/edgar/data/1002047/000156459016020754/0001564590-16-020754-index.htm", "finalLink": "https://www.sec.gov/Archives/edgar/data/1002047/000156459016020754/ntap-10k_20160429.htm", "calculatedOtherExpenses": 65000000, "calculatedOperatingExpenses": 3025000000, "calculatedNetInterest": -3000000, "calculatedOtherIncome": 0, "calculatedIncomeNonControlling": 0, "calculatedEbitda": 627000000}, {"date": "2015-04-24", "symbol": "NTAP", "reportedCurrency": "USD", "cik": "0001002047", "fillingDate": "2015-06-12", "acceptedDate": "2015-06-12 16:06:31", "calendarYear": "2015", "period": "FY", "revenue": 6122700000, "costOfRevenue": 2289500000, "grossProfit": 3833200000, "grossProfitRatio": 0.6260636647, "researchAndDevelopmentExpenses": 919300000, "generalAndAdministrativeExpenses": 284200000, "sellingAndMarketingExpenses": 1913200000, "sellingGeneralAndAdministrativeExpenses": 2197400000, "otherExpenses": -3700000, "operatingExpenses": 3116700000, "costAndExpenses": 5406200000, "interestIncome": 36600000, "interestExpense": 42000000, "depreciationAndAmortization": 307200000, "ebitda": 1023700000, "ebitdaratio": 0.1671974782, "operatingIncome": 716500000, "operatingIncomeRatio": 0.1170235354, "totalOtherIncomeExpensesNet": -3700000, "incomeBeforeTax": 712800000, "incomeBeforeTaxRatio": 0.1164192268, "incomeTaxExpense": 152900000, "netIncome": 559900000, "netIncomeRatio": 0.091446584, "eps": 1.77, "epsdiluted": 1.75, "weightedAverageShsOut": 315500000, "weightedAverageShsOutDil": 320700000, "link": "https://www.sec.gov/Archives/edgar/data/1002047/000156459015005051/0001564590-15-005051-index.htm", "finalLink": "https://www.sec.gov/Archives/edgar/data/1002047/000156459015005051/ntap-10k_20150424.htm", "calculatedOtherExpenses": 0, "calculatedOperatingExpenses": 3116700000, "calculatedNetInterest": -5400000, "calculatedOtherIncome": 1700000, "calculatedIncomeNonControlling": 0, "calculatedEbitda": 1023700000}, {"date": "2014-04-25", "symbol": "NTAP", "reportedCurrency": "USD", "cik": "0001002047", "fillingDate": "2014-06-17", "acceptedDate": "2014-06-17 16:14:01", "calendarYear": "2014", "period": "FY", "revenue": 6325100000, "costOfRevenue": 2406000000, "grossProfit": 3919100000, "grossProfitRatio": 0.6196107571, "researchAndDevelopmentExpenses": 917300000, "generalAndAdministrativeExpenses": 281000000, "sellingAndMarketingExpenses": 1898200000, "sellingGeneralAndAdministrativeExpenses": 2179200000, "otherExpenses": 7600000, "operatingExpenses": 3096500000, "costAndExpenses": 5502500000, "interestIncome": 34900000, "interestExpense": 36100000, "depreciationAndAmortization": 334100000, "ebitda": 1199200000, "ebitdaratio": 0.1895938404, "operatingIncome": 734300000, "operatingIncomeRatio": 0.1160930262, "totalOtherIncomeExpensesNet": -80700000, "incomeBeforeTax": 740700000, "incomeBeforeTaxRatio": 0.1171048679, "incomeTaxExpense": 103200000, "netIncome": 637500000, "netIncomeRatio": 0.1007889203, "eps": 1.87, "epsdiluted": 1.83, "weightedAverageShsOut": 340300000, "weightedAverageShsOutDil": 347900000, "link": "https://www.sec.gov/Archives/edgar/data/1002047/000119312514239169/0001193125-14-239169-index.htm", "finalLink": "https://www.sec.gov/Archives/edgar/data/1002047/000119312514239169/d691214d10k.htm", "calculatedOtherExpenses": 88300000, "calculatedOperatingExpenses": 3184800000, "calculatedNetInterest": -1200000, "calculatedOtherIncome": 7600000, "calculatedIncomeNonControlling": 0, "calculatedEbitda": 1068400000}, {"date": "2013-04-26", "symbol": "NTAP", "reportedCurrency": "USD", "cik": "0001002047", "fillingDate": "2013-06-17", "acceptedDate": "2013-06-17 16:34:38", "calendarYear": "2013", "period": "FY", "revenue": 6332400000, "costOfRevenue": 2571300000, "grossProfit": 3761100000, "grossProfitRatio": 0.5939454235, "researchAndDevelopmentExpenses": 904200000, "generalAndAdministrativeExpenses": 272600000, "sellingAndMarketingExpenses": 1974800000, "sellingGeneralAndAdministrativeExpenses": 2247400000, "otherExpenses": 8300000, "operatingExpenses": 3151600000, "costAndExpenses": 5722900000, "interestIncome": 42200000, "interestExpense": 91700000, "depreciationAndAmortization": 344600000, "ebitda": 1004600000, "ebitdaratio": 0.1586444318, "operatingIncome": 607800000, "operatingIncomeRatio": 0.0959825659, "totalOtherIncomeExpensesNet": 6600000, "incomeBeforeTax": 566600000, "incomeBeforeTaxRatio": 0.0894763439, "incomeTaxExpense": 61300000, "netIncome": 505300000, "netIncomeRatio": 0.0797959699, "eps": 1.4, "epsdiluted": 1.37, "weightedAverageShsOut": 361500000, "weightedAverageShsOutDil": 368000000, "link": "https://www.sec.gov/Archives/edgar/data/1002047/000119312513261334/0001193125-13-261334-index.htm", "finalLink": "https://www.sec.gov/Archives/edgar/data/1002047/000119312513261334/d512428d10k.htm", "calculatedOtherExpenses": 1700000, "calculatedOperatingExpenses": 3153300000, "calculatedNetInterest": -49500000, "calculatedOtherIncome": 8300000, "calculatedIncomeNonControlling": 0, "calculatedEbitda": 952400000}, {"date": "2012-04-27", "symbol": "NTAP", "reportedCurrency": "USD", "cik": "0001002047", "fillingDate": "2012-06-19", "acceptedDate": "2012-06-19 17:18:25", "calendarYear": "2012", "period": "FY", "revenue": 6233200000, "costOfRevenue": 2519800000, "grossProfit": 3713400000, "grossProfitRatio": 0.5957453635, "researchAndDevelopmentExpenses": 828200000, "generalAndAdministrativeExpenses": 264900000, "sellingAndMarketingExpenses": 1864000000, "sellingGeneralAndAdministrativeExpenses": 2128900000, "otherExpenses": 2400000, "operatingExpenses": 2957100000, "costAndExpenses": 5476900000, "interestIncome": 38200000, "interestExpense": 74700000, "depreciationAndAmortization": 293100000, "ebitda": 1090000000, "ebitdaratio": 0.1748700507, "operatingIncome": 746500000, "operatingIncomeRatio": 0.11976192, "totalOtherIncomeExpensesNet": -7400000, "incomeBeforeTax": 712400000, "incomeBeforeTaxRatio": 0.1142912148, "incomeTaxExpense": 107000000, "netIncome": 605400000, "netIncomeRatio": 0.0971250722, "eps": 1.66, "epsdiluted": 1.58, "weightedAverageShsOut": 363900000, "weightedAverageShsOutDil": 384300000, "link": "https://www.sec.gov/Archives/edgar/data/1002047/000119312512275547/0001193125-12-275547-index.htm", "finalLink": "https://www.sec.gov/Archives/edgar/data/1002047/000119312512275547/d328654d10k.htm", "calculatedOtherExpenses": 9800000, "calculatedOperatingExpenses": 2966900000, "calculatedNetInterest": -36500000, "calculatedOtherIncome": 2400000, "calculatedIncomeNonControlling": 0, "calculatedEbitda": 1039600000}, {"date": "2011-04-29", "symbol": "NTAP", "reportedCurrency": "USD", "cik": "0001002047", "fillingDate": "2011-06-23", "acceptedDate": "2011-06-23 16:08:45", "calendarYear": "2011", "period": "FY", "revenue": 5122600000, "costOfRevenue": 1793900000, "grossProfit": 3328700000, "grossProfitRatio": 0.6498067388, "researchAndDevelopmentExpenses": 648600000, "generalAndAdministrativeExpenses": 251300000, "sellingAndMarketingExpenses": 1597000000, "sellingGeneralAndAdministrativeExpenses": 1848300000, "otherExpenses": 5800000, "operatingExpenses": 2496900000, "costAndExpenses": 4290800000, "interestIncome": 39900000, "interestExpense": 75900000, "depreciationAndAmortization": 165600000, "ebitda": 1037300000, "ebitdaratio": 0.2024948268, "operatingIncome": 824300000, "operatingIncomeRatio": 0.1609143794, "totalOtherIncomeExpensesNet": -1700000, "incomeBeforeTax": 794100000, "incomeBeforeTaxRatio": 0.1550189357, "incomeTaxExpense": 121000000, "netIncome": 673100000, "netIncomeRatio": 0.1313981181, "eps": 1.87, "epsdiluted": 1.71, "weightedAverageShsOut": 360900000, "weightedAverageShsOutDil": 393700000, "link": "https://www.sec.gov/Archives/edgar/data/1002047/000119312511171858/0001193125-11-171858-index.htm", "finalLink": "https://www.sec.gov/Archives/edgar/data/1002047/000119312511171858/d10k.htm", "calculatedOtherExpenses": 7500000, "calculatedOperatingExpenses": 2504400000, "calculatedNetInterest": -36000000, "calculatedOtherIncome": 5800000, "calculatedIncomeNonControlling": 0, "calculatedEbitda": 989900000}, {"date": "2010-04-30", "symbol": "NTAP", "reportedCurrency": "USD", "cik": "0001002047", "fillingDate": "2010-06-18", "acceptedDate": "2010-06-18 14:36:09", "calendarYear": "2010", "period": "FY", "revenue": 3931400000, "costOfRevenue": 1412200000, "grossProfit": 2519200000, "grossProfitRatio": 0.6407895406, "researchAndDevelopmentExpenses": 535700000, "generalAndAdministrativeExpenses": 238800000, "sellingAndMarketingExpenses": 1293700000, "sellingGeneralAndAdministrativeExpenses": 1532500000, "otherExpenses": 0, "operatingExpenses": 2068200000, "costAndExpenses": 3480400000, "interestIncome": 31200000, "interestExpense": 74100000, "depreciationAndAmortization": 166000000, "ebitda": 648200000, "ebitdaratio": 0.1648776517, "operatingIncome": 488400000, "operatingIncomeRatio": 0.124230554, "totalOtherIncomeExpensesNet": 38900000, "incomeBeforeTax": 447000000, "incomeBeforeTaxRatio": 0.1136999542, "incomeTaxExpense": 46600000, "netIncome": 400400000, "netIncomeRatio": 0.1018466704, "eps": 1.18, "epsdiluted": 1.13, "weightedAverageShsOut": 339600000, "weightedAverageShsOutDil": 353200000, "link": "https://www.sec.gov/Archives/edgar/data/1002047/000095012310059271/0000950123-10-059271-index.htm", "finalLink": "https://www.sec.gov/Archives/edgar/data/1002047/000095012310059271/f56118e10vk.htm", "calculatedOtherExpenses": -37400000, "calculatedOperatingExpenses": 2030800000, "calculatedNetInterest": -42900000, "calculatedOtherIncome": 1500000, "calculatedIncomeNonControlling": 0, "calculatedEbitda": 654400000}, {"date": "2009-04-24", "symbol": "NTAP", "reportedCurrency": "USD", "cik": "0001002047", "fillingDate": "2009-06-17", "acceptedDate": "2009-06-16 21:57:54", "calendarYear": "2009", "period": "FY", "revenue": 3406393000, "costOfRevenue": 1416478000, "grossProfit": 1989915000, "grossProfitRatio": 0.5841707049, "researchAndDevelopmentExpenses": 498495000, "generalAndAdministrativeExpenses": 203698000, "sellingAndMarketingExpenses": 1186141000, "sellingGeneralAndAdministrativeExpenses": 1389839000, "otherExpenses": 0, "operatingExpenses": 1888334000, "costAndExpenses": 3304812000, "interestIncome": 57610000, "interestExpense": 26865000, "depreciationAndAmortization": 170538000, "ebitda": 329729000, "ebitdaratio": 0.0967971106, "operatingIncome": 47175000, "operatingIncomeRatio": 0.0138489599, "totalOtherIncomeExpensesNet": -87497000, "incomeBeforeTax": 44829000, "incomeBeforeTaxRatio": 0.0131602549, "incomeTaxExpense": -41716000, "netIncome": 86545000, "netIncomeRatio": 0.0254066398, "eps": 0.2, "epsdiluted": 0.19, "weightedAverageShsOut": 330300000, "weightedAverageShsOutDil": 334600000, "link": "https://www.sec.gov/Archives/edgar/data/1002047/000095012309014485/0000950123-09-014485-index.htm", "finalLink": "https://www.sec.gov/Archives/edgar/data/1002047/000095012309014485/f52231e10vk.htm", "calculatedOtherExpenses": 54406000, "calculatedOperatingExpenses": 1942740000, "calculatedNetInterest": 30745000, "calculatedOtherIncome": -33091000, "calculatedIncomeNonControlling": 0, "calculatedEbitda": 217713000}, {"date": "2008-04-25", "symbol": "NTAP", "reportedCurrency": "USD", "cik": "0001002047", "fillingDate": "2008-06-24", "acceptedDate": "2008-06-24 17:24:29", "calendarYear": "2008", "period": "FY", "revenue": 3303167000, "costOfRevenue": 1289791000, "grossProfit": 2013376000, "grossProfitRatio": 0.6095289763, "researchAndDevelopmentExpenses": 452205000, "generalAndAdministrativeExpenses": 171536000, "sellingAndMarketingExpenses": 1075588000, "sellingGeneralAndAdministrativeExpenses": 1247124000, "otherExpenses": 0, "operatingExpenses": 1699329000, "costAndExpenses": 2989120000, "interestIncome": 64610000, "interestExpense": -7990000, "depreciationAndAmortization": 144184000, "ebitda": 446199000, "ebitdaratio": 0.1350821802, "operatingIncome": 313600000, "operatingIncomeRatio": 0.0949391902, "totalOtherIncomeExpensesNet": 12032000, "incomeBeforeTax": 382699000, "incomeBeforeTaxRatio": 0.1158582052, "incomeTaxExpense": 72961000, "netIncome": 309738000, "netIncomeRatio": 0.0937700092, "eps": 0.88, "epsdiluted": 0.86, "weightedAverageShsOut": 351676000, "weightedAverageShsOutDil": 361090000, "link": "https://www.sec.gov/Archives/edgar/data/1002047/000095013408011751/0000950134-08-011751-index.htm", "finalLink": "https://www.sec.gov/Archives/edgar/data/1002047/000095013408011751/f38790e10vk.htm", "calculatedOtherExpenses": 447000, "calculatedOperatingExpenses": 1699776000, "calculatedNetInterest": 72600000, "calculatedOtherIncome": -3501000, "calculatedIncomeNonControlling": 0, "calculatedEbitda": 457784000}, {"date": "2007-04-27", "symbol": "NTAP", "reportedCurrency": "USD", "cik": "0001002047", "fillingDate": "2007-06-26", "acceptedDate": "2007-06-26 17:14:48", "calendarYear": "2007", "period": "FY", "revenue": 2804282000, "costOfRevenue": 1099782000, "grossProfit": 1704500000, "grossProfitRatio": 0.6078204688, "researchAndDevelopmentExpenses": 385357000, "generalAndAdministrativeExpenses": 147501000, "sellingAndMarketingExpenses": 895813000, "sellingGeneralAndAdministrativeExpenses": 1043314000, "otherExpenses": -25339000, "operatingExpenses": 1403332000, "costAndExpenses": 2503114000, "interestIncome": 68837000, "interestExpense": -11642000, "depreciationAndAmortization": 110833000, "ebitda": 385297000, "ebitdaratio": 0.1373959538, "operatingIncome": 301242000, "operatingIncomeRatio": 0.1074221494, "totalOtherIncomeExpensesNet": 26704000, "incomeBeforeTax": 359728000, "incomeBeforeTaxRatio": 0.1282781118, "incomeTaxExpense": 61993000, "netIncome": 297735000, "netIncomeRatio": 0.1061715619, "eps": 0.8, "epsdiluted": 0.77, "weightedAverageShsOut": 371204000, "weightedAverageShsOutDil": 388454000, "link": "https://www.sec.gov/Archives/edgar/data/1002047/000095013407014094/0000950134-07-014094-index.htm", "finalLink": "https://www.sec.gov/Archives/edgar/data/1002047/000095013407014094/f31128e10vk.htm", "calculatedOtherExpenses": -25413000, "calculatedOperatingExpenses": 1403258000, "calculatedNetInterest": 80479000, "calculatedOtherIncome": -21993000, "calculatedIncomeNonControlling": 0, "calculatedEbitda": 412075000}, {"date": "2006-04-30", "symbol": "NTAP", "reportedCurrency": "USD", "cik": "0001002047", "fillingDate": "2006-07-12", "acceptedDate": "2006-07-12 06:02:06", "calendarYear": "2006", "period": "FY", "revenue": 2066456000, "costOfRevenue": 809995000, "grossProfit": 1256461000, "grossProfitRatio": 0.6080269795, "researchAndDevelopmentExpenses": 242988000, "generalAndAdministrativeExpenses": 91852000, "sellingAndMarketingExpenses": 595154000, "sellingGeneralAndAdministrativeExpenses": 700299000, "otherExpenses": 0, "operatingExpenses": 943287000, "costAndExpenses": 1753282000, "interestIncome": 41519000, "interestExpense": -1283000, "depreciationAndAmortization": 81797000, "ebitda": 398109000, "ebitdaratio": 0.1926530253, "operatingIncome": 308291000, "operatingIncomeRatio": 0.1491882721, "totalOtherIncomeExpensesNet": -3138000, "incomeBeforeTax": 350272000, "incomeBeforeTaxRatio": 0.1695037301, "incomeTaxExpense": 83820000, "netIncome": 266452000, "netIncomeRatio": 0.1289415308, "eps": 0.72, "epsdiluted": 0.69, "weightedAverageShsOut": 371061000, "weightedAverageShsOutDil": 388381000, "link": "https://www.sec.gov/Archives/edgar/data/1002047/000095013406013059/0000950134-06-013059-index.htm", "finalLink": "https://www.sec.gov/Archives/edgar/data/1002047/000095013406013059/f21341e10vk.htm", "calculatedOtherExpenses": 4883000, "calculatedOperatingExpenses": 948170000, "calculatedNetInterest": 42802000, "calculatedOtherIncome": -821000, "calculatedIncomeNonControlling": 0, "calculatedEbitda": 390088000}, {"date": "2005-04-30", "symbol": "NTAP", "reportedCurrency": "USD", "cik": "0001002047", "fillingDate": "2005-07-08", "acceptedDate": "2005-07-08 16:46:52", "calendarYear": "2005", "period": "FY", "revenue": 1598131000, "costOfRevenue": 623083000, "grossProfit": 975048000, "grossProfitRatio": 0.6101176937, "researchAndDevelopmentExpenses": 171049000, "generalAndAdministrativeExpenses": 76903000, "sellingAndMarketingExpenses": 466032000, "sellingGeneralAndAdministrativeExpenses": 551083000, "otherExpenses": 0, "operatingExpenses": 722132000, "costAndExpenses": 1345215000, "interestIncome": 24249000, "interestExpense": 0, "depreciationAndAmortization": 65624000, "ebitda": 319477000, "ebitdaratio": 0.1999066409, "operatingIncome": 253187000, "operatingIncomeRatio": 0.1584269375, "totalOtherIncomeExpensesNet": -937000, "incomeBeforeTax": 276228000, "incomeBeforeTaxRatio": 0.1728444039, "incomeTaxExpense": 50474000, "netIncome": 225754000, "netIncomeRatio": 0.1412612608, "eps": 0.63, "epsdiluted": 0.59, "weightedAverageShsOut": 358339683, "weightedAverageShsOutDil": 382633898, "link": "https://www.sec.gov/Archives/edgar/data/1002047/000095013405013074/0000950134-05-013074-index.htm", "finalLink": "https://www.sec.gov/Archives/edgar/data/1002047/000095013405013074/f10166e10vk.htm", "calculatedOtherExpenses": -271000, "calculatedOperatingExpenses": 721861000, "calculatedNetInterest": 24249000, "calculatedOtherIncome": -1208000, "calculatedIncomeNonControlling": 0, "calculatedEbitda": 318811000}, {"date": "2004-04-30", "symbol": "NTAP", "reportedCurrency": "USD", "cik": "0001002047", "fillingDate": "2004-06-29", "acceptedDate": "2004-06-29 16:54:33", "calendarYear": "2004", "period": "FY", "revenue": 1170310000, "costOfRevenue": 465789000, "grossProfit": 704521000, "grossProfitRatio": 0.6019951979, "researchAndDevelopmentExpenses": 131856000, "generalAndAdministrativeExpenses": 54550000, "sellingAndMarketingExpenses": 349490000, "sellingGeneralAndAdministrativeExpenses": 407935000, "otherExpenses": 20000, "operatingExpenses": 539811000, "costAndExpenses": 1005600000, "interestIncome": 13704000, "interestExpense": 0, "depreciationAndAmortization": 59453000, "ebitda": 232143000, "ebitdaratio": 0.1983602635, "operatingIncome": 158463000, "operatingIncomeRatio": 0.1354025856, "totalOtherIncomeExpensesNet": -7980000, "incomeBeforeTax": 170454000, "incomeBeforeTaxRatio": 0.1456485888, "incomeTaxExpense": 18367000, "netIncome": 152087000, "netIncomeRatio": 0.1299544565, "eps": 0.44, "epsdiluted": 0.42, "weightedAverageShsOut": 345652273, "weightedAverageShsOutDil": 362111905, "link": "https://www.sec.gov/Archives/edgar/data/1002047/000095013404009447/0000950134-04-009447-index.htm", "finalLink": "https://www.sec.gov/Archives/edgar/data/1002047/000095013404009447/f99909e10vk.htm", "calculatedOtherExpenses": 6267000, "calculatedOperatingExpenses": 546058000, "calculatedNetInterest": 13704000, "calculatedOtherIncome": -1713000, "calculatedIncomeNonControlling": 0, "calculatedEbitda": 217916000}, {"date": "2003-04-25", "symbol": "NTAP", "reportedCurrency": "USD", "cik": "0001002047", "fillingDate": "2003-06-25", "acceptedDate": "2003-06-25 17:17:27", "calendarYear": "2003", "period": "FY", "revenue": 892068000, "costOfRevenue": 345642000, "grossProfit": 546426000, "grossProfitRatio": 0.612538506, "researchAndDevelopmentExpenses": 112863000, "generalAndAdministrativeExpenses": 36822000, "sellingAndMarketingExpenses": 304236000, "sellingGeneralAndAdministrativeExpenses": 344700000, "otherExpenses": 0, "operatingExpenses": 457563000, "costAndExpenses": 803205000, "interestIncome": 12215000, "interestExpense": 0, "depreciationAndAmortization": 57411000, "ebitda": 149537000, "ebitdaratio": 0.1676295977, "operatingIncome": 87606000, "operatingIncomeRatio": 0.098205518, "totalOtherIncomeExpensesNet": -3263000, "incomeBeforeTax": 97815000, "incomeBeforeTaxRatio": 0.1096497128, "incomeTaxExpense": 21343000, "netIncome": 76472000, "netIncomeRatio": 0.0857244067, "eps": 0.23, "epsdiluted": 0.22, "weightedAverageShsOut": 337647000, "weightedAverageShsOutDil": 350122000, "link": "https://www.sec.gov/Archives/edgar/data/1002047/000089161803003272/0000891618-03-003272-index.htm", "finalLink": "https://www.sec.gov/Archives/edgar/data/1002047/000089161803003272/f91038e10vk.htm", "calculatedOtherExpenses": 1257000, "calculatedOperatingExpenses": 458820000, "calculatedNetInterest": 12215000, "calculatedOtherIncome": -2006000, "calculatedIncomeNonControlling": 0, "calculatedEbitda": 145017000}, {"date": "2002-04-26", "symbol": "NTAP", "reportedCurrency": "USD", "cik": "0001002047", "fillingDate": "2002-06-28", "acceptedDate": "2002-06-28 17:28:08", "calendarYear": "2002", "period": "FY", "revenue": 798369000, "costOfRevenue": 317846000, "grossProfit": 480523000, "grossProfitRatio": 0.6018808346, "researchAndDevelopmentExpenses": 116725000, "generalAndAdministrativeExpenses": 40182000, "sellingAndMarketingExpenses": 284355000, "sellingGeneralAndAdministrativeExpenses": 331739000, "otherExpenses": 20895000, "operatingExpenses": 469359000, "costAndExpenses": 787205000, "interestIncome": 0, "interestExpense": 0, "depreciationAndAmortization": 65290000, "ebitda": 101688000, "ebitdaratio": 0.1273696749, "operatingIncome": -1062000, "operatingIncomeRatio": -0.001330212, "totalOtherIncomeExpensesNet": -25234000, "incomeBeforeTax": 2533000, "incomeBeforeTaxRatio": 0.0031727184, "incomeTaxExpense": -500000, "netIncome": 3033000, "netIncomeRatio": 0.0037989952, "eps": 0.01, "epsdiluted": 0.01, "weightedAverageShsOut": 331645000, "weightedAverageShsOutDil": 350498000, "link": "https://www.sec.gov/Archives/edgar/data/1002047/000089161802003053/0000891618-02-003053-index.htm", "finalLink": "https://www.sec.gov/Archives/edgar/data/1002047/000089161802003053/f82586e10vk.htm", "calculatedOtherExpenses": 33121000, "calculatedOperatingExpenses": 481585000, "calculatedNetInterest": 0, "calculatedOtherIncome": 3595000, "calculatedIncomeNonControlling": 0, "calculatedEbitda": 64228000}, {"date": "2001-04-27", "symbol": "NTAP", "reportedCurrency": "USD", "cik": "0001002047", "fillingDate": "2001-07-26", "acceptedDate": "2001-07-26 00:00:00", "calendarYear": "2001", "period": "FY", "revenue": 1006186000, "costOfRevenue": 401707000, "grossProfit": 604479000, "grossProfitRatio": 0.600762682, "researchAndDevelopmentExpenses": 120938000, "generalAndAdministrativeExpenses": 0, "sellingAndMarketingExpenses": 0, "sellingGeneralAndAdministrativeExpenses": 335464000, "otherExpenses": 11732000, "operatingExpenses": 468134000, "costAndExpenses": 869841000, "interestIncome": 0, "interestExpense": 0, "depreciationAndAmortization": 42260000, "ebitda": 204145000, "ebitdaratio": 0.2028899229, "operatingIncome": 109657000, "operatingIncomeRatio": 0.1089828322, "totalOtherIncomeExpensesNet": -25540000, "incomeBeforeTax": 133009000, "incomeBeforeTaxRatio": 0.1321912648, "incomeTaxExpense": 58123000, "netIncome": 74886000, "netIncomeRatio": 0.0744256032, "eps": 0.23, "epsdiluted": 0.21, "weightedAverageShsOut": 320435000, "weightedAverageShsOutDil": 359824000, "link": "https://www.sec.gov/Archives/edgar/data/1002047/000089161801501663/0000891618-01-501663-index.htm", "finalLink": "https://www.sec.gov/Archives/edgar/data/1002047/000089161801501663/f74276e10-k.txt", "calculatedOtherExpenses": 38420000, "calculatedOperatingExpenses": 494822000, "calculatedNetInterest": 0, "calculatedOtherIncome": 23352000, "calculatedIncomeNonControlling": 0, "calculatedEbitda": 151917000}, {"date": "2000-04-28", "symbol": "NTAP", "reportedCurrency": "USD", "cik": "0001002047", "fillingDate": "2000-07-12", "acceptedDate": "2000-07-12 00:00:00", "calendarYear": "2000", "period": "FY", "revenue": 579300000, "costOfRevenue": 235846000, "grossProfit": 343454000, "grossProfitRatio": 0.5928776109, "researchAndDevelopmentExpenses": 62065000, "generalAndAdministrativeExpenses": 0, "sellingAndMarketingExpenses": 0, "sellingGeneralAndAdministrativeExpenses": 176021000, "otherExpenses": 0, "operatingExpenses": 238086000, "costAndExpenses": 473932000, "interestIncome": 0, "interestExpense": 0, "depreciationAndAmortization": 15708000, "ebitda": 122884000, "ebitdaratio": 0.2121249784, "operatingIncome": 105368000, "operatingIncomeRatio": 0.1818884861, "totalOtherIncomeExpensesNet": -1808000, "incomeBeforeTax": 114406000, "incomeBeforeTaxRatio": 0.1974900742, "incomeTaxExpense": 40614000, "netIncome": 73792000, "netIncomeRatio": 0.1273813223, "eps": 0.25, "epsdiluted": 0.21, "weightedAverageShsOut": 299370000, "weightedAverageShsOutDil": 345171000, "link": "https://www.sec.gov/Archives/edgar/data/1002047/000089161800003806/0000891618-00-003806-index.htm", "finalLink": "https://www.sec.gov/Archives/edgar/data/1002047/000089161800003806/e10-k.txt", "calculatedOtherExpenses": 0, "calculatedOperatingExpenses": 238086000, "calculatedNetInterest": 0, "calculatedOtherIncome": 9038000, "calculatedIncomeNonControlling": 0, "calculatedEbitda": 121076000}, {"date": "1999-04-30", "symbol": "NTAP", "reportedCurrency": "USD", "cik": "0001002047", "fillingDate": "1999-07-12", "acceptedDate": "1999-07-12 00:00:00", "calendarYear": "1999", "period": "FY", "revenue": 289420000, "costOfRevenue": 118120000, "grossProfit": 171300000, "grossProfitRatio": 0.591873402, "researchAndDevelopmentExpenses": 30457000, "generalAndAdministrativeExpenses": 0, "sellingAndMarketingExpenses": 0, "sellingGeneralAndAdministrativeExpenses": 85717000, "otherExpenses": 0, "operatingExpenses": 116174000, "costAndExpenses": 234294000, "interestIncome": 0, "interestExpense": 0, "depreciationAndAmortization": 8146000, "ebitda": 64053000, "ebitdaratio": 0.2213150439, "operatingIncome": 55126000, "operatingIncomeRatio": 0.1904705964, "totalOtherIncomeExpensesNet": -781000, "incomeBeforeTax": 56990000, "incomeBeforeTaxRatio": 0.1969110635, "incomeTaxExpense": 21377000, "netIncome": 35613000, "netIncomeRatio": 0.1230495474, "eps": 0.13, "epsdiluted": 0.11, "weightedAverageShsOut": 273740000, "weightedAverageShsOutDil": 311724000, "link": "https://www.sec.gov/Archives/edgar/data/1002047/000089161899003094/0000891618-99-003094-index.html", "finalLink": "https://www.sec.gov/Archives/edgar/data/1002047/000089161899003094/", "calculatedOtherExpenses": 0, "calculatedOperatingExpenses": 116174000, "calculatedNetInterest": 0, "calculatedOtherIncome": 1864000, "calculatedIncomeNonControlling": 0, "calculatedEbitda": 63272000}, {"date": "1998-04-24", "symbol": "NTAP", "reportedCurrency": "USD", "cik": "0001002047", "fillingDate": "1998-07-22", "acceptedDate": "1998-07-22 00:00:00", "calendarYear": "1998", "period": "FY", "revenue": 166163000, "costOfRevenue": 67549000, "grossProfit": 98614000, "grossProfitRatio": 0.593477489, "researchAndDevelopmentExpenses": 16649000, "generalAndAdministrativeExpenses": 0, "sellingAndMarketingExpenses": 0, "sellingGeneralAndAdministrativeExpenses": 49307000, "otherExpenses": 0, "operatingExpenses": 65956000, "costAndExpenses": 133505000, "interestIncome": 0, "interestExpense": 0, "depreciationAndAmortization": 5548000, "ebitda": 38206000, "ebitdaratio": 0.229930851, "operatingIncome": 32658000, "operatingIncomeRatio": 0.1965419498, "totalOtherIncomeExpensesNet": 889000, "incomeBeforeTax": 33547000, "incomeBeforeTaxRatio": 0.201892118, "incomeTaxExpense": 12582000, "netIncome": 20965000, "netIncomeRatio": 0.1261712896, "eps": 0.08, "epsdiluted": 0.0725, "weightedAverageShsOut": 259656000, "weightedAverageShsOutDil": 287608000, "link": "https://www.sec.gov/Archives/edgar/data/1002047/000089161898003420/0000891618-98-003420-index.html", "finalLink": "https://www.sec.gov/Archives/edgar/data/1002047/", "calculatedOtherExpenses": 0, "calculatedOperatingExpenses": 65956000, "calculatedNetInterest": 0, "calculatedOtherIncome": 889000, "calculatedIncomeNonControlling": 0, "calculatedEbitda": 38206000}, {"date": "1997-04-25", "symbol": "NTAP", "reportedCurrency": "USD", "cik": "0001002047", "fillingDate": "1997-07-23", "acceptedDate": "1997-07-23 00:00:00", "calendarYear": "1997", "period": "FY", "revenue": 93333000, "costOfRevenue": 38061000, "grossProfit": 55272000, "grossProfitRatio": 0.592202115, "researchAndDevelopmentExpenses": 8968000, "generalAndAdministrativeExpenses": 0, "sellingAndMarketingExpenses": 0, "sellingGeneralAndAdministrativeExpenses": 28402000, "otherExpenses": 4300000, "operatingExpenses": 41670000, "costAndExpenses": 79731000, "interestIncome": 0, "interestExpense": 0, "depreciationAndAmortization": 2866000, "ebitda": 31287000, "ebitdaratio": 0.3352190544, "operatingIncome": 3083000, "operatingIncomeRatio": 0.0330322608, "totalOtherIncomeExpensesNet": -14819000, "incomeBeforeTax": 4043000, "incomeBeforeTaxRatio": 0.0433180119, "incomeTaxExpense": 3793000, "netIncome": 250000, "netIncomeRatio": 0.002678581, "eps": 0.001, "epsdiluted": 0.0009, "weightedAverageShsOut": 243912000, "weightedAverageShsOutDil": 275216000, "link": "https://www.sec.gov/Archives/edgar/data/1002047/000089161897002988/0000891618-97-002988-index.html", "finalLink": "https://www.sec.gov/Archives/edgar/data/1002047/", "calculatedOtherExpenses": 14819000, "calculatedOperatingExpenses": 52189000, "calculatedNetInterest": 0, "calculatedOtherIncome": 960000, "calculatedIncomeNonControlling": 0, "calculatedEbitda": 5949000}, {"date": "1996-04-26", "symbol": "NTAP", "reportedCurrency": "USD", "cik": "0001002047", "fillingDate": "1996-07-25", "acceptedDate": "1996-07-25 00:00:00", "calendarYear": "1996", "period": "FY", "revenue": 46632000, "costOfRevenue": 20557000, "grossProfit": 26075000, "grossProfitRatio": 0.55916538, "researchAndDevelopmentExpenses": 4762000, "generalAndAdministrativeExpenses": 0, "sellingAndMarketingExpenses": 0, "sellingGeneralAndAdministrativeExpenses": 15313000, "otherExpenses": 0, "operatingExpenses": 20075000, "costAndExpenses": 40632000, "interestIncome": 0, "interestExpense": 0, "depreciationAndAmortization": 1386000, "ebitda": 6718000, "ebitdaratio": 0.1440641619, "operatingIncome": 6000000, "operatingIncomeRatio": 0.1286670098, "totalOtherIncomeExpensesNet": 668000, "incomeBeforeTax": 6668000, "incomeBeforeTaxRatio": 0.1429919369, "incomeTaxExpense": -600000, "netIncome": 6600000, "netIncomeRatio": 0.1415337108, "eps": 0.05, "epsdiluted": 0.03, "weightedAverageShsOut": 143976000, "weightedAverageShsOutDil": 251744000, "link": "https://www.sec.gov/Archives/edgar/data/1002047/000089161896001334/0000891618-96-001334-index.html", "finalLink": "https://www.sec.gov/Archives/edgar/data/1002047/", "calculatedOtherExpenses": 0, "calculatedOperatingExpenses": 20075000, "calculatedNetInterest": 0, "calculatedOtherIncome": 668000, "calculatedIncomeNonControlling": 668000, "calculatedEbitda": 7386000}]}