{"originalCurrency": "USD", "convertedCurrency": "USD", "report": [{"date": "2023-12-31", "symbol": "NTLA", "reportedCurrency": "USD", "cik": "0001652130", "fillingDate": "2024-02-22", "acceptedDate": "2024-02-22 16:02:42", "calendarYear": "2023", "period": "FY", "revenue": 36275000, "costOfRevenue": 8976000, "grossProfit": 27299000, "grossProfitRatio": 0.7525568573, "researchAndDevelopmentExpenses": 435069000, "generalAndAdministrativeExpenses": 116497000, "sellingAndMarketingExpenses": 0, "sellingGeneralAndAdministrativeExpenses": 116497000, "otherExpenses": 0, "operatingExpenses": 551566000, "costAndExpenses": 551566000, "interestIncome": 49832000, "interestExpense": 0, "depreciationAndAmortization": 8976000, "ebitda": -506215000, "ebitdaratio": -13.9549276361, "operatingIncome": -515291000, "operatingIncomeRatio": -14.2051274983, "totalOtherIncomeExpensesNet": -15733000, "incomeBeforeTax": -481192000, "incomeBeforeTaxRatio": -13.2651137147, "incomeTaxExpense": -49732000, "netIncome": -481192000, "netIncomeRatio": -13.2651137147, "eps": -5.42, "epsdiluted": -5.42, "weightedAverageShsOut": 88770000, "weightedAverageShsOutDil": 88770000, "link": "https://www.sec.gov/Archives/edgar/data/1652130/000095017024018736/0000950170-24-018736-index.htm", "finalLink": "https://www.sec.gov/Archives/edgar/data/1652130/000095017024018736/ntla-20231231.htm", "calculatedOtherExpenses": -8976000, "calculatedOperatingExpenses": 542590000, "calculatedNetInterest": 49832000, "calculatedOtherIncome": -15733000, "calculatedIncomeNonControlling": 49732000, "calculatedEbitda": -506315000}, {"date": "2022-12-31", "symbol": "NTLA", "reportedCurrency": "USD", "cik": "0001652130", "fillingDate": "2023-02-23", "acceptedDate": "2023-02-23 16:07:39", "calendarYear": "2022", "period": "FY", "revenue": 52121000, "costOfRevenue": 7572000, "grossProfit": 44549000, "grossProfitRatio": 0.8547226646, "researchAndDevelopmentExpenses": 419979000, "generalAndAdministrativeExpenses": 90306000, "sellingAndMarketingExpenses": 0, "sellingGeneralAndAdministrativeExpenses": 90306000, "otherExpenses": 0, "operatingExpenses": 510285000, "costAndExpenses": 510285000, "interestIncome": 8542000, "interestExpense": 8542000, "depreciationAndAmortization": 13485000, "ebitda": -444679000, "ebitdaratio": -8.5316666986, "operatingIncome": -458164000, "operatingIncomeRatio": -8.7903915888, "totalOtherIncomeExpensesNet": -16022000, "incomeBeforeTax": -474186000, "incomeBeforeTaxRatio": -9.0977916771, "incomeTaxExpense": 16022000, "netIncome": -490208000, "netIncomeRatio": -9.4051917653, "eps": -6.37, "epsdiluted": -6.37, "weightedAverageShsOut": 76972000, "weightedAverageShsOutDil": 76972000, "link": "https://www.sec.gov/Archives/edgar/data/1652130/000095017023004097/0000950170-23-004097-index.htm", "finalLink": "https://www.sec.gov/Archives/edgar/data/1652130/000095017023004097/ntla-20221231.htm", "calculatedOtherExpenses": -7572000, "calculatedOperatingExpenses": 502713000, "calculatedNetInterest": 0, "calculatedOtherIncome": -16022000, "calculatedIncomeNonControlling": 0, "calculatedEbitda": -444679000}, {"date": "2021-12-31", "symbol": "NTLA", "reportedCurrency": "USD", "cik": "0001652130", "fillingDate": "2022-02-24", "acceptedDate": "2022-02-24 16:22:35", "calendarYear": "2021", "period": "FY", "revenue": 33053000, "costOfRevenue": 6891000, "grossProfit": 26162000, "grossProfitRatio": 0.7915166551, "researchAndDevelopmentExpenses": 229807000, "generalAndAdministrativeExpenses": 71096000, "sellingAndMarketingExpenses": 0, "sellingGeneralAndAdministrativeExpenses": 71096000, "otherExpenses": 0, "operatingExpenses": 300903000, "costAndExpenses": 300903000, "interestIncome": 1283000, "interestExpense": 0, "depreciationAndAmortization": 6891000, "ebitda": -267850000, "ebitdaratio": -8.1036517109, "operatingIncome": -267850000, "operatingIncomeRatio": -8.1036517109, "totalOtherIncomeExpensesNet": -42000, "incomeBeforeTax": -267892000, "incomeBeforeTaxRatio": -8.1049223974, "incomeTaxExpense": -8174000, "netIncome": -259718000, "netIncomeRatio": -7.8576226061, "eps": -3.66, "epsdiluted": -3.66, "weightedAverageShsOut": 70894000, "weightedAverageShsOutDil": 70894000, "link": "https://www.sec.gov/Archives/edgar/data/1652130/000095017022001981/0000950170-22-001981-index.htm", "finalLink": "https://www.sec.gov/Archives/edgar/data/1652130/000095017022001981/ntla-20211231.htm", "calculatedOtherExpenses": -6891000, "calculatedOperatingExpenses": 294012000, "calculatedNetInterest": 1283000, "calculatedOtherIncome": -1325000, "calculatedIncomeNonControlling": 0, "calculatedEbitda": -260959000}, {"date": "2020-12-31", "symbol": "NTLA", "reportedCurrency": "USD", "cik": "0001652130", "fillingDate": "2021-02-26", "acceptedDate": "2021-02-25 18:10:26", "calendarYear": "2020", "period": "FY", "revenue": 57994000, "costOfRevenue": 150408000, "grossProfit": -92414000, "grossProfitRatio": -1.5935096734, "researchAndDevelopmentExpenses": 150408000, "generalAndAdministrativeExpenses": 44169000, "sellingAndMarketingExpenses": 0, "sellingGeneralAndAdministrativeExpenses": 44169000, "otherExpenses": 0, "operatingExpenses": 194577000, "costAndExpenses": 194577000, "interestIncome": 2352000, "interestExpense": 0, "depreciationAndAmortization": 6311000, "ebitda": -136583000, "ebitdaratio": -2.3551229438, "operatingIncome": -136583000, "operatingIncomeRatio": -2.3551229438, "totalOtherIncomeExpensesNet": 2352000, "incomeBeforeTax": -134231000, "incomeBeforeTaxRatio": -2.3145670242, "incomeTaxExpense": -8663000, "netIncome": -125568000, "netIncomeRatio": -2.1651895024, "eps": -2.24, "epsdiluted": -2.24, "weightedAverageShsOut": 55987000, "weightedAverageShsOutDil": 55987000, "link": "https://www.sec.gov/Archives/edgar/data/1652130/000156459021009011/0001564590-21-009011-index.htm", "finalLink": "https://www.sec.gov/Archives/edgar/data/1652130/000156459021009011/ntla-10k_20201231.htm", "calculatedOtherExpenses": -150408000, "calculatedOperatingExpenses": 44169000, "calculatedNetInterest": 2352000, "calculatedOtherIncome": 0, "calculatedIncomeNonControlling": 0, "calculatedEbitda": -130272000}, {"date": "2019-12-31", "symbol": "NTLA", "reportedCurrency": "USD", "cik": "0001652130", "fillingDate": "2020-02-27", "acceptedDate": "2020-02-27 16:34:29", "calendarYear": "2019", "period": "FY", "revenue": 43103000, "costOfRevenue": 108413000, "grossProfit": -65310000, "grossProfitRatio": -1.5152077582, "researchAndDevelopmentExpenses": 108413000, "generalAndAdministrativeExpenses": 41058000, "sellingAndMarketingExpenses": 0, "sellingGeneralAndAdministrativeExpenses": 41058000, "otherExpenses": 0, "operatingExpenses": 149471000, "costAndExpenses": 149471000, "interestIncome": 6835000, "interestExpense": 0, "depreciationAndAmortization": 5587000, "ebitda": -100781000, "ebitdaratio": -2.3381435167, "operatingIncome": -106368000, "operatingIncomeRatio": -2.4677632647, "totalOtherIncomeExpensesNet": 6835000, "incomeBeforeTax": -99533000, "incomeBeforeTaxRatio": -2.3091896156, "incomeTaxExpense": -6835000, "netIncome": -92698000, "netIncomeRatio": -2.1506159664, "eps": -1.96, "epsdiluted": -1.96, "weightedAverageShsOut": 47247000, "weightedAverageShsOutDil": 47247000, "link": "https://www.sec.gov/Archives/edgar/data/1652130/000156459020007409/0001564590-20-007409-index.htm", "finalLink": "https://www.sec.gov/Archives/edgar/data/1652130/000156459020007409/ntla-10k_20191231.htm", "calculatedOtherExpenses": -108413000, "calculatedOperatingExpenses": 41058000, "calculatedNetInterest": 6835000, "calculatedOtherIncome": 0, "calculatedIncomeNonControlling": 0, "calculatedEbitda": -100781000}, {"date": "2018-12-31", "symbol": "NTLA", "reportedCurrency": "USD", "cik": "0001652130", "fillingDate": "2019-02-27", "acceptedDate": "2019-02-27 08:23:27", "calendarYear": "2018", "period": "FY", "revenue": 30434000, "costOfRevenue": 0, "grossProfit": 30434000, "grossProfitRatio": 1, "researchAndDevelopmentExpenses": 89115000, "generalAndAdministrativeExpenses": 32189000, "sellingAndMarketingExpenses": 0, "sellingGeneralAndAdministrativeExpenses": 32189000, "otherExpenses": 0, "operatingExpenses": 121304000, "costAndExpenses": 121304000, "interestIncome": 5527000, "interestExpense": 0, "depreciationAndAmortization": 4464000, "ebitda": -90870000, "ebitdaratio": -2.9858053493, "operatingIncome": -90870000, "operatingIncomeRatio": -2.9858053493, "totalOtherIncomeExpensesNet": 5527000, "incomeBeforeTax": -85343000, "incomeBeforeTaxRatio": -2.8041992508, "incomeTaxExpense": 5527000, "netIncome": -85343000, "netIncomeRatio": -2.8041992508, "eps": -1.98, "epsdiluted": -1.98, "weightedAverageShsOut": 43069000, "weightedAverageShsOutDil": 43069000, "link": "https://www.sec.gov/Archives/edgar/data/1652130/000156459019004680/0001564590-19-004680-index.htm", "finalLink": "https://www.sec.gov/Archives/edgar/data/1652130/000156459019004680/ntla-10k_20181231.htm", "calculatedOtherExpenses": 0, "calculatedOperatingExpenses": 121304000, "calculatedNetInterest": 5527000, "calculatedOtherIncome": 0, "calculatedIncomeNonControlling": -5527000, "calculatedEbitda": -86406000}, {"date": "2017-12-31", "symbol": "NTLA", "reportedCurrency": "USD", "cik": "0001652130", "fillingDate": "2018-03-14", "acceptedDate": "2018-03-14 08:04:24", "calendarYear": "2017", "period": "FY", "revenue": 26117000, "costOfRevenue": 0, "grossProfit": 26117000, "grossProfitRatio": 1, "researchAndDevelopmentExpenses": 67647000, "generalAndAdministrativeExpenses": 28025000, "sellingAndMarketingExpenses": 0, "sellingGeneralAndAdministrativeExpenses": 28025000, "otherExpenses": 0, "operatingExpenses": 95672000, "costAndExpenses": 95672000, "interestIncome": 2012000, "interestExpense": 0, "depreciationAndAmortization": 2994000, "ebitda": -69555000, "ebitdaratio": -2.6632078723, "operatingIncome": -69555000, "operatingIncomeRatio": -2.6632078723, "totalOtherIncomeExpensesNet": 2012000, "incomeBeforeTax": -67543000, "incomeBeforeTaxRatio": -2.5861699276, "incomeTaxExpense": -2994000, "netIncome": -67543000, "netIncomeRatio": -2.5861699276, "eps": -1.88, "epsdiluted": -1.88, "weightedAverageShsOut": 36006000, "weightedAverageShsOutDil": 36006000, "link": "https://www.sec.gov/Archives/edgar/data/1652130/000156459018005544/0001564590-18-005544-index.htm", "finalLink": "https://www.sec.gov/Archives/edgar/data/1652130/000156459018005544/ntla-10k_20171231.htm", "calculatedOtherExpenses": 0, "calculatedOperatingExpenses": 95672000, "calculatedNetInterest": 2012000, "calculatedOtherIncome": 0, "calculatedIncomeNonControlling": 2994000, "calculatedEbitda": -66561000}, {"date": "2016-12-31", "symbol": "NTLA", "reportedCurrency": "USD", "cik": "0001652130", "fillingDate": "2017-03-14", "acceptedDate": "2017-03-14 17:30:06", "calendarYear": "2016", "period": "FY", "revenue": 16479000, "costOfRevenue": 0, "grossProfit": 16479000, "grossProfitRatio": 1, "researchAndDevelopmentExpenses": 31840000, "generalAndAdministrativeExpenses": 16798000, "sellingAndMarketingExpenses": 0, "sellingGeneralAndAdministrativeExpenses": 16798000, "otherExpenses": 0, "operatingExpenses": 48638000, "costAndExpenses": 48638000, "interestIncome": 525000, "interestExpense": 0, "depreciationAndAmortization": 1104000, "ebitda": -32159000, "ebitdaratio": -1.9515140482, "operatingIncome": -32159000, "operatingIncomeRatio": -1.9515140482, "totalOtherIncomeExpensesNet": 525000, "incomeBeforeTax": -31634000, "incomeBeforeTaxRatio": -1.9196553189, "incomeTaxExpense": -1104000, "netIncome": -31634000, "netIncomeRatio": -1.9196553189, "eps": -1.42, "epsdiluted": -1.42, "weightedAverageShsOut": 22222000, "weightedAverageShsOutDil": 22222000, "link": "https://www.sec.gov/Archives/edgar/data/1652130/000119312517082186/0001193125-17-082186-index.htm", "finalLink": "https://www.sec.gov/Archives/edgar/data/1652130/000119312517082186/d284545d10k.htm", "calculatedOtherExpenses": 0, "calculatedOperatingExpenses": 48638000, "calculatedNetInterest": 525000, "calculatedOtherIncome": 0, "calculatedIncomeNonControlling": 1104000, "calculatedEbitda": -31055000}, {"date": "2015-12-31", "symbol": "NTLA", "reportedCurrency": "USD", "cik": "0001652130", "fillingDate": "2015-12-31", "acceptedDate": "2015-12-31 00:00:00", "calendarYear": "2015", "period": "FY", "revenue": 6044000, "costOfRevenue": 0, "grossProfit": 6044000, "grossProfitRatio": 1, "researchAndDevelopmentExpenses": 11170000, "generalAndAdministrativeExpenses": 8283000, "sellingAndMarketingExpenses": 0, "sellingGeneralAndAdministrativeExpenses": 8283000, "otherExpenses": 0, "operatingExpenses": 19453000, "costAndExpenses": 19453000, "interestIncome": 0, "interestExpense": 0, "depreciationAndAmortization": 328000, "ebitda": -13081000, "ebitdaratio": -2.1642951688, "operatingIncome": -13409000, "operatingIncomeRatio": -2.218563865, "totalOtherIncomeExpensesNet": 0, "incomeBeforeTax": -13409000, "incomeBeforeTaxRatio": -2.218563865, "incomeTaxExpense": -1012000, "netIncome": -12397000, "netIncomeRatio": -2.0511250827, "eps": -0.7, "epsdiluted": -0.7, "weightedAverageShsOut": 17664000, "weightedAverageShsOutDil": 17664000, "link": null, "finalLink": null, "calculatedOtherExpenses": 0, "calculatedOperatingExpenses": 19453000, "calculatedNetInterest": 0, "calculatedOtherIncome": 0, "calculatedIncomeNonControlling": 0, "calculatedEbitda": -13081000}]}