{"originalCurrency": "USD", "convertedCurrency": "USD", "report": [{"date": "2023-07-31", "symbol": "NTNX", "reportedCurrency": "USD", "cik": "0001618732", "fillingDate": "2023-09-21", "acceptedDate": "2023-09-21 16:11:31", "calendarYear": "2023", "period": "FY", "revenue": 1862895000, "costOfRevenue": 332187000, "grossProfit": 1530708000, "grossProfitRatio": 0.8216823815, "researchAndDevelopmentExpenses": 580961000, "generalAndAdministrativeExpenses": 232201000, "sellingAndMarketingExpenses": 924696000, "sellingGeneralAndAdministrativeExpenses": 1156897000, "otherExpenses": -26435000, "operatingExpenses": 1737858000, "costAndExpenses": 2070045000, "interestIncome": 38427000, "interestExpense": 64113000, "depreciationAndAmortization": 76388000, "ebitda": -130762000, "ebitdaratio": -0.0701928987, "operatingIncome": -207150000, "operatingIncomeRatio": -0.1111978936, "totalOtherIncomeExpensesNet": -26435000, "incomeBeforeTax": -233585000, "incomeBeforeTaxRatio": -0.1253881727, "incomeTaxExpense": 20975000, "netIncome": -254560000, "netIncomeRatio": -0.1366475298, "eps": -1.09, "epsdiluted": -1.09, "weightedAverageShsOut": 233247000, "weightedAverageShsOutDil": 233247000, "link": "https://www.sec.gov/Archives/edgar/data/1618732/000095017023049179/0000950170-23-049179-index.htm", "finalLink": "https://www.sec.gov/Archives/edgar/data/1618732/000095017023049179/ntnx-20230731.htm", "calculatedOtherExpenses": 0, "calculatedOperatingExpenses": 1737858000, "calculatedNetInterest": -25686000, "calculatedOtherIncome": -749000, "calculatedIncomeNonControlling": 0, "calculatedEbitda": -130762000}, {"date": "2022-07-31", "symbol": "NTNX", "reportedCurrency": "USD", "cik": "0001618732", "fillingDate": "2022-09-21", "acceptedDate": "2022-09-21 16:28:32", "calendarYear": "2022", "period": "FY", "revenue": 1580796000, "costOfRevenue": 321156000, "grossProfit": 1259640000, "grossProfitRatio": 0.7968390608, "researchAndDevelopmentExpenses": 571962000, "generalAndAdministrativeExpenses": 166418000, "sellingAndMarketingExpenses": 978704000, "sellingGeneralAndAdministrativeExpenses": 1145122000, "otherExpenses": -320830000, "operatingExpenses": 1717084000, "costAndExpenses": 2038240000, "interestIncome": 4765000, "interestExpense": 60734000, "depreciationAndAmortization": 87952000, "ebitda": -369492000, "ebitdaratio": -0.2337379396, "operatingIncome": -457444000, "operatingIncomeRatio": -0.2893757322, "totalOtherIncomeExpensesNet": -320830000, "incomeBeforeTax": -778274000, "incomeBeforeTaxRatio": -0.4923304462, "incomeTaxExpense": 19264000, "netIncome": -797538000, "netIncomeRatio": -0.5045167118, "eps": -3.62, "epsdiluted": -3.62, "weightedAverageShsOut": 220529000, "weightedAverageShsOutDil": 220529000, "link": "https://www.sec.gov/Archives/edgar/data/1618732/000095017022018732/0000950170-22-018732-index.htm", "finalLink": "https://www.sec.gov/Archives/edgar/data/1618732/000095017022018732/ntnx-20220731.htm", "calculatedOtherExpenses": 0, "calculatedOperatingExpenses": 1717084000, "calculatedNetInterest": -55969000, "calculatedOtherIncome": -264861000, "calculatedIncomeNonControlling": 0, "calculatedEbitda": -369492000}, {"date": "2021-07-31", "symbol": "NTNX", "reportedCurrency": "USD", "cik": "0001618732", "fillingDate": "2021-09-21", "acceptedDate": "2021-09-21 16:41:41", "calendarYear": "2021", "period": "FY", "revenue": 1394364000, "costOfRevenue": 291906000, "grossProfit": 1102458000, "grossProfitRatio": 0.7906529428, "researchAndDevelopmentExpenses": 556950000, "generalAndAdministrativeExpenses": 153782000, "sellingAndMarketingExpenses": 1052508000, "sellingGeneralAndAdministrativeExpenses": 1206290000, "otherExpenses": -354991000, "operatingExpenses": 1763240000, "costAndExpenses": 2055146000, "interestIncome": 4067000, "interestExpense": 79932000, "depreciationAndAmortization": 94373000, "ebitda": -566409000, "ebitdaratio": -0.4062131552, "operatingIncome": -660782000, "operatingIncomeRatio": -0.4738949084, "totalOtherIncomeExpensesNet": -354991000, "incomeBeforeTax": -1015773000, "incomeBeforeTaxRatio": -0.7284848146, "incomeTaxExpense": 18487000, "netIncome": -1034260000, "netIncomeRatio": -0.741743189, "eps": -5.01, "epsdiluted": -5.01, "weightedAverageShsOut": 206475000, "weightedAverageShsOutDil": 206475000, "link": "https://www.sec.gov/Archives/edgar/data/1618732/000095017021001852/0000950170-21-001852-index.htm", "finalLink": "https://www.sec.gov/Archives/edgar/data/1618732/000095017021001852/ntnx-20210731.htm", "calculatedOtherExpenses": 0, "calculatedOperatingExpenses": 1763240000, "calculatedNetInterest": -75865000, "calculatedOtherIncome": -279126000, "calculatedIncomeNonControlling": 0, "calculatedEbitda": -566409000}, {"date": "2020-07-31", "symbol": "NTNX", "reportedCurrency": "USD", "cik": "0001618732", "fillingDate": "2020-09-23", "acceptedDate": "2020-09-23 16:35:42", "calendarYear": "2020", "period": "FY", "revenue": 1307682000, "costOfRevenue": 286689000, "grossProfit": 1020993000, "grossProfitRatio": 0.7807655072, "researchAndDevelopmentExpenses": 553978000, "generalAndAdministrativeExpenses": 135547000, "sellingAndMarketingExpenses": 1160389000, "sellingGeneralAndAdministrativeExpenses": 1295936000, "otherExpenses": -26300000, "operatingExpenses": 1849914000, "costAndExpenses": 2136603000, "interestIncome": 13453000, "interestExpense": 31312000, "depreciationAndAmortization": 93773000, "ebitda": -735148000, "ebitdaratio": -0.5621764313, "operatingIncome": -828921000, "operatingIncomeRatio": -0.6338857612, "totalOtherIncomeExpensesNet": -26300000, "incomeBeforeTax": -855221000, "incomeBeforeTaxRatio": -0.6539976845, "incomeTaxExpense": 17662000, "netIncome": -872883000, "netIncomeRatio": -0.6675040262, "eps": -4.48, "epsdiluted": -4.48, "weightedAverageShsOut": 194719000, "weightedAverageShsOutDil": 194719000, "link": "https://www.sec.gov/Archives/edgar/data/1618732/000161873220000112/0001618732-20-000112-index.htm", "finalLink": "https://www.sec.gov/Archives/edgar/data/1618732/000161873220000112/ntnx-20200731.htm", "calculatedOtherExpenses": 0, "calculatedOperatingExpenses": 1849914000, "calculatedNetInterest": -17859000, "calculatedOtherIncome": -8441000, "calculatedIncomeNonControlling": 0, "calculatedEbitda": -735148000}, {"date": "2019-07-31", "symbol": "NTNX", "reportedCurrency": "USD", "cik": "0001618732", "fillingDate": "2019-09-24", "acceptedDate": "2019-09-24 16:18:58", "calendarYear": "2019", "period": "FY", "revenue": 1236143000, "costOfRevenue": 304128000, "grossProfit": 932015000, "grossProfitRatio": 0.7539702122, "researchAndDevelopmentExpenses": 500719000, "generalAndAdministrativeExpenses": 119587000, "sellingAndMarketingExpenses": 909750000, "sellingGeneralAndAdministrativeExpenses": 1029337000, "otherExpenses": -15019000, "operatingExpenses": 1530056000, "costAndExpenses": 1834184000, "interestIncome": 11967000, "interestExpense": 29313000, "depreciationAndAmortization": 77612000, "ebitda": -520429000, "ebitdaratio": -0.4210103524, "operatingIncome": -598041000, "operatingIncomeRatio": -0.4837959686, "totalOtherIncomeExpensesNet": -15019000, "incomeBeforeTax": -613060000, "incomeBeforeTaxRatio": -0.4959458574, "incomeTaxExpense": 8119000, "netIncome": -621179000, "netIncomeRatio": -0.5025138677, "eps": -3.43, "epsdiluted": -3.43, "weightedAverageShsOut": 181030964, "weightedAverageShsOutDil": 181030964, "link": "https://www.sec.gov/Archives/edgar/data/1618732/000161873219000114/0001618732-19-000114-index.htm", "finalLink": "https://www.sec.gov/Archives/edgar/data/1618732/000161873219000114/ntnx-07312019x10kxq419.htm", "calculatedOtherExpenses": 0, "calculatedOperatingExpenses": 1530056000, "calculatedNetInterest": -17346000, "calculatedOtherIncome": 2327000, "calculatedIncomeNonControlling": 0, "calculatedEbitda": -520429000}, {"date": "2018-07-31", "symbol": "NTNX", "reportedCurrency": "USD", "cik": "0001618732", "fillingDate": "2018-09-24", "acceptedDate": "2018-09-21 20:03:34", "calendarYear": "2018", "period": "FY", "revenue": 1155457000, "costOfRevenue": 386030000, "grossProfit": 769427000, "grossProfitRatio": 0.6659070827, "researchAndDevelopmentExpenses": 313777000, "generalAndAdministrativeExpenses": 86401000, "sellingAndMarketingExpenses": 649657000, "sellingGeneralAndAdministrativeExpenses": 736058000, "otherExpenses": -9306000, "operatingExpenses": 1049835000, "costAndExpenses": 1435865000, "interestIncome": 0, "interestExpense": 0, "depreciationAndAmortization": 50302000, "ebitda": -230106000, "ebitdaratio": -0.1991471773, "operatingIncome": -280408000, "operatingIncomeRatio": -0.2426814672, "totalOtherIncomeExpensesNet": -9306000, "incomeBeforeTax": -289714000, "incomeBeforeTaxRatio": -0.2507354233, "incomeTaxExpense": 7447000, "netIncome": -297161000, "netIncomeRatio": -0.2571804922, "eps": -1.81, "epsdiluted": -1.81, "weightedAverageShsOut": 164091000, "weightedAverageShsOutDil": 164091000, "link": "https://www.sec.gov/Archives/edgar/data/1618732/000161873218000131/0001618732-18-000131-index.htm", "finalLink": "https://www.sec.gov/Archives/edgar/data/1618732/000161873218000131/ntnx-07312018x10kxq4x18.htm", "calculatedOtherExpenses": 0, "calculatedOperatingExpenses": 1049835000, "calculatedNetInterest": 0, "calculatedOtherIncome": -9306000, "calculatedIncomeNonControlling": 0, "calculatedEbitda": -230106000}, {"date": "2017-07-31", "symbol": "NTNX", "reportedCurrency": "USD", "cik": "0001618732", "fillingDate": "2017-09-18", "acceptedDate": "2017-09-18 17:26:36", "calendarYear": "2017", "period": "FY", "revenue": 766869000, "costOfRevenue": 327331000, "grossProfit": 439538000, "grossProfitRatio": 0.5731591706, "researchAndDevelopmentExpenses": 288619000, "generalAndAdministrativeExpenses": 77341000, "sellingAndMarketingExpenses": 500529000, "sellingGeneralAndAdministrativeExpenses": 577870000, "otherExpenses": -26377000, "operatingExpenses": 866489000, "costAndExpenses": 1193820000, "interestIncome": 0, "interestExpense": 0, "depreciationAndAmortization": 38399000, "ebitda": -388552000, "ebitdaratio": -0.5066732388, "operatingIncome": -426951000, "operatingIncomeRatio": -0.5567456762, "totalOtherIncomeExpensesNet": -26377000, "incomeBeforeTax": -453328000, "incomeBeforeTaxRatio": -0.5911413814, "incomeTaxExpense": 4683000, "netIncome": -458011000, "netIncomeRatio": -0.5972480306, "eps": -3.57, "epsdiluted": -3.57, "weightedAverageShsOut": 128295562, "weightedAverageShsOutDil": 128295563, "link": "https://www.sec.gov/Archives/edgar/data/1618732/000161873217000123/0001618732-17-000123-index.htm", "finalLink": "https://www.sec.gov/Archives/edgar/data/1618732/000161873217000123/ntnx-07312017x10k.htm", "calculatedOtherExpenses": 0, "calculatedOperatingExpenses": 866489000, "calculatedNetInterest": 0, "calculatedOtherIncome": -26377000, "calculatedIncomeNonControlling": 0, "calculatedEbitda": -388552000}, {"date": "2016-07-31", "symbol": "NTNX", "reportedCurrency": "USD", "cik": "0001618732", "fillingDate": "2016-07-31", "acceptedDate": "2016-07-30 20:00:00", "calendarYear": "2016", "period": "FY", "revenue": 444928000, "costOfRevenue": 170787000, "grossProfit": 274141000, "grossProfitRatio": 0.6161468822, "researchAndDevelopmentExpenses": 116400000, "generalAndAdministrativeExpenses": 34265000, "sellingAndMarketingExpenses": 288493000, "sellingGeneralAndAdministrativeExpenses": 322758000, "otherExpenses": -1290000, "operatingExpenses": 439158000, "costAndExpenses": 609945000, "interestIncome": 0, "interestExpense": 0, "depreciationAndAmortization": 26408000, "ebitda": -138609000, "ebitdaratio": -0.3115313039, "operatingIncome": -165017000, "operatingIncomeRatio": -0.3708847274, "totalOtherIncomeExpensesNet": -1290000, "incomeBeforeTax": -166307000, "incomeBeforeTaxRatio": -0.3737840729, "incomeTaxExpense": 2192000, "netIncome": -168499000, "netIncomeRatio": -0.3787107127, "eps": -1.24, "epsdiluted": -1.24, "weightedAverageShsOut": 136403162, "weightedAverageShsOutDil": 136403162, "link": "", "finalLink": "", "calculatedOtherExpenses": 0, "calculatedOperatingExpenses": 439158000, "calculatedNetInterest": 0, "calculatedOtherIncome": -1290000, "calculatedIncomeNonControlling": 0, "calculatedEbitda": -138609000}, {"date": "2015-07-31", "symbol": "NTNX", "reportedCurrency": "USD", "cik": "0001618732", "fillingDate": "2015-07-31", "acceptedDate": "2015-07-30 20:00:00", "calendarYear": "2015", "period": "FY", "revenue": 241432000, "costOfRevenue": 100959000, "grossProfit": 140473000, "grossProfitRatio": 0.5818325657, "researchAndDevelopmentExpenses": 73510000, "generalAndAdministrativeExpenses": 23899000, "sellingAndMarketingExpenses": 161829000, "sellingGeneralAndAdministrativeExpenses": 185728000, "otherExpenses": -5818000, "operatingExpenses": 259238000, "costAndExpenses": 360197000, "interestIncome": 0, "interestExpense": 0, "depreciationAndAmortization": 16567000, "ebitda": -102198000, "ebitdaratio": -0.4232993141, "operatingIncome": -118765000, "operatingIncomeRatio": -0.4919190497, "totalOtherIncomeExpensesNet": -5818000, "incomeBeforeTax": -124583000, "incomeBeforeTaxRatio": -0.5160169323, "incomeTaxExpense": 1544000, "netIncome": -126127000, "netIncomeRatio": -0.5224121078, "eps": -1.05, "epsdiluted": -1.05, "weightedAverageShsOut": 120289892, "weightedAverageShsOutDil": 120289892, "link": "", "finalLink": "", "calculatedOtherExpenses": 0, "calculatedOperatingExpenses": 259238000, "calculatedNetInterest": 0, "calculatedOtherIncome": -5818000, "calculatedIncomeNonControlling": 0, "calculatedEbitda": -102198000}, {"date": "2014-07-31", "symbol": "NTNX", "reportedCurrency": "USD", "cik": "0001618732", "fillingDate": "2014-07-31", "acceptedDate": "2014-07-30 20:00:00", "calendarYear": "2014", "period": "FY", "revenue": 127127000, "costOfRevenue": 60912000, "grossProfit": 66215000, "grossProfitRatio": 0.5208570957, "researchAndDevelopmentExpenses": 38037000, "generalAndAdministrativeExpenses": 13496000, "sellingAndMarketingExpenses": 93001000, "sellingGeneralAndAdministrativeExpenses": 106497000, "otherExpenses": -5076000, "operatingExpenses": 144534000, "costAndExpenses": 205446000, "interestIncome": 0, "interestExpense": 0, "depreciationAndAmortization": 11582000, "ebitda": -66737000, "ebitdaratio": -0.5249632258, "operatingIncome": -78319000, "operatingIncomeRatio": -0.6160689704, "totalOtherIncomeExpensesNet": -5076000, "incomeBeforeTax": -83395000, "incomeBeforeTaxRatio": -0.6559975458, "incomeTaxExpense": 608000, "netIncome": -84003000, "netIncomeRatio": -0.6607801647, "eps": -0.7, "epsdiluted": -0.7, "weightedAverageShsOut": 120289892, "weightedAverageShsOutDil": 120289892, "link": "", "finalLink": "", "calculatedOtherExpenses": 0, "calculatedOperatingExpenses": 144534000, "calculatedNetInterest": 0, "calculatedOtherIncome": -5076000, "calculatedIncomeNonControlling": 0, "calculatedEbitda": -66737000}, {"date": "2013-07-31", "symbol": "NTNX", "reportedCurrency": "USD", "cik": "0001618732", "fillingDate": "2013-07-31", "acceptedDate": "2013-07-30 20:00:00", "calendarYear": "2013", "period": "FY", "revenue": 30533000, "costOfRevenue": 26604000, "grossProfit": 3929000, "grossProfitRatio": 0.1286804441, "researchAndDevelopmentExpenses": 16496000, "generalAndAdministrativeExpenses": 4833000, "sellingAndMarketingExpenses": 27200000, "sellingGeneralAndAdministrativeExpenses": 32033000, "otherExpenses": -54000, "operatingExpenses": 48529000, "costAndExpenses": 75133000, "interestIncome": 0, "interestExpense": 0, "depreciationAndAmortization": 2626000, "ebitda": -41974000, "ebitdaratio": -1.3747093309, "operatingIncome": -44600000, "operatingIncomeRatio": -1.4607146366, "totalOtherIncomeExpensesNet": -54000, "incomeBeforeTax": -44654000, "incomeBeforeTaxRatio": -1.4624832149, "incomeTaxExpense": 80000, "netIncome": -44734000, "netIncomeRatio": -1.4651033308, "eps": -0.37, "epsdiluted": -0.37, "weightedAverageShsOut": 120289892, "weightedAverageShsOutDil": 120289892, "link": "", "finalLink": "", "calculatedOtherExpenses": 0, "calculatedOperatingExpenses": 48529000, "calculatedNetInterest": 0, "calculatedOtherIncome": -54000, "calculatedIncomeNonControlling": 0, "calculatedEbitda": -41974000}]}