{"originalCurrency": "USD", "convertedCurrency": "USD", "report": [{"date": "2023-12-31", "symbol": "NTR", "reportedCurrency": "USD", "cik": "0001725964", "fillingDate": "2023-12-31", "acceptedDate": "2023-12-29 19:00:00", "calendarYear": "2023", "period": "FY", "revenue": 29588852610, "costOfRevenue": 21787358948, "grossProfit": 7801493662, "grossProfitRatio": 0.2636632709, "researchAndDevelopmentExpenses": 114000000, "generalAndAdministrativeExpenses": 667000000, "sellingAndMarketingExpenses": 3397000000, "sellingGeneralAndAdministrativeExpenses": 3344224668, "otherExpenses": -562123022, "operatingExpenses": 3906347691, "costAndExpenses": 25693706643, "interestIncome": 35641858, "interestExpense": 876789719, "depreciationAndAmortization": 2242382070, "ebitda": 6137528047, "ebitdaratio": 0.2074270377, "operatingIncome": 3895145974, "operatingIncomeRatio": 0.131642346, "totalOtherIncomeExpensesNet": -2010200827, "incomeBeforeTax": 1884945146, "incomeBeforeTaxRatio": 0.0637045705, "incomeTaxExpense": 682287006, "netIncome": 1258000000, "netIncomeRatio": 0.0425160116, "eps": 2.58, "epsdiluted": 2.58, "weightedAverageShsOut": 496381000, "weightedAverageShsOutDil": 496994000, "link": null, "finalLink": null, "calculatedOtherExpenses": 448123020, "calculatedOperatingExpenses": 3906347688, "calculatedNetInterest": -841147861, "calculatedOtherIncome": -1169052967, "calculatedIncomeNonControlling": -55341860, "calculatedEbitda": 6137528044}, {"date": "2022-12-31", "symbol": "NTR", "reportedCurrency": "USD", "cik": "0001725964", "fillingDate": "2022-12-31", "acceptedDate": "2022-12-30 19:00:00", "calendarYear": "2022", "period": "FY", "revenue": 37884000000, "costOfRevenue": 22460000000, "grossProfit": 15424000000, "grossProfitRatio": 0.4071375779, "researchAndDevelopmentExpenses": 122000000, "generalAndAdministrativeExpenses": 657000000, "sellingAndMarketingExpenses": 3414000000, "sellingGeneralAndAdministrativeExpenses": 4071000000, "otherExpenses": 1178000000, "operatingExpenses": 5249000000, "costAndExpenses": 27709000000, "interestIncome": 25000000, "interestExpense": 492000000, "depreciationAndAmortization": 1260000000, "ebitda": 12069000000, "ebitdaratio": 0.3185777637, "operatingIncome": 10809000000, "operatingIncomeRatio": 0.2853183402, "totalOtherIncomeExpensesNet": -563000000, "incomeBeforeTax": 10246000000, "incomeBeforeTaxRatio": 0.2704571851, "incomeTaxExpense": 2559000000, "netIncome": 7660000000, "netIncomeRatio": 0.2021961778, "eps": 13.66, "epsdiluted": 13.62, "weightedAverageShsOut": 538475000, "weightedAverageShsOutDil": 540010000, "link": "", "finalLink": "", "calculatedOtherExpenses": 422000000, "calculatedOperatingExpenses": 4615000000, "calculatedNetInterest": -467000000, "calculatedOtherIncome": -96000000, "calculatedIncomeNonControlling": 27000000, "calculatedEbitda": 12069000000}, {"date": "2021-12-31", "symbol": "NTR", "reportedCurrency": "USD", "cik": "0001725964", "fillingDate": "2021-12-31", "acceptedDate": "2021-12-31 00:00:00", "calendarYear": "2021", "period": "FY", "revenue": 27712000000, "costOfRevenue": 18303000000, "grossProfit": 9409000000, "grossProfitRatio": 0.3395280023, "researchAndDevelopmentExpenses": 69000000, "generalAndAdministrativeExpenses": 675000000, "sellingAndMarketingExpenses": 3142000000, "sellingGeneralAndAdministrativeExpenses": 3817000000, "otherExpenses": 457000000, "operatingExpenses": 4274000000, "costAndExpenses": 22577000000, "interestIncome": 8000000, "interestExpense": 488000000, "depreciationAndAmortization": 2157000000, "ebitda": 6938000000, "ebitdaratio": 0.2503608545, "operatingIncome": 4781000000, "operatingIncomeRatio": 0.1725245381, "totalOtherIncomeExpensesNet": -613000000, "incomeBeforeTax": 4168000000, "incomeBeforeTaxRatio": 0.150404157, "incomeTaxExpense": 989000000, "netIncome": 3153000000, "netIncomeRatio": 0.1137774249, "eps": 5.49, "epsdiluted": 5.47, "weightedAverageShsOut": 569664000, "weightedAverageShsOutDil": 571289000, "link": null, "finalLink": null, "calculatedOtherExpenses": 742000000, "calculatedOperatingExpenses": 4628000000, "calculatedNetInterest": -480000000, "calculatedOtherIncome": -133000000, "calculatedIncomeNonControlling": 26000000, "calculatedEbitda": 6938000000}, {"date": "2020-12-31", "symbol": "NTR", "reportedCurrency": "USD", "cik": "0001725964", "fillingDate": "2020-12-31", "acceptedDate": "2020-12-31 00:00:00", "calendarYear": "2020", "period": "FY", "revenue": 20908000000, "costOfRevenue": 15669000000, "grossProfit": 5239000000, "grossProfitRatio": 0.250573943, "researchAndDevelopmentExpenses": 39000000, "generalAndAdministrativeExpenses": 498000000, "sellingAndMarketingExpenses": 2813000000, "sellingGeneralAndAdministrativeExpenses": 3311000000, "otherExpenses": 204000000, "operatingExpenses": 3515000000, "costAndExpenses": 19184000000, "interestIncome": 1000000, "interestExpense": 520000000, "depreciationAndAmortization": 1989000000, "ebitda": 3603000000, "ebitdaratio": 0.1723263822, "operatingIncome": 1614000000, "operatingIncomeRatio": 0.0771953319, "totalOtherIncomeExpensesNet": -1232000000, "incomeBeforeTax": 382000000, "incomeBeforeTaxRatio": 0.0182705185, "incomeTaxExpense": -77000000, "netIncome": 459000000, "netIncomeRatio": 0.0219533193, "eps": 0.85, "epsdiluted": 0.85, "weightedAverageShsOut": 569657000, "weightedAverageShsOutDil": 569686000, "link": null, "finalLink": null, "calculatedOtherExpenses": 275000000, "calculatedOperatingExpenses": 3625000000, "calculatedNetInterest": -519000000, "calculatedOtherIncome": -713000000, "calculatedIncomeNonControlling": 0, "calculatedEbitda": 3603000000}, {"date": "2019-12-31", "symbol": "NTR", "reportedCurrency": "USD", "cik": "0001725964", "fillingDate": "2019-12-31", "acceptedDate": "2019-12-31 00:00:00", "calendarYear": "2019", "period": "FY", "revenue": 20023000000, "costOfRevenue": 14582000000, "grossProfit": 5441000000, "grossProfitRatio": 0.2717375019, "researchAndDevelopmentExpenses": 15000000, "generalAndAdministrativeExpenses": 508000000, "sellingAndMarketingExpenses": 2505000000, "sellingGeneralAndAdministrativeExpenses": 3013000000, "otherExpenses": 346000000, "operatingExpenses": 3359000000, "costAndExpenses": 17941000000, "interestIncome": 5000000, "interestExpense": 505000000, "depreciationAndAmortization": 2034000000, "ebitda": 3896000000, "ebitdaratio": 0.1945762373, "operatingIncome": 1862000000, "operatingIncomeRatio": 0.092993058, "totalOtherIncomeExpensesNet": -554000000, "incomeBeforeTax": 1308000000, "incomeBeforeTaxRatio": 0.0653248764, "incomeTaxExpense": 316000000, "netIncome": 992000000, "netIncomeRatio": 0.0495430255, "eps": 1.74, "epsdiluted": 1.74, "weightedAverageShsOut": 582269000, "weightedAverageShsOutDil": 583102000, "link": null, "finalLink": null, "calculatedOtherExpenses": 551000000, "calculatedOperatingExpenses": 3579000000, "calculatedNetInterest": -500000000, "calculatedOtherIncome": -54000000, "calculatedIncomeNonControlling": 0, "calculatedEbitda": 3896000000}, {"date": "2018-12-31", "symbol": "NTR", "reportedCurrency": "USD", "cik": "0001725964", "fillingDate": "2019-02-07", "acceptedDate": "2019-02-07 11:27:34", "calendarYear": "2018", "period": "FY", "revenue": 19636000000, "costOfRevenue": 14244000000, "grossProfit": 5392000000, "grossProfitRatio": 0.2745976777, "researchAndDevelopmentExpenses": 7000000, "generalAndAdministrativeExpenses": 539000000, "sellingAndMarketingExpenses": 2337000000, "sellingGeneralAndAdministrativeExpenses": 2876000000, "otherExpenses": -40000000, "operatingExpenses": 3166000000, "costAndExpenses": 17410000000, "interestIncome": 17000000, "interestExpense": 538000000, "depreciationAndAmortization": 1592000000, "ebitda": 3818000000, "ebitdaratio": 0.1944387859, "operatingIncome": 414000000, "operatingIncomeRatio": 0.0210837238, "totalOtherIncomeExpensesNet": -1812000000, "incomeBeforeTax": -124000000, "incomeBeforeTaxRatio": -0.0063149318, "incomeTaxExpense": -93000000, "netIncome": 3573000000, "netIncomeRatio": 0.181961703, "eps": 5.76, "epsdiluted": 5.72, "weightedAverageShsOut": 620000000, "weightedAverageShsOutDil": 624900000, "link": "https://www.sec.gov/Archives/edgar/data/1725964/000119312519030401/0001193125-19-030401-index.htm", "finalLink": "https://www.sec.gov/Archives/edgar/data/1725964/000119312519030401/d692507d6k.htm", "calculatedOtherExpenses": 2095000000, "calculatedOperatingExpenses": 4978000000, "calculatedNetInterest": -521000000, "calculatedOtherIncome": -17000000, "calculatedIncomeNonControlling": -3604000000, "calculatedEbitda": 2006000000}, {"date": "2017-12-31", "symbol": "NTR", "reportedCurrency": "USD", "cik": "0001725964", "fillingDate": "2018-02-06", "acceptedDate": "2018-02-06 13:00:03", "calendarYear": "2017", "period": "FY", "revenue": 4547000000, "costOfRevenue": 3872000000, "grossProfit": 675000000, "grossProfitRatio": 0.1484495272, "researchAndDevelopmentExpenses": 0, "generalAndAdministrativeExpenses": 185000000, "sellingAndMarketingExpenses": 29000000, "sellingGeneralAndAdministrativeExpenses": 214000000, "otherExpenses": -3000000, "operatingExpenses": 365000000, "costAndExpenses": 4237000000, "interestIncome": 2000000, "interestExpense": 238000000, "depreciationAndAmortization": 692000000, "ebitda": 1006000000, "ebitdaratio": 0.2212447768, "operatingIncome": 209000000, "operatingIncomeRatio": 0.0459643721, "totalOtherIncomeExpensesNet": -101000000, "incomeBeforeTax": -29000000, "incomeBeforeTaxRatio": -0.0063778315, "incomeTaxExpense": -183000000, "netIncome": 327000000, "netIncomeRatio": 0.0719155487, "eps": 0.98, "epsdiluted": 0.98, "weightedAverageShsOut": 336031600, "weightedAverageShsOutDil": 336126400, "link": "https://www.sec.gov/Archives/edgar/data/1725964/000119312518033026/0001193125-18-033026-index.htm", "finalLink": "https://www.sec.gov/Archives/edgar/data/1725964/000119312518033026/d456215d6k.htm", "calculatedOtherExpenses": 252000000, "calculatedOperatingExpenses": 466000000, "calculatedNetInterest": -236000000, "calculatedOtherIncome": -2000000, "calculatedIncomeNonControlling": -173000000, "calculatedEbitda": 901000000}, {"date": "2016-12-31", "symbol": "NTR", "reportedCurrency": "USD", "cik": "0001725964", "fillingDate": "2016-12-31", "acceptedDate": "2016-12-30 19:00:00", "calendarYear": "2016", "period": "FY", "revenue": 4456000000, "costOfRevenue": 3606000000, "grossProfit": 850000000, "grossProfitRatio": 0.1907540395, "researchAndDevelopmentExpenses": 0, "generalAndAdministrativeExpenses": 0, "sellingAndMarketingExpenses": 0, "sellingGeneralAndAdministrativeExpenses": 212000000, "otherExpenses": -3000000, "operatingExpenses": 336000000, "costAndExpenses": 3942000000, "interestIncome": 3000000, "interestExpense": 216000000, "depreciationAndAmortization": 695000000, "ebitda": 1301000000, "ebitdaratio": 0.2919658887, "operatingIncome": 602000000, "operatingIncomeRatio": 0.1350987433, "totalOtherIncomeExpensesNet": 88000000, "incomeBeforeTax": 386000000, "incomeBeforeTaxRatio": 0.0866247756, "incomeTaxExpense": 50000000, "netIncome": 336000000, "netIncomeRatio": 0.0754039497, "eps": 1, "epsdiluted": 1, "weightedAverageShsOut": 335571200, "weightedAverageShsOutDil": 335783600, "link": "", "finalLink": "", "calculatedOtherExpenses": 36000000, "calculatedOperatingExpenses": 248000000, "calculatedNetInterest": -213000000, "calculatedOtherIncome": -3000000, "calculatedIncomeNonControlling": 0, "calculatedEbitda": 1297000000}, {"date": "2015-12-31", "symbol": "NTR", "reportedCurrency": "USD", "cik": "0001725964", "fillingDate": "2015-12-31", "acceptedDate": "2015-12-30 19:00:00", "calendarYear": "2015", "period": "FY", "revenue": 6279000000, "costOfRevenue": 4010000000, "grossProfit": 2269000000, "grossProfitRatio": 0.3613632744, "researchAndDevelopmentExpenses": 0, "generalAndAdministrativeExpenses": 0, "sellingAndMarketingExpenses": 0, "sellingGeneralAndAdministrativeExpenses": 239000000, "otherExpenses": -26000000, "operatingExpenses": 549000000, "costAndExpenses": 4559000000, "interestIncome": 2000000, "interestExpense": 192000000, "depreciationAndAmortization": 685000000, "ebitda": 2500000000, "ebitdaratio": 0.3981525721, "operatingIncome": 1913000000, "operatingIncomeRatio": 0.3046663481, "totalOtherIncomeExpensesNet": 193000000, "incomeBeforeTax": 1721000000, "incomeBeforeTaxRatio": 0.2740882306, "incomeTaxExpense": 451000000, "netIncome": 1270000000, "netIncomeRatio": 0.2022615066, "eps": 3.8, "epsdiluted": 3.8, "weightedAverageShsOut": 333656400, "weightedAverageShsOutDil": 334939600, "link": "", "finalLink": "", "calculatedOtherExpenses": 117000000, "calculatedOperatingExpenses": 356000000, "calculatedNetInterest": -190000000, "calculatedOtherIncome": -2000000, "calculatedIncomeNonControlling": 0, "calculatedEbitda": 2598000000}, {"date": "2014-12-31", "symbol": "NTR", "reportedCurrency": "USD", "cik": "0001725964", "fillingDate": "2014-12-31", "acceptedDate": "2014-12-30 19:00:00", "calendarYear": "2014", "period": "FY", "revenue": 7115000000, "costOfRevenue": 4468000000, "grossProfit": 2647000000, "grossProfitRatio": 0.3720309206, "researchAndDevelopmentExpenses": 0, "generalAndAdministrativeExpenses": 0, "sellingAndMarketingExpenses": 0, "sellingGeneralAndAdministrativeExpenses": 245000000, "otherExpenses": 275000000, "operatingExpenses": 480000000, "costAndExpenses": 4948000000, "interestIncome": 1000000, "interestExpense": 184000000, "depreciationAndAmortization": 701000000, "ebitda": 2970000000, "ebitdaratio": 0.4174279691, "operatingIncome": 2348000000, "operatingIncomeRatio": 0.3300070274, "totalOtherIncomeExpensesNet": 181000000, "incomeBeforeTax": 2164000000, "incomeBeforeTaxRatio": 0.3041461701, "incomeTaxExpense": 628000000, "netIncome": 1536000000, "netIncomeRatio": 0.2158819396, "eps": 4.58, "epsdiluted": 4.55, "weightedAverageShsOut": 335240400, "weightedAverageShsOutDil": 337817600, "link": "", "finalLink": "", "calculatedOtherExpenses": 54000000, "calculatedOperatingExpenses": 299000000, "calculatedNetInterest": -183000000, "calculatedOtherIncome": -1000000, "calculatedIncomeNonControlling": 0, "calculatedEbitda": 3049000000}, {"date": "2013-12-31", "symbol": "NTR", "reportedCurrency": "USD", "cik": "0001725964", "fillingDate": "2013-12-31", "acceptedDate": "2013-12-30 19:00:00", "calendarYear": "2013", "period": "FY", "revenue": 7305000000, "costOfRevenue": 4515000000, "grossProfit": 2790000000, "grossProfitRatio": 0.3819301848, "researchAndDevelopmentExpenses": 0, "generalAndAdministrativeExpenses": 223000000, "sellingAndMarketingExpenses": 8000000, "sellingGeneralAndAdministrativeExpenses": 231000000, "otherExpenses": -36000000, "operatingExpenses": 425000000, "costAndExpenses": 4940000000, "interestIncome": 3000000, "interestExpense": 144000000, "depreciationAndAmortization": 666000000, "ebitda": 3190000000, "ebitdaratio": 0.4366872005, "operatingIncome": 2616000000, "operatingIncomeRatio": 0.358110883, "totalOtherIncomeExpensesNet": 251000000, "incomeBeforeTax": 2472000000, "incomeBeforeTaxRatio": 0.3383983573, "incomeTaxExpense": 687000000, "netIncome": 1785000000, "netIncomeRatio": 0.2443531828, "eps": 5.15, "epsdiluted": 5.1, "weightedAverageShsOut": 345838400, "weightedAverageShsOutDil": 349592800, "link": "", "finalLink": "", "calculatedOtherExpenses": -57000000, "calculatedOperatingExpenses": 174000000, "calculatedNetInterest": -141000000, "calculatedOtherIncome": -3000000, "calculatedIncomeNonControlling": 0, "calculatedEbitda": 3282000000}, {"date": "2012-12-31", "symbol": "NTR", "reportedCurrency": "USD", "cik": "0001725964", "fillingDate": "2012-12-31", "acceptedDate": "2012-12-30 19:00:00", "calendarYear": "2012", "period": "FY", "revenue": 7927000000, "costOfRevenue": 4517000000, "grossProfit": 3410000000, "grossProfitRatio": 0.4301753501, "researchAndDevelopmentExpenses": 0, "generalAndAdministrativeExpenses": 213000000, "sellingAndMarketingExpenses": 6000000, "sellingGeneralAndAdministrativeExpenses": 219000000, "otherExpenses": -37000000, "operatingExpenses": 399000000, "costAndExpenses": 4916000000, "interestIncome": 4000000, "interestExpense": 114000000, "depreciationAndAmortization": 578000000, "ebitda": 3830000000, "ebitdaratio": 0.4831588243, "operatingIncome": 3019000000, "operatingIncomeRatio": 0.3808502586, "totalOtherIncomeExpensesNet": 8000000, "incomeBeforeTax": 2905000000, "incomeBeforeTaxRatio": 0.3664690299, "incomeTaxExpense": 826000000, "netIncome": 2079000000, "netIncomeRatio": 0.2622681973, "eps": 6.05, "epsdiluted": 5.93, "weightedAverageShsOut": 344013200, "weightedAverageShsOutDil": 350362800, "link": "", "finalLink": "", "calculatedOtherExpenses": 172000000, "calculatedOperatingExpenses": 391000000, "calculatedNetInterest": -110000000, "calculatedOtherIncome": -4000000, "calculatedIncomeNonControlling": 0, "calculatedEbitda": 3597000000}, {"date": "2011-12-31", "symbol": "NTR", "reportedCurrency": "USD", "cik": "0001725964", "fillingDate": "2011-12-31", "acceptedDate": "2011-12-30 19:00:00", "calendarYear": "2011", "period": "FY", "revenue": 8715000000, "costOfRevenue": 4429000000, "grossProfit": 4286000000, "grossProfitRatio": 0.4917957544, "researchAndDevelopmentExpenses": 0, "generalAndAdministrativeExpenses": 211000000, "sellingAndMarketingExpenses": 0, "sellingGeneralAndAdministrativeExpenses": 211000000, "otherExpenses": 153000000, "operatingExpenses": 364000000, "costAndExpenses": 4793000000, "interestIncome": 0, "interestExpense": 159000000, "depreciationAndAmortization": 489000000, "ebitda": 4672000000, "ebitdaratio": 0.536087206, "operatingIncome": 4306000000, "operatingIncomeRatio": 0.4940906483, "totalOtherIncomeExpensesNet": 384000000, "incomeBeforeTax": 4147000000, "incomeBeforeTaxRatio": 0.4758462421, "incomeTaxExpense": 1066000000, "netIncome": 3081000000, "netIncomeRatio": 0.3535283993, "eps": 9, "epsdiluted": 8.78, "weightedAverageShsOut": 342270800, "weightedAverageShsOutDil": 350654800, "link": "", "finalLink": "", "calculatedOtherExpenses": -231000000, "calculatedOperatingExpenses": -20000000, "calculatedNetInterest": -159000000, "calculatedOtherIncome": 0, "calculatedIncomeNonControlling": 0, "calculatedEbitda": 4795000000}, {"date": "2010-12-31", "symbol": "NTR", "reportedCurrency": "USD", "cik": "0001725964", "fillingDate": "2010-12-31", "acceptedDate": "2010-12-30 19:00:00", "calendarYear": "2010", "period": "FY", "revenue": 6538600000, "costOfRevenue": 3913600000, "grossProfit": 2625000000, "grossProfitRatio": 0.4014620867, "researchAndDevelopmentExpenses": 0, "generalAndAdministrativeExpenses": 0, "sellingAndMarketingExpenses": 0, "sellingGeneralAndAdministrativeExpenses": 228100000, "otherExpenses": 93300000, "operatingExpenses": 321400000, "costAndExpenses": 4235000000, "interestIncome": 7700000, "interestExpense": 106800000, "depreciationAndAmortization": 410700000, "ebitda": 2966500000, "ebitdaratio": 0.4536903924, "operatingIncome": 2548100000, "operatingIncomeRatio": 0.3897011593, "totalOtherIncomeExpensesNet": -99100000, "incomeBeforeTax": 2449000000, "incomeBeforeTaxRatio": 0.3745450096, "incomeTaxExpense": 642800000, "netIncome": 1806200000, "netIncomeRatio": 0.2762365032, "eps": 5, "epsdiluted": 4.88, "weightedAverageShsOut": 354548400, "weightedAverageShsOutDil": 364437200, "link": "", "finalLink": "", "calculatedOtherExpenses": -151200000, "calculatedOperatingExpenses": 76900000, "calculatedNetInterest": -99100000, "calculatedOtherIncome": 0, "calculatedIncomeNonControlling": 0, "calculatedEbitda": 2958800000}, {"date": "2009-12-31", "symbol": "NTR", "reportedCurrency": "USD", "cik": "0001725964", "fillingDate": "2009-12-31", "acceptedDate": "2009-12-30 19:00:00", "calendarYear": "2009", "period": "FY", "revenue": 3976700000, "costOfRevenue": 2950700000, "grossProfit": 1026000000, "grossProfitRatio": 0.2580028667, "researchAndDevelopmentExpenses": 0, "generalAndAdministrativeExpenses": 0, "sellingAndMarketingExpenses": 0, "sellingGeneralAndAdministrativeExpenses": 183600000, "otherExpenses": -349800000, "operatingExpenses": -166200000, "costAndExpenses": 2784500000, "interestIncome": 10500000, "interestExpense": 131400000, "depreciationAndAmortization": 312100000, "ebitda": 1514800000, "ebitdaratio": 0.3809188523, "operatingIncome": 1192200000, "operatingIncomeRatio": 0.2997963135, "totalOtherIncomeExpensesNet": -120900000, "incomeBeforeTax": 1071300000, "incomeBeforeTaxRatio": 0.2693942213, "incomeTaxExpense": 83500000, "netIncome": 987800000, "netIncomeRatio": 0.248396912, "eps": 2.78, "epsdiluted": 2.7, "weightedAverageShsOut": 354696000, "weightedAverageShsOutDil": 364731200, "link": "", "finalLink": "", "calculatedOtherExpenses": -349800000, "calculatedOperatingExpenses": -166200000, "calculatedNetInterest": -120900000, "calculatedOtherIncome": 0, "calculatedIncomeNonControlling": 0, "calculatedEbitda": 1504300000}, {"date": "2008-12-31", "symbol": "NTR", "reportedCurrency": "USD", "cik": "0001725964", "fillingDate": "2008-12-31", "acceptedDate": "2008-12-30 19:00:00", "calendarYear": "2008", "period": "FY", "revenue": 9446500000, "costOfRevenue": 457300000, "grossProfit": 8989200000, "grossProfitRatio": 0.9515905362, "researchAndDevelopmentExpenses": 0, "generalAndAdministrativeExpenses": 0, "sellingAndMarketingExpenses": 0, "sellingGeneralAndAdministrativeExpenses": 188400000, "otherExpenses": 83900000, "operatingExpenses": 272300000, "costAndExpenses": 729600000, "interestIncome": 17700000, "interestExpense": 80500000, "depreciationAndAmortization": 327500000, "ebitda": 4980300000, "ebitdaratio": 0.5272111364, "operatingIncome": 4635100000, "operatingIncomeRatio": 0.4906685016, "totalOtherIncomeExpensesNet": -62800000, "incomeBeforeTax": 4572300000, "incomeBeforeTaxRatio": 0.4840205367, "incomeTaxExpense": 1077100000, "netIncome": 3495200000, "netIncomeRatio": 0.3699994707, "eps": 9.48, "epsdiluted": 9.18, "weightedAverageShsOut": 354241184, "weightedAverageShsOutDil": 380948229, "link": "", "finalLink": "", "calculatedOtherExpenses": 4165700000, "calculatedOperatingExpenses": 4354100000, "calculatedNetInterest": -62800000, "calculatedOtherIncome": 0, "calculatedIncomeNonControlling": 0, "calculatedEbitda": 4962600000}, {"date": "2007-12-31", "symbol": "NTR", "reportedCurrency": "USD", "cik": "0001725964", "fillingDate": "2007-12-31", "acceptedDate": "2007-12-30 19:00:00", "calendarYear": "2007", "period": "FY", "revenue": 5234200000, "costOfRevenue": 3353000000, "grossProfit": 1881200000, "grossProfitRatio": 0.3594054488, "researchAndDevelopmentExpenses": 0, "generalAndAdministrativeExpenses": 0, "sellingAndMarketingExpenses": 0, "sellingGeneralAndAdministrativeExpenses": 212600000, "otherExpenses": 80100000, "operatingExpenses": 292700000, "costAndExpenses": 3645700000, "interestIncome": 0, "interestExpense": 68700000, "depreciationAndAmortization": 291300000, "ebitda": 1900700000, "ebitdaratio": 0.3631309465, "operatingIncome": 1588500000, "operatingIncomeRatio": 0.3034847732, "totalOtherIncomeExpensesNet": 55300000, "incomeBeforeTax": 1513800000, "incomeBeforeTaxRatio": 0.2892132513, "incomeTaxExpense": 416200000, "netIncome": 1103600000, "netIncomeRatio": 0.210844064, "eps": 2.92, "epsdiluted": 2.83, "weightedAverageShsOut": 378769200, "weightedAverageShsOutDil": 389169600, "link": "", "finalLink": "", "calculatedOtherExpenses": 80100000, "calculatedOperatingExpenses": 292700000, "calculatedNetInterest": -68700000, "calculatedOtherIncome": -6000000, "calculatedIncomeNonControlling": -6000000, "calculatedEbitda": 1879800000}, {"date": "2006-12-31", "symbol": "NTR", "reportedCurrency": "USD", "cik": "0001725964", "fillingDate": "2006-12-31", "acceptedDate": "2006-12-30 19:00:00", "calendarYear": "2006", "period": "FY", "revenue": 3766700000, "costOfRevenue": 2764700000, "grossProfit": 1002000000, "grossProfitRatio": 0.266015345, "researchAndDevelopmentExpenses": 0, "generalAndAdministrativeExpenses": 0, "sellingAndMarketingExpenses": 0, "sellingGeneralAndAdministrativeExpenses": 158400000, "otherExpenses": -31900000, "operatingExpenses": 126500000, "costAndExpenses": 2891200000, "interestIncome": 0, "interestExpense": 85600000, "depreciationAndAmortization": 242400000, "ebitda": 1019500000, "ebitdaratio": 0.2706613216, "operatingIncome": 875500000, "operatingIncomeRatio": 0.2324315714, "totalOtherIncomeExpensesNet": 98400000, "incomeBeforeTax": 789900000, "incomeBeforeTaxRatio": 0.2097061088, "incomeTaxExpense": 158100000, "netIncome": 631800000, "netIncomeRatio": 0.1677330289, "eps": 1.69, "epsdiluted": 1.65, "weightedAverageShsOut": 374256000, "weightedAverageShsOutDil": 382428000, "link": "", "finalLink": "", "calculatedOtherExpenses": -31900000, "calculatedOperatingExpenses": 126500000, "calculatedNetInterest": -85600000, "calculatedOtherIncome": 0, "calculatedIncomeNonControlling": 0, "calculatedEbitda": 1117900000}, {"date": "2005-12-31", "symbol": "NTR", "reportedCurrency": "USD", "cik": "0001725964", "fillingDate": "2005-12-31", "acceptedDate": "2005-12-30 19:00:00", "calendarYear": "2005", "period": "FY", "revenue": 3847200000, "costOfRevenue": 2722200000, "grossProfit": 1125000000, "grossProfitRatio": 0.2924204616, "researchAndDevelopmentExpenses": 0, "generalAndAdministrativeExpenses": 0, "sellingAndMarketingExpenses": 0, "sellingGeneralAndAdministrativeExpenses": 144500000, "otherExpenses": 87900000, "operatingExpenses": 232400000, "costAndExpenses": 2954600000, "interestIncome": 0, "interestExpense": 82300000, "depreciationAndAmortization": 242400000, "ebitda": 1085700000, "ebitdaratio": 0.2822052402, "operatingIncome": 892600000, "operatingIncomeRatio": 0.2320128925, "totalOtherIncomeExpensesNet": 49300000, "incomeBeforeTax": 810300000, "incomeBeforeTaxRatio": 0.2106207112, "incomeTaxExpense": 267400000, "netIncome": 542900000, "netIncomeRatio": 0.1411156166, "eps": 1.39, "epsdiluted": 1.36, "weightedAverageShsOut": 391236036, "weightedAverageShsOutDil": 400281081, "link": "", "finalLink": "", "calculatedOtherExpenses": 87900000, "calculatedOperatingExpenses": 232400000, "calculatedNetInterest": -82300000, "calculatedOtherIncome": 0, "calculatedIncomeNonControlling": 0, "calculatedEbitda": 1135000000}, {"date": "2004-12-31", "symbol": "NTR", "reportedCurrency": "USD", "cik": "0001725964", "fillingDate": "2004-12-31", "acceptedDate": "2004-12-30 19:00:00", "calendarYear": "2004", "period": "FY", "revenue": 3244400000, "costOfRevenue": 2563000000, "grossProfit": 681400000, "grossProfitRatio": 0.210023425, "researchAndDevelopmentExpenses": 0, "generalAndAdministrativeExpenses": 0, "sellingAndMarketingExpenses": 0, "sellingGeneralAndAdministrativeExpenses": 130600000, "otherExpenses": 32900000, "operatingExpenses": 163500000, "costAndExpenses": 2726500000, "interestIncome": 0, "interestExpense": 84000000, "depreciationAndAmortization": 240000000, "ebitda": 1048400000, "ebitdaratio": 0.3231414129, "operatingIncome": 514300000, "operatingIncomeRatio": 0.1585192948, "totalOtherIncomeExpensesNet": -290500000, "incomeBeforeTax": 430300000, "incomeBeforeTaxRatio": 0.1326285292, "incomeTaxExpense": 131700000, "netIncome": 298600000, "netIncomeRatio": 0.0920355073, "eps": 0.77, "epsdiluted": 0.75, "weightedAverageShsOut": 388681200, "weightedAverageShsOutDil": 398660400, "link": "", "finalLink": "", "calculatedOtherExpenses": 36500000, "calculatedOperatingExpenses": 167100000, "calculatedNetInterest": -84000000, "calculatedOtherIncome": 0, "calculatedIncomeNonControlling": 0, "calculatedEbitda": 754300000}, {"date": "2003-12-31", "symbol": "NTR", "reportedCurrency": "USD", "cik": "0001725964", "fillingDate": "2003-12-31", "acceptedDate": "2003-12-30 19:00:00", "calendarYear": "2003", "period": "FY", "revenue": 2465800000, "costOfRevenue": 2085400000, "grossProfit": 380400000, "grossProfitRatio": 0.1542704193, "researchAndDevelopmentExpenses": 0, "generalAndAdministrativeExpenses": 0, "sellingAndMarketingExpenses": 0, "sellingGeneralAndAdministrativeExpenses": 96100000, "otherExpenses": 23800000, "operatingExpenses": 119900000, "costAndExpenses": 2205300000, "interestIncome": 0, "interestExpense": 407400000, "depreciationAndAmortization": 227400000, "ebitda": 1086900000, "ebitdaratio": 0.4407900073, "operatingIncome": -55600000, "operatingIncomeRatio": -0.022548463, "totalOtherIncomeExpensesNet": -599000000, "incomeBeforeTax": -146900000, "incomeBeforeTaxRatio": -0.0595749858, "incomeTaxExpense": -20600000, "netIncome": -126300000, "netIncomeRatio": -0.0512206992, "eps": -0.34, "epsdiluted": -0.34, "weightedAverageShsOut": 376056000, "weightedAverageShsOutDil": 376056000, "link": "", "finalLink": "", "calculatedOtherExpenses": 339900000, "calculatedOperatingExpenses": 436000000, "calculatedNetInterest": -407400000, "calculatedOtherIncome": 316100000, "calculatedIncomeNonControlling": 0, "calculatedEbitda": 171800000}, {"date": "2002-12-31", "symbol": "NTR", "reportedCurrency": "USD", "cik": "0001725964", "fillingDate": "2002-12-31", "acceptedDate": "2002-12-30 19:00:00", "calendarYear": "2002", "period": "FY", "revenue": 1913800000, "costOfRevenue": 1612200000, "grossProfit": 301600000, "grossProfitRatio": 0.1575922249, "researchAndDevelopmentExpenses": 0, "generalAndAdministrativeExpenses": 0, "sellingAndMarketingExpenses": 0, "sellingGeneralAndAdministrativeExpenses": 91700000, "otherExpenses": 43000000, "operatingExpenses": 134700000, "costAndExpenses": 1746900000, "interestIncome": 0, "interestExpense": 58100000, "depreciationAndAmortization": 219100000, "ebitda": 361000000, "ebitdaratio": 0.1886299509, "operatingIncome": 166900000, "operatingIncomeRatio": 0.0872086947, "totalOtherIncomeExpensesNet": 25000000, "incomeBeforeTax": 83800000, "incomeBeforeTaxRatio": 0.0437872296, "incomeTaxExpense": 30200000, "netIncome": 53600000, "netIncomeRatio": 0.0280071063, "eps": 0.14, "epsdiluted": 0.14, "weightedAverageShsOut": 374926125, "weightedAverageShsOutDil": 377052252, "link": "", "finalLink": "", "calculatedOtherExpenses": 43000000, "calculatedOperatingExpenses": 134700000, "calculatedNetInterest": -58100000, "calculatedOtherIncome": -25000000, "calculatedIncomeNonControlling": 0, "calculatedEbitda": 386000000}, {"date": "2001-12-31", "symbol": "NTR", "reportedCurrency": "USD", "cik": "0001725964", "fillingDate": "2001-12-31", "acceptedDate": "2001-12-30 19:00:00", "calendarYear": "2001", "period": "FY", "revenue": 2072700000, "costOfRevenue": 1673500000, "grossProfit": 399200000, "grossProfitRatio": 0.1925990254, "researchAndDevelopmentExpenses": 0, "generalAndAdministrativeExpenses": 0, "sellingAndMarketingExpenses": 0, "sellingGeneralAndAdministrativeExpenses": 99700000, "otherExpenses": 29800000, "operatingExpenses": 129500000, "costAndExpenses": 1803000000, "interestIncome": 0, "interestExpense": 40100000, "depreciationAndAmortization": 185700000, "ebitda": 415200000, "ebitdaratio": 0.2003184252, "operatingIncome": 269700000, "operatingIncomeRatio": 0.1301201332, "totalOtherIncomeExpensesNet": 40200000, "incomeBeforeTax": 189400000, "incomeBeforeTaxRatio": 0.0913783953, "incomeTaxExpense": 68200000, "netIncome": 121200000, "netIncomeRatio": 0.0584744536, "eps": 0.32, "epsdiluted": 0.32, "weightedAverageShsOut": 373902703, "weightedAverageShsOutDil": 376115314, "link": "", "finalLink": "", "calculatedOtherExpenses": 29800000, "calculatedOperatingExpenses": 129500000, "calculatedNetInterest": -40100000, "calculatedOtherIncome": -40200000, "calculatedIncomeNonControlling": 0, "calculatedEbitda": 455400000}, {"date": "2000-12-31", "symbol": "NTR", "reportedCurrency": "USD", "cik": "0001725964", "fillingDate": "2000-12-31", "acceptedDate": "2000-12-30 19:00:00", "calendarYear": "2000", "period": "FY", "revenue": 2231600000, "costOfRevenue": 1748800000, "grossProfit": 482800000, "grossProfitRatio": 0.2163470156, "researchAndDevelopmentExpenses": 0, "generalAndAdministrativeExpenses": 0, "sellingAndMarketingExpenses": 0, "sellingGeneralAndAdministrativeExpenses": 111000000, "otherExpenses": 77200000, "operatingExpenses": 188200000, "costAndExpenses": 1937000000, "interestIncome": 0, "interestExpense": 5100000, "depreciationAndAmortization": 187000000, "ebitda": 473700000, "ebitdaratio": 0.2122692239, "operatingIncome": 270300000, "operatingIncomeRatio": 0.1211238573, "totalOtherIncomeExpensesNet": 7900000, "incomeBeforeTax": 265200000, "incomeBeforeTaxRatio": 0.1188385015, "incomeTaxExpense": 67200000, "netIncome": 198000000, "netIncomeRatio": 0.0887255781, "eps": 0.52, "epsdiluted": 0.52, "weightedAverageShsOut": 377729730, "weightedAverageShsOutDil": 377729730, "link": "", "finalLink": "", "calculatedOtherExpenses": 101500000, "calculatedOperatingExpenses": 212500000, "calculatedNetInterest": -5100000, "calculatedOtherIncome": 0, "calculatedIncomeNonControlling": 0, "calculatedEbitda": 457300000}, {"date": "1999-12-31", "symbol": "NTR", "reportedCurrency": "USD", "cik": "0001725964", "fillingDate": "1999-12-31", "acceptedDate": "1999-12-30 19:00:00", "calendarYear": "1999", "period": "FY", "revenue": 2061064000, "costOfRevenue": 1461687000, "grossProfit": 599377000, "grossProfitRatio": 0.2908095042, "researchAndDevelopmentExpenses": 0, "generalAndAdministrativeExpenses": 0, "sellingAndMarketingExpenses": 0, "sellingGeneralAndAdministrativeExpenses": 116294000, "otherExpenses": 268191000, "operatingExpenses": 384485000, "costAndExpenses": 1846172000, "interestIncome": 0, "interestExpense": 619417000, "depreciationAndAmortization": 191106000, "ebitda": 1563108000, "ebitdaratio": 0.7583985747, "operatingIncome": -376625000, "operatingIncomeRatio": -0.1827332873, "totalOtherIncomeExpensesNet": -1157110000, "incomeBeforeTax": -404525000, "incomeBeforeTaxRatio": -0.1962699848, "incomeTaxExpense": 7469000, "netIncome": -411994000, "netIncomeRatio": -0.1998938412, "eps": -1.06, "epsdiluted": -1.05, "weightedAverageShsOut": 390310105, "weightedAverageShsOutDil": 391261608, "link": "", "finalLink": "", "calculatedOtherExpenses": 859708000, "calculatedOperatingExpenses": 976002000, "calculatedNetInterest": -619417000, "calculatedOtherIncome": 591517000, "calculatedIncomeNonControlling": 0, "calculatedEbitda": -185519000}, {"date": "1998-12-31", "symbol": "NTR", "reportedCurrency": "USD", "cik": "0001725964", "fillingDate": "1998-12-31", "acceptedDate": "1998-12-30 19:00:00", "calendarYear": "1998", "period": "FY", "revenue": 2307800000, "costOfRevenue": 1507500000, "grossProfit": 800300000, "grossProfitRatio": 0.3467804836, "researchAndDevelopmentExpenses": 0, "generalAndAdministrativeExpenses": 0, "sellingAndMarketingExpenses": 0, "sellingGeneralAndAdministrativeExpenses": 116000000, "otherExpenses": 271000000, "operatingExpenses": 387000000, "costAndExpenses": 1894500000, "interestIncome": 0, "interestExpense": 34800000, "depreciationAndAmortization": 190900000, "ebitda": 571400000, "ebitdaratio": 0.2475951122, "operatingIncome": 413300000, "operatingIncomeRatio": 0.1790883092, "totalOtherIncomeExpensesNet": 32800000, "incomeBeforeTax": 378500000, "incomeBeforeTaxRatio": 0.1640090129, "incomeTaxExpense": 117500000, "netIncome": 261000000, "netIncomeRatio": 0.1130947222, "eps": 0.67, "epsdiluted": 0.67, "weightedAverageShsOut": 389875519, "weightedAverageShsOutDil": 390170275, "link": "", "finalLink": "", "calculatedOtherExpenses": 271000000, "calculatedOperatingExpenses": 387000000, "calculatedNetInterest": -34800000, "calculatedOtherIncome": 0, "calculatedIncomeNonControlling": 0, "calculatedEbitda": 604200000}, {"date": "1997-12-31", "symbol": "NTR", "reportedCurrency": "USD", "cik": "0001725964", "fillingDate": "1997-12-31", "acceptedDate": "1997-12-30 19:00:00", "calendarYear": "1997", "period": "FY", "revenue": 2325900000, "costOfRevenue": 1570800000, "grossProfit": 755100000, "grossProfitRatio": 0.3246485232, "researchAndDevelopmentExpenses": 0, "generalAndAdministrativeExpenses": 0, "sellingAndMarketingExpenses": 0, "sellingGeneralAndAdministrativeExpenses": 99700000, "otherExpenses": 240300000, "operatingExpenses": 340000000, "costAndExpenses": 1910800000, "interestIncome": 0, "interestExpense": 48900000, "depreciationAndAmortization": 170000000, "ebitda": 552700000, "ebitdaratio": 0.2376284449, "operatingIncome": 415100000, "operatingIncomeRatio": 0.1784685498, "totalOtherIncomeExpensesNet": 32400000, "incomeBeforeTax": 366200000, "incomeBeforeTaxRatio": 0.1574444301, "incomeTaxExpense": 69100000, "netIncome": 297100000, "netIncomeRatio": 0.1277355002, "eps": 0.79, "epsdiluted": 0.79, "weightedAverageShsOut": 376982616, "weightedAverageShsOutDil": 376982616, "link": "", "finalLink": "", "calculatedOtherExpenses": 240300000, "calculatedOperatingExpenses": 340000000, "calculatedNetInterest": -48900000, "calculatedOtherIncome": 0, "calculatedIncomeNonControlling": 0, "calculatedEbitda": 585100000}, {"date": "1996-12-31", "symbol": "NTR", "reportedCurrency": "USD", "cik": "0001725964", "fillingDate": "1996-12-31", "acceptedDate": "1996-12-30 19:00:00", "calendarYear": "1996", "period": "FY", "revenue": 1403900000, "costOfRevenue": 920400000, "grossProfit": 483500000, "grossProfitRatio": 0.3443977491, "researchAndDevelopmentExpenses": 0, "generalAndAdministrativeExpenses": 0, "sellingAndMarketingExpenses": 0, "sellingGeneralAndAdministrativeExpenses": 60300000, "otherExpenses": 130300000, "operatingExpenses": 190600000, "costAndExpenses": 1111000000, "interestIncome": 0, "interestExpense": 40200000, "depreciationAndAmortization": 90100000, "ebitda": 376400000, "ebitdaratio": 0.2681102643, "operatingIncome": 292900000, "operatingIncomeRatio": 0.2086330935, "totalOtherIncomeExpensesNet": 6600000, "incomeBeforeTax": 252700000, "incomeBeforeTaxRatio": 0.1799985754, "incomeTaxExpense": 43700000, "netIncome": 209000000, "netIncomeRatio": 0.1488710022, "eps": 0.64, "epsdiluted": 0.64, "weightedAverageShsOut": 328171309, "weightedAverageShsOutDil": 328171309, "link": "", "finalLink": "", "calculatedOtherExpenses": 130300000, "calculatedOperatingExpenses": 190600000, "calculatedNetInterest": -40200000, "calculatedOtherIncome": 0, "calculatedIncomeNonControlling": 0, "calculatedEbitda": 383000000}, {"date": "1995-12-31", "symbol": "NTR", "reportedCurrency": "USD", "cik": "0001725964", "fillingDate": "1995-12-31", "acceptedDate": "1995-12-30 19:00:00", "calendarYear": "1995", "period": "FY", "revenue": 906900000, "costOfRevenue": 526400000, "grossProfit": 380500000, "grossProfitRatio": 0.4195611424, "researchAndDevelopmentExpenses": 0, "generalAndAdministrativeExpenses": 0, "sellingAndMarketingExpenses": 0, "sellingGeneralAndAdministrativeExpenses": 58500000, "otherExpenses": 114400000, "operatingExpenses": 172900000, "costAndExpenses": 699300000, "interestIncome": 0, "interestExpense": 25200000, "depreciationAndAmortization": 71000000, "ebitda": 262000000, "ebitdaratio": 0.2888962399, "operatingIncome": 207600000, "operatingIncomeRatio": 0.2289116771, "totalOtherIncomeExpensesNet": 16600000, "incomeBeforeTax": 182400000, "incomeBeforeTaxRatio": 0.2011247106, "incomeTaxExpense": 22900000, "netIncome": 159500000, "netIncomeRatio": 0.175873856, "eps": 0.51, "epsdiluted": 0.51, "weightedAverageShsOut": 312377006, "weightedAverageShsOutDil": 312377006, "link": "", "finalLink": "", "calculatedOtherExpenses": 114400000, "calculatedOperatingExpenses": 172900000, "calculatedNetInterest": -25200000, "calculatedOtherIncome": 0, "calculatedIncomeNonControlling": 0, "calculatedEbitda": 278600000}, {"date": "1994-12-31", "symbol": "NTR", "reportedCurrency": "USD", "cik": "0001725964", "fillingDate": "1994-12-31", "acceptedDate": "1994-12-30 19:00:00", "calendarYear": "1994", "period": "FY", "revenue": 425400000, "costOfRevenue": 216500000, "grossProfit": 208900000, "grossProfitRatio": 0.4910672308, "researchAndDevelopmentExpenses": 0, "generalAndAdministrativeExpenses": 0, "sellingAndMarketingExpenses": 0, "sellingGeneralAndAdministrativeExpenses": 50700000, "otherExpenses": 71700000, "operatingExpenses": 122400000, "costAndExpenses": 338900000, "interestIncome": 0, "interestExpense": -8200000, "depreciationAndAmortization": 39300000, "ebitda": 113800000, "ebitdaratio": 0.267512929, "operatingIncome": 86500000, "operatingIncomeRatio": 0.2033380348, "totalOtherIncomeExpensesNet": 12000000, "incomeBeforeTax": 94700000, "incomeBeforeTaxRatio": 0.2226140103, "incomeTaxExpense": 3500000, "netIncome": 91200000, "netIncomeRatio": 0.2143864598, "eps": 0.29, "epsdiluted": 0.29, "weightedAverageShsOut": 310582869, "weightedAverageShsOutDil": 310582869, "link": "", "finalLink": "", "calculatedOtherExpenses": 71700000, "calculatedOperatingExpenses": 122400000, "calculatedNetInterest": 8200000, "calculatedOtherIncome": 0, "calculatedIncomeNonControlling": 0, "calculatedEbitda": 125800000}, {"date": "1993-12-31", "symbol": "NTR", "reportedCurrency": "USD", "cik": "0001725964", "fillingDate": "1993-12-31", "acceptedDate": "1993-12-30 19:00:00", "calendarYear": "1993", "period": "FY", "revenue": 313200000, "costOfRevenue": 156400000, "grossProfit": 156800000, "grossProfitRatio": 0.5006385696, "researchAndDevelopmentExpenses": 0, "generalAndAdministrativeExpenses": 0, "sellingAndMarketingExpenses": 0, "sellingGeneralAndAdministrativeExpenses": 45900000, "otherExpenses": 50600000, "operatingExpenses": 96500000, "costAndExpenses": 252900000, "interestIncome": 0, "interestExpense": 9200000, "depreciationAndAmortization": 31700000, "ebitda": 92000000, "ebitdaratio": 0.2937420179, "operatingIncome": 60300000, "operatingIncomeRatio": 0.1925287356, "totalOtherIncomeExpensesNet": -9200000, "incomeBeforeTax": 51100000, "incomeBeforeTaxRatio": 0.1631545338, "incomeTaxExpense": 3400000, "netIncome": 47700000, "netIncomeRatio": 0.1522988506, "eps": 0.16, "epsdiluted": 0.16, "weightedAverageShsOut": 284417113, "weightedAverageShsOutDil": 284417113, "link": "", "finalLink": "", "calculatedOtherExpenses": 50600000, "calculatedOperatingExpenses": 96500000, "calculatedNetInterest": -9200000, "calculatedOtherIncome": 0, "calculatedIncomeNonControlling": 0, "calculatedEbitda": 92000000}, {"date": "1992-12-31", "symbol": "NTR", "reportedCurrency": "USD", "cik": "0001725964", "fillingDate": "1992-12-31", "acceptedDate": "1992-12-30 19:00:00", "calendarYear": "1992", "period": "FY", "revenue": 291000000, "costOfRevenue": 148100000, "grossProfit": 142900000, "grossProfitRatio": 0.4910652921, "researchAndDevelopmentExpenses": 0, "generalAndAdministrativeExpenses": 0, "sellingAndMarketingExpenses": 0, "sellingGeneralAndAdministrativeExpenses": 44900000, "otherExpenses": 51600000, "operatingExpenses": 96500000, "costAndExpenses": 244600000, "interestIncome": 0, "interestExpense": -1000000, "depreciationAndAmortization": 32400000, "ebitda": 68700000, "ebitdaratio": 0.2360824742, "operatingIncome": 46400000, "operatingIncomeRatio": 0.1594501718, "totalOtherIncomeExpensesNet": 10100000, "incomeBeforeTax": 47400000, "incomeBeforeTaxRatio": 0.1628865979, "incomeTaxExpense": 1600000, "netIncome": 45800000, "netIncomeRatio": 0.1573883162, "eps": 0.16, "epsdiluted": 0.16, "weightedAverageShsOut": 291263351, "weightedAverageShsOutDil": 291263351, "link": "", "finalLink": "", "calculatedOtherExpenses": 51600000, "calculatedOperatingExpenses": 96500000, "calculatedNetInterest": 1000000, "calculatedOtherIncome": 0, "calculatedIncomeNonControlling": 0, "calculatedEbitda": 78800000}, {"date": "1991-12-31", "symbol": "NTR", "reportedCurrency": "USD", "cik": "0001725964", "fillingDate": "1991-12-31", "acceptedDate": "1991-12-30 19:00:00", "calendarYear": "1991", "period": "FY", "revenue": 265200000, "costOfRevenue": 130000000, "grossProfit": 135200000, "grossProfitRatio": 0.5098039216, "researchAndDevelopmentExpenses": 0, "generalAndAdministrativeExpenses": 0, "sellingAndMarketingExpenses": 0, "sellingGeneralAndAdministrativeExpenses": 38800000, "otherExpenses": 52500000, "operatingExpenses": 91300000, "costAndExpenses": 221300000, "interestIncome": 0, "interestExpense": 8300000, "depreciationAndAmortization": 33900000, "ebitda": 73100000, "ebitdaratio": 0.2756410256, "operatingIncome": 43900000, "operatingIncomeRatio": 0.1655354449, "totalOtherIncomeExpensesNet": 4700000, "incomeBeforeTax": 35600000, "incomeBeforeTaxRatio": 0.1342383107, "incomeTaxExpense": -3500000, "netIncome": 39100000, "netIncomeRatio": 0.1474358974, "eps": 0.14, "epsdiluted": 0.14, "weightedAverageShsOut": 279011685, "weightedAverageShsOutDil": 279011685, "link": "", "finalLink": "", "calculatedOtherExpenses": 52500000, "calculatedOperatingExpenses": 91300000, "calculatedNetInterest": -8300000, "calculatedOtherIncome": 0, "calculatedIncomeNonControlling": 0, "calculatedEbitda": 77800000}, {"date": "1990-12-31", "symbol": "NTR", "reportedCurrency": "USD", "cik": "0001725964", "fillingDate": "1990-12-31", "acceptedDate": "1990-12-30 19:00:00", "calendarYear": "1990", "period": "FY", "revenue": 238500000, "costOfRevenue": 124700000, "grossProfit": 113800000, "grossProfitRatio": 0.477148847, "researchAndDevelopmentExpenses": 0, "generalAndAdministrativeExpenses": 0, "sellingAndMarketingExpenses": 0, "sellingGeneralAndAdministrativeExpenses": 34500000, "otherExpenses": 49000000, "operatingExpenses": 83500000, "costAndExpenses": 208200000, "interestIncome": 0, "interestExpense": -10400000, "depreciationAndAmortization": 31800000, "ebitda": 51700000, "ebitdaratio": 0.2167714885, "operatingIncome": 30300000, "operatingIncomeRatio": 0.1270440252, "totalOtherIncomeExpensesNet": 10400000, "incomeBeforeTax": 30300000, "incomeBeforeTaxRatio": 0.1270440252, "incomeTaxExpense": -2000000, "netIncome": 21900000, "netIncomeRatio": 0.0918238994, "eps": 0.0819, "epsdiluted": 0.0819, "weightedAverageShsOut": 267521759, "weightedAverageShsOutDil": 267521759, "link": "", "finalLink": "", "calculatedOtherExpenses": 49000000, "calculatedOperatingExpenses": 83500000, "calculatedNetInterest": 10400000, "calculatedOtherIncome": -10400000, "calculatedIncomeNonControlling": 10400000, "calculatedEbitda": 62100000}, {"date": "1989-12-31", "symbol": "NTR", "reportedCurrency": "USD", "cik": "0001725964", "fillingDate": "1989-12-31", "acceptedDate": "1989-12-30 19:00:00", "calendarYear": "1989", "period": "FY", "revenue": 277900000, "costOfRevenue": 114100000, "grossProfit": 163800000, "grossProfitRatio": 0.5894206549, "researchAndDevelopmentExpenses": 0, "generalAndAdministrativeExpenses": 0, "sellingAndMarketingExpenses": 0, "sellingGeneralAndAdministrativeExpenses": 34400000, "otherExpenses": 53100000, "operatingExpenses": 87500000, "costAndExpenses": 201600000, "interestIncome": 0, "interestExpense": 0, "depreciationAndAmortization": 33600000, "ebitda": 102700000, "ebitdaratio": 0.3695573947, "operatingIncome": 76300000, "operatingIncomeRatio": 0.274559194, "totalOtherIncomeExpensesNet": 7200000, "incomeBeforeTax": 83500000, "incomeBeforeTaxRatio": 0.3004677942, "incomeTaxExpense": 5100000, "netIncome": 71200000, "netIncomeRatio": 0.2562072688, "eps": 0.28, "epsdiluted": 0.28, "weightedAverageShsOut": 251545663, "weightedAverageShsOutDil": 251545663, "link": "", "finalLink": "", "calculatedOtherExpenses": 53100000, "calculatedOperatingExpenses": 87500000, "calculatedNetInterest": 0, "calculatedOtherIncome": 7200000, "calculatedIncomeNonControlling": 7200000, "calculatedEbitda": 109900000}, {"date": "1988-12-31", "symbol": "NTR", "reportedCurrency": "USD", "cik": "0001725964", "fillingDate": "1988-12-31", "acceptedDate": "1988-12-30 19:00:00", "calendarYear": "1988", "period": "FY", "revenue": 305800000, "costOfRevenue": 127500000, "grossProfit": 178300000, "grossProfitRatio": 0.5830608241, "researchAndDevelopmentExpenses": 0, "generalAndAdministrativeExpenses": 0, "sellingAndMarketingExpenses": 0, "sellingGeneralAndAdministrativeExpenses": 31600000, "otherExpenses": 32300000, "operatingExpenses": 63900000, "costAndExpenses": 191400000, "interestIncome": 0, "interestExpense": 8800000, "depreciationAndAmortization": 32300000, "ebitda": 144200000, "ebitdaratio": 0.4715500327, "operatingIncome": 114400000, "operatingIncomeRatio": 0.3741007194, "totalOtherIncomeExpensesNet": 2500000, "incomeBeforeTax": 105600000, "incomeBeforeTaxRatio": 0.345323741, "incomeTaxExpense": 16700000, "netIncome": 88900000, "netIncomeRatio": 0.2907128842, "eps": 0.28, "epsdiluted": 0.28, "weightedAverageShsOut": 317188476, "weightedAverageShsOutDil": 317188476, "link": "", "finalLink": "", "calculatedOtherExpenses": 32300000, "calculatedOperatingExpenses": 63900000, "calculatedNetInterest": -8800000, "calculatedOtherIncome": 0, "calculatedIncomeNonControlling": 0, "calculatedEbitda": 146700000}]}