{"originalCurrency": "USD", "convertedCurrency": "USD", "report": [{"date": "2023-12-31", "symbol": "NTRA", "reportedCurrency": "USD", "cik": "0001604821", "fillingDate": "2024-02-29", "acceptedDate": "2024-02-28 21:10:14", "calendarYear": "2023", "period": "FY", "revenue": 1082571000, "costOfRevenue": 589831000, "grossProfit": 492740000, "grossProfitRatio": 0.4551572137, "researchAndDevelopmentExpenses": 317999000, "generalAndAdministrativeExpenses": 0, "sellingAndMarketingExpenses": 0, "sellingGeneralAndAdministrativeExpenses": 618307000, "otherExpenses": 1267000, "operatingExpenses": 936306000, "costAndExpenses": 1526137000, "interestIncome": 24353000, "interestExpense": 12638000, "depreciationAndAmortization": 38616000, "ebitda": -404950000, "ebitdaratio": -0.3740632254, "operatingIncome": -443566000, "operatingIncomeRatio": -0.409733865, "totalOtherIncomeExpensesNet": 9036000, "incomeBeforeTax": -434530000, "incomeBeforeTaxRatio": -0.4013870684, "incomeTaxExpense": 271000, "netIncome": -434801000, "netIncomeRatio": -0.4016373984, "eps": -3.78, "epsdiluted": -3.78, "weightedAverageShsOut": 114997000, "weightedAverageShsOutDil": 114997000, "link": "https://www.sec.gov/Archives/edgar/data/1604821/000155837024002083/0001558370-24-002083-index.htm", "finalLink": "https://www.sec.gov/Archives/edgar/data/1604821/000155837024002083/ntra-20231231x10k.htm", "calculatedOtherExpenses": 0, "calculatedOperatingExpenses": 936306000, "calculatedNetInterest": 11715000, "calculatedOtherIncome": -2679000, "calculatedIncomeNonControlling": 0, "calculatedEbitda": -404950000}, {"date": "2022-12-31", "symbol": "NTRA", "reportedCurrency": "USD", "cik": "0001604821", "fillingDate": "2023-03-01", "acceptedDate": "2023-03-01 06:05:02", "calendarYear": "2022", "period": "FY", "revenue": 820222000, "costOfRevenue": 456256000, "grossProfit": 363966000, "grossProfitRatio": 0.4437408409, "researchAndDevelopmentExpenses": 316415000, "generalAndAdministrativeExpenses": 0, "sellingAndMarketingExpenses": 0, "sellingGeneralAndAdministrativeExpenses": 588591000, "otherExpenses": 2624000, "operatingExpenses": 905006000, "costAndExpenses": 1361262000, "interestIncome": 3538000, "interestExpense": 9319000, "depreciationAndAmortization": 3538000, "ebitda": -537502000, "ebitdaratio": -0.6553128299, "operatingIncome": -541040000, "operatingIncomeRatio": -0.6596262963, "totalOtherIncomeExpensesNet": -5781000, "incomeBeforeTax": -546821000, "incomeBeforeTaxRatio": -0.6666743882, "incomeTaxExpense": 978000, "netIncome": -547799000, "netIncomeRatio": -0.6678667483, "eps": -5.57, "epsdiluted": -5.57, "weightedAverageShsOut": 98408000, "weightedAverageShsOutDil": 98408000, "link": "https://www.sec.gov/Archives/edgar/data/1604821/000155837023002460/0001558370-23-002460-index.htm", "finalLink": "https://www.sec.gov/Archives/edgar/data/1604821/000155837023002460/ntra-20221231x10k.htm", "calculatedOtherExpenses": 0, "calculatedOperatingExpenses": 905006000, "calculatedNetInterest": -5781000, "calculatedOtherIncome": 0, "calculatedIncomeNonControlling": 0, "calculatedEbitda": -537502000}, {"date": "2021-12-31", "symbol": "NTRA", "reportedCurrency": "USD", "cik": "0001604821", "fillingDate": "2022-02-25", "acceptedDate": "2022-02-24 21:13:07", "calendarYear": "2021", "period": "FY", "revenue": 625486000, "costOfRevenue": 318418000, "grossProfit": 307068000, "grossProfitRatio": 0.4909270551, "researchAndDevelopmentExpenses": 264208000, "generalAndAdministrativeExpenses": 0, "sellingAndMarketingExpenses": 0, "sellingGeneralAndAdministrativeExpenses": 511034000, "otherExpenses": 5381000, "operatingExpenses": 775242000, "costAndExpenses": 1093660000, "interestIncome": 5381000, "interestExpense": 8305000, "depreciationAndAmortization": 5381000, "ebitda": -462793000, "ebitdaratio": -0.7398934588, "operatingIncome": -468174000, "operatingIncomeRatio": -0.7484963692, "totalOtherIncomeExpensesNet": -2924000, "incomeBeforeTax": -471098000, "incomeBeforeTaxRatio": -0.7531711341, "incomeTaxExpense": 618000, "netIncome": -471716000, "netIncomeRatio": -0.7541591658, "eps": -5.21, "epsdiluted": -5.21, "weightedAverageShsOut": 90558000, "weightedAverageShsOutDil": 90558000, "link": "https://www.sec.gov/Archives/edgar/data/1604821/000155837022002022/0001558370-22-002022-index.htm", "finalLink": "https://www.sec.gov/Archives/edgar/data/1604821/000155837022002022/ntra-20211231x10k.htm", "calculatedOtherExpenses": 0, "calculatedOperatingExpenses": 775242000, "calculatedNetInterest": -2924000, "calculatedOtherIncome": 0, "calculatedIncomeNonControlling": 0, "calculatedEbitda": -462793000}, {"date": "2020-12-31", "symbol": "NTRA", "reportedCurrency": "USD", "cik": "0001604821", "fillingDate": "2021-02-26", "acceptedDate": "2021-02-25 21:55:00", "calendarYear": "2020", "period": "FY", "revenue": 391005000, "costOfRevenue": 203620000, "grossProfit": 187385000, "grossProfitRatio": 0.4792393959, "researchAndDevelopmentExpenses": 100035000, "generalAndAdministrativeExpenses": 0, "sellingAndMarketingExpenses": 0, "sellingGeneralAndAdministrativeExpenses": 303627000, "otherExpenses": 7562000, "operatingExpenses": 403662000, "costAndExpenses": 607282000, "interestIncome": 7562000, "interestExpense": 15082000, "depreciationAndAmortization": 7562000, "ebitda": -208715000, "ebitdaratio": -0.533791128, "operatingIncome": -216277000, "operatingIncomeRatio": -0.5531310341, "totalOtherIncomeExpensesNet": -13368000, "incomeBeforeTax": -229645000, "incomeBeforeTaxRatio": -0.5873198552, "incomeTaxExpense": 98000, "netIncome": -229743000, "netIncomeRatio": -0.5875704914, "eps": -2.84, "epsdiluted": -2.84, "weightedAverageShsOut": 81011000, "weightedAverageShsOutDil": 81011000, "link": "https://www.sec.gov/Archives/edgar/data/1604821/000155837021001907/0001558370-21-001907-index.htm", "finalLink": "https://www.sec.gov/Archives/edgar/data/1604821/000155837021001907/ntra-20201231x10k.htm", "calculatedOtherExpenses": 0, "calculatedOperatingExpenses": 403662000, "calculatedNetInterest": -7520000, "calculatedOtherIncome": -5848000, "calculatedIncomeNonControlling": 0, "calculatedEbitda": -208715000}, {"date": "2019-12-31", "symbol": "NTRA", "reportedCurrency": "USD", "cik": "0001604821", "fillingDate": "2020-03-02", "acceptedDate": "2020-02-28 21:04:00", "calendarYear": "2019", "period": "FY", "revenue": 302328000, "costOfRevenue": 175470000, "grossProfit": 126858000, "grossProfitRatio": 0.4196038739, "researchAndDevelopmentExpenses": 51357000, "generalAndAdministrativeExpenses": 0, "sellingAndMarketingExpenses": 0, "sellingGeneralAndAdministrativeExpenses": 206176000, "otherExpenses": 0, "operatingExpenses": 257533000, "costAndExpenses": 433003000, "interestIncome": 4152000, "interestExpense": 10693000, "depreciationAndAmortization": 4152000, "ebitda": -126523000, "ebitdaratio": -0.4184958059, "operatingIncome": -130675000, "operatingIncomeRatio": -0.4322292345, "totalOtherIncomeExpensesNet": 7847000, "incomeBeforeTax": -122828000, "incomeBeforeTaxRatio": -0.4062739806, "incomeTaxExpense": 1999000, "netIncome": -124827000, "netIncomeRatio": -0.4128860046, "eps": -1.79, "epsdiluted": -1.79, "weightedAverageShsOut": 69555000, "weightedAverageShsOutDil": 69555000, "link": "https://www.sec.gov/Archives/edgar/data/1604821/000155837020001821/0001558370-20-001821-index.htm", "finalLink": "https://www.sec.gov/Archives/edgar/data/1604821/000155837020001821/ntra-20191231x10k8fb232.htm", "calculatedOtherExpenses": 0, "calculatedOperatingExpenses": 257533000, "calculatedNetInterest": -6541000, "calculatedOtherIncome": 14388000, "calculatedIncomeNonControlling": 0, "calculatedEbitda": -126523000}, {"date": "2018-12-31", "symbol": "NTRA", "reportedCurrency": "USD", "cik": "0001604821", "fillingDate": "2019-03-15", "acceptedDate": "2019-03-15 15:17:37", "calendarYear": "2018", "period": "FY", "revenue": 257654000, "costOfRevenue": 166055000, "grossProfit": 91599000, "grossProfitRatio": 0.3555116552, "researchAndDevelopmentExpenses": 51355000, "generalAndAdministrativeExpenses": 154872000, "sellingAndMarketingExpenses": 0, "sellingGeneralAndAdministrativeExpenses": 154872000, "otherExpenses": -2729000, "operatingExpenses": 206227000, "costAndExpenses": 372282000, "interestIncome": -2729000, "interestExpense": 10476000, "depreciationAndAmortization": 7501000, "ebitda": -117357000, "ebitdaratio": -0.4554829345, "operatingIncome": -114628000, "operatingIncomeRatio": -0.4448912107, "totalOtherIncomeExpensesNet": -2729000, "incomeBeforeTax": -127833000, "incomeBeforeTaxRatio": -0.4961421131, "incomeTaxExpense": 321000, "netIncome": -128154000, "netIncomeRatio": -0.4973879699, "eps": -2.22, "epsdiluted": -2.22, "weightedAverageShsOut": 57727027, "weightedAverageShsOutDil": 57848000, "link": "https://www.sec.gov/Archives/edgar/data/1604821/000155837019002131/0001558370-19-002131-index.htm", "finalLink": "https://www.sec.gov/Archives/edgar/data/1604821/000155837019002131/ntra-20181231x10k.htm", "calculatedOtherExpenses": 0, "calculatedOperatingExpenses": 206227000, "calculatedNetInterest": -13205000, "calculatedOtherIncome": 0, "calculatedIncomeNonControlling": 0, "calculatedEbitda": -107127000}, {"date": "2017-12-31", "symbol": "NTRA", "reportedCurrency": "USD", "cik": "0001604821", "fillingDate": "2018-03-15", "acceptedDate": "2018-03-15 17:30:52", "calendarYear": "2017", "period": "FY", "revenue": 210939000, "costOfRevenue": 139596000, "grossProfit": 71343000, "grossProfitRatio": 0.3382162616, "researchAndDevelopmentExpenses": 50064000, "generalAndAdministrativeExpenses": 155306000, "sellingAndMarketingExpenses": 0, "sellingGeneralAndAdministrativeExpenses": 155306000, "otherExpenses": 4088000, "operatingExpenses": 205370000, "costAndExpenses": 344966000, "interestIncome": 2380000, "interestExpense": 4213000, "depreciationAndAmortization": 7143000, "ebitda": -131647000, "ebitdaratio": -0.6240998583, "operatingIncome": -134027000, "operatingIncomeRatio": -0.635382741, "totalOtherIncomeExpensesNet": -1833000, "incomeBeforeTax": -135860000, "incomeBeforeTaxRatio": -0.644072457, "incomeTaxExpense": 454000, "netIncome": -136314000, "netIncomeRatio": -0.646224738, "eps": -2.56, "epsdiluted": -2.54, "weightedAverageShsOut": 53312000, "weightedAverageShsOutDil": 53604000, "link": "https://www.sec.gov/Archives/edgar/data/1604821/000155837018002153/0001558370-18-002153-index.htm", "finalLink": "https://www.sec.gov/Archives/edgar/data/1604821/000155837018002153/ntra-20171231x10k.htm", "calculatedOtherExpenses": 0, "calculatedOperatingExpenses": 205370000, "calculatedNetInterest": -1833000, "calculatedOtherIncome": 0, "calculatedIncomeNonControlling": 0, "calculatedEbitda": -126884000}, {"date": "2016-12-31", "symbol": "NTRA", "reportedCurrency": "USD", "cik": "0001604821", "fillingDate": "2017-03-16", "acceptedDate": "2017-03-16 16:37:45", "calendarYear": "2016", "period": "FY", "revenue": 217074000, "costOfRevenue": 135574000, "grossProfit": 81500000, "grossProfitRatio": 0.3754480039, "researchAndDevelopmentExpenses": 41862000, "generalAndAdministrativeExpenses": 136126000, "sellingAndMarketingExpenses": 0, "sellingGeneralAndAdministrativeExpenses": 136126000, "otherExpenses": 0, "operatingExpenses": 177988000, "costAndExpenses": 313562000, "interestIncome": 1398000, "interestExpense": 533000, "depreciationAndAmortization": 6176000, "ebitda": -95090000, "ebitdaratio": -0.4380533827, "operatingIncome": -96488000, "operatingIncomeRatio": -0.4444935828, "totalOtherIncomeExpensesNet": 865000, "incomeBeforeTax": -95623000, "incomeBeforeTaxRatio": -0.4405087666, "incomeTaxExpense": 142000, "netIncome": -95765000, "netIncomeRatio": -0.4411629214, "eps": -1.86, "epsdiluted": -1.86, "weightedAverageShsOut": 51449743, "weightedAverageShsOutDil": 51576000, "link": "https://www.sec.gov/Archives/edgar/data/1604821/000155837017001890/0001558370-17-001890-index.htm", "finalLink": "https://www.sec.gov/Archives/edgar/data/1604821/000155837017001890/ntra-20161231x10k.htm", "calculatedOtherExpenses": 0, "calculatedOperatingExpenses": 177988000, "calculatedNetInterest": 865000, "calculatedOtherIncome": 0, "calculatedIncomeNonControlling": 0, "calculatedEbitda": -90312000}, {"date": "2015-12-31", "symbol": "NTRA", "reportedCurrency": "USD", "cik": "0001604821", "fillingDate": "2016-03-24", "acceptedDate": "2016-03-23 21:55:55", "calendarYear": "2015", "period": "FY", "revenue": 190355000, "costOfRevenue": 112845000, "grossProfit": 77510000, "grossProfitRatio": 0.4071865725, "researchAndDevelopmentExpenses": 27711000, "generalAndAdministrativeExpenses": 109637000, "sellingAndMarketingExpenses": 0, "sellingGeneralAndAdministrativeExpenses": 109637000, "otherExpenses": -7896000, "operatingExpenses": 137348000, "costAndExpenses": 250193000, "interestIncome": 964000, "interestExpense": 3505000, "depreciationAndAmortization": 5535000, "ebitda": -66770000, "ebitdaratio": -0.3507656747, "operatingIncome": -59838000, "operatingIncomeRatio": -0.3143495049, "totalOtherIncomeExpensesNet": -7896000, "incomeBeforeTax": -70275000, "incomeBeforeTaxRatio": -0.3691786399, "incomeTaxExpense": -9926000, "netIncome": -70275000, "netIncomeRatio": -0.3691786399, "eps": -2.68, "epsdiluted": -2.68, "weightedAverageShsOut": 26204000, "weightedAverageShsOutDil": 26204000, "link": "https://www.sec.gov/Archives/edgar/data/1604821/000155837016004339/0001558370-16-004339-index.htm", "finalLink": "https://www.sec.gov/Archives/edgar/data/1604821/000155837016004339/ntra-20151231x10k.htm", "calculatedOtherExpenses": 0, "calculatedOperatingExpenses": 137348000, "calculatedNetInterest": -2541000, "calculatedOtherIncome": -7896000, "calculatedIncomeNonControlling": 9926000, "calculatedEbitda": -54303000}, {"date": "2014-12-31", "symbol": "NTRA", "reportedCurrency": "USD", "cik": "0001604821", "fillingDate": "2014-12-31", "acceptedDate": "2014-12-30 19:00:00", "calendarYear": "2014", "period": "FY", "revenue": 159289000, "costOfRevenue": 78396000, "grossProfit": 80893000, "grossProfitRatio": 0.5078379549, "researchAndDevelopmentExpenses": 17292000, "generalAndAdministrativeExpenses": 0, "sellingAndMarketingExpenses": 0, "sellingGeneralAndAdministrativeExpenses": 62936000, "otherExpenses": -1716000, "operatingExpenses": 80228000, "costAndExpenses": 158624000, "interestIncome": 118000, "interestExpense": 4219000, "depreciationAndAmortization": 5148000, "ebitda": 4215000, "ebitdaratio": 0.0264613376, "operatingIncome": 665000, "operatingIncomeRatio": 0.0041748018, "totalOtherIncomeExpensesNet": -1716000, "incomeBeforeTax": -5152000, "incomeBeforeTaxRatio": -0.0323437274, "incomeTaxExpense": 2503000, "netIncome": -5152000, "netIncomeRatio": -0.0323437274, "eps": -0.14, "epsdiluted": -0.14, "weightedAverageShsOut": 36686000, "weightedAverageShsOutDil": 36686000, "link": "", "finalLink": "", "calculatedOtherExpenses": 0, "calculatedOperatingExpenses": 80228000, "calculatedNetInterest": -4101000, "calculatedOtherIncome": -1716000, "calculatedIncomeNonControlling": -2503000, "calculatedEbitda": 5813000}, {"date": "2013-12-31", "symbol": "NTRA", "reportedCurrency": "USD", "cik": "0001604821", "fillingDate": "2013-12-31", "acceptedDate": "2013-12-30 19:00:00", "calendarYear": "2013", "period": "FY", "revenue": 55171000, "costOfRevenue": 37275000, "grossProfit": 17896000, "grossProfitRatio": 0.3243733121, "researchAndDevelopmentExpenses": 11550000, "generalAndAdministrativeExpenses": 0, "sellingAndMarketingExpenses": 0, "sellingGeneralAndAdministrativeExpenses": 31614000, "otherExpenses": 98000, "operatingExpenses": 43164000, "costAndExpenses": 80439000, "interestIncome": -2166000, "interestExpense": 11940000, "depreciationAndAmortization": 2528000, "ebitda": -22642000, "ebitdaratio": -0.4103967664, "operatingIncome": -25268000, "operatingIncomeRatio": -0.4579942361, "totalOtherIncomeExpensesNet": 98000, "incomeBeforeTax": -37110000, "incomeBeforeTaxRatio": -0.6726359863, "incomeTaxExpense": 12038000, "netIncome": -37110000, "netIncomeRatio": -0.6726359863, "eps": -1.01, "epsdiluted": -1.01, "weightedAverageShsOut": 36686000, "weightedAverageShsOutDil": 36686000, "link": "", "finalLink": "", "calculatedOtherExpenses": 0, "calculatedOperatingExpenses": 43164000, "calculatedNetInterest": -14106000, "calculatedOtherIncome": 2264000, "calculatedIncomeNonControlling": -12038000, "calculatedEbitda": -22740000}]}