{"originalCurrency": "USD", "convertedCurrency": "USD", "report": [{"date": "2023-12-31", "symbol": "NTRSO", "reportedCurrency": "USD", "cik": "0000073124", "fillingDate": "2024-02-27", "acceptedDate": "2024-02-27 17:23:06", "calendarYear": "2023", "period": "FY", "revenue": 12116500000, "costOfRevenue": 0, "grossProfit": 12116500000, "grossProfitRatio": 1, "researchAndDevelopmentExpenses": 0, "generalAndAdministrativeExpenses": 2837300000, "sellingAndMarketingExpenses": 74800000, "sellingGeneralAndAdministrativeExpenses": 2912100000, "otherExpenses": -1379400000, "operatingExpenses": 1379400000, "costAndExpenses": 10651700000, "interestIncome": 7325000000, "interestExpense": 5343000000, "depreciationAndAmortization": 634600000, "ebitda": -53400000, "ebitdaratio": -0.0044072133, "operatingIncome": 1464800000, "operatingIncomeRatio": 0.1208929972, "totalOtherIncomeExpensesNet": 1464800000, "incomeBeforeTax": 1464800000, "incomeBeforeTaxRatio": 0.1208929972, "incomeTaxExpense": 357500000, "netIncome": 1107300000, "netIncomeRatio": 0.091387777, "eps": 5.09, "epsdiluted": 5.08, "weightedAverageShsOut": 207248094, "weightedAverageShsOutDil": 207563746, "link": "https://www.sec.gov/Archives/edgar/data/73124/000007312424000073/0000073124-24-000073-index.htm", "finalLink": "https://www.sec.gov/Archives/edgar/data/73124/000007312424000073/ntrs-20231231.htm", "calculatedOtherExpenses": 7739600000, "calculatedOperatingExpenses": 10651700000, "calculatedNetInterest": 1982000000, "calculatedOtherIncome": -1982000000, "calculatedIncomeNonControlling": 0, "calculatedEbitda": 2099400000}, {"date": "2022-12-31", "symbol": "NTRSO", "reportedCurrency": "USD", "cik": "0000073124", "fillingDate": "2023-02-28", "acceptedDate": "2023-02-28 16:20:50", "calendarYear": "2022", "period": "FY", "revenue": 6749200000, "costOfRevenue": 0, "grossProfit": 6749200000, "grossProfitRatio": 1, "researchAndDevelopmentExpenses": 0, "generalAndAdministrativeExpenses": 2685400000, "sellingAndMarketingExpenses": 76700000, "sellingGeneralAndAdministrativeExpenses": 2685400000, "otherExpenses": -7184200000, "operatingExpenses": -4498800000, "costAndExpenses": -4498800000, "interestIncome": 2877700000, "interestExpense": 990500000, "depreciationAndAmortization": 553600000, "ebitda": 2816000000, "ebitdaratio": 0.4172346352, "operatingIncome": 2262400000, "operatingIncomeRatio": 0.335210099, "totalOtherIncomeExpensesNet": -496100000, "incomeBeforeTax": 1766300000, "incomeBeforeTaxRatio": 0.261705091, "incomeTaxExpense": 430300000, "netIncome": 1336000000, "netIncomeRatio": 0.1979493866, "eps": 6.16, "epsdiluted": 6.14, "weightedAverageShsOut": 208309331, "weightedAverageShsOutDil": 208867264, "link": "https://www.sec.gov/Archives/edgar/data/73124/000007312423000049/0000073124-23-000049-index.htm", "finalLink": "https://www.sec.gov/Archives/edgar/data/73124/000007312423000049/ntrs-20221231.htm", "calculatedOtherExpenses": 1801400000, "calculatedOperatingExpenses": 4486800000, "calculatedNetInterest": 1887200000, "calculatedOtherIncome": -2383300000, "calculatedIncomeNonControlling": 0, "calculatedEbitda": 2816000000}, {"date": "2021-12-31", "symbol": "NTRSO", "reportedCurrency": "USD", "cik": "0000073124", "fillingDate": "2022-02-28", "acceptedDate": "2022-02-28 16:35:35", "calendarYear": "2021", "period": "FY", "revenue": 6546000000, "costOfRevenue": 0, "grossProfit": 6546000000, "grossProfitRatio": 1, "researchAndDevelopmentExpenses": 0, "generalAndAdministrativeExpenses": 2442400000, "sellingAndMarketingExpenses": 65500000, "sellingGeneralAndAdministrativeExpenses": 2442400000, "otherExpenses": -6896800000, "operatingExpenses": -4454400000, "costAndExpenses": -4454400000, "interestIncome": 1406500000, "interestExpense": 23800000, "depreciationAndAmortization": 515600000, "ebitda": 2525700000, "ebitdaratio": 0.3858386801, "operatingIncome": 2010100000, "operatingIncomeRatio": 0.3070730217, "totalOtherIncomeExpensesNet": 2010100000, "incomeBeforeTax": 2010100000, "incomeBeforeTaxRatio": 0.3070730217, "incomeTaxExpense": 464800000, "netIncome": 1545300000, "netIncomeRatio": 0.2360678277, "eps": 7.16, "epsdiluted": 7.14, "weightedAverageShsOut": 208075522, "weightedAverageShsOutDil": 208899230, "link": "https://www.sec.gov/Archives/edgar/data/73124/000007312422000071/0000073124-22-000071-index.htm", "finalLink": "https://www.sec.gov/Archives/edgar/data/73124/000007312422000071/ntrs-20211231.htm", "calculatedOtherExpenses": 2093500000, "calculatedOperatingExpenses": 4535900000, "calculatedNetInterest": 1382700000, "calculatedOtherIncome": -1382700000, "calculatedIncomeNonControlling": 0, "calculatedEbitda": 2525700000}, {"date": "2020-12-31", "symbol": "NTRSO", "reportedCurrency": "USD", "cik": "0000073124", "fillingDate": "2021-02-23", "acceptedDate": "2021-02-23 16:51:30", "calendarYear": "2020", "period": "FY", "revenue": 5975800000, "costOfRevenue": 0, "grossProfit": 5975800000, "grossProfitRatio": 1, "researchAndDevelopmentExpenses": 0, "generalAndAdministrativeExpenses": 2334800000, "sellingAndMarketingExpenses": 59200000, "sellingGeneralAndAdministrativeExpenses": 2334800000, "otherExpenses": -6808000000, "operatingExpenses": -4473200000, "costAndExpenses": -4473200000, "interestIncome": 1643500000, "interestExpense": 200300000, "depreciationAndAmortization": 500300000, "ebitda": 2127900000, "ebitdaratio": 0.3560862144, "operatingIncome": 1627600000, "operatingIncomeRatio": 0.2723652063, "totalOtherIncomeExpensesNet": 1627600000, "incomeBeforeTax": 1627600000, "incomeBeforeTaxRatio": 0.2723652063, "incomeTaxExpense": 418300000, "netIncome": 1209300000, "netIncomeRatio": 0.2023662104, "eps": 5.48, "epsdiluted": 5.46, "weightedAverageShsOut": 208319412, "weightedAverageShsOutDil": 209007986, "link": "https://www.sec.gov/Archives/edgar/data/73124/000007312421000071/0000073124-21-000071-index.htm", "finalLink": "https://www.sec.gov/Archives/edgar/data/73124/000007312421000071/ntrs-20201231.htm", "calculatedOtherExpenses": 2013400000, "calculatedOperatingExpenses": 4348200000, "calculatedNetInterest": 1443200000, "calculatedOtherIncome": -1443200000, "calculatedIncomeNonControlling": 0, "calculatedEbitda": 2127900000}, {"date": "2019-12-31", "symbol": "NTRSO", "reportedCurrency": "USD", "cik": "0000073124", "fillingDate": "2020-02-25", "acceptedDate": "2020-02-25 17:06:15", "calendarYear": "2019", "period": "FY", "revenue": 6087600000, "costOfRevenue": 0, "grossProfit": 6087600000, "grossProfitRatio": 1, "researchAndDevelopmentExpenses": 0, "generalAndAdministrativeExpenses": 2214200000, "sellingAndMarketingExpenses": 104200000, "sellingGeneralAndAdministrativeExpenses": 2214200000, "otherExpenses": -6343200000, "operatingExpenses": -4129000000, "costAndExpenses": -4129000000, "interestIncome": 2499900000, "interestExpense": 822000000, "depreciationAndAmortization": 458900000, "ebitda": 2403000000, "ebitdaratio": 0.3947368421, "operatingIncome": 1944100000, "operatingIncomeRatio": 0.3193540969, "totalOtherIncomeExpensesNet": 1944100000, "incomeBeforeTax": 1944100000, "incomeBeforeTaxRatio": 0.3193540969, "incomeTaxExpense": 451900000, "netIncome": 1492200000, "netIncomeRatio": 0.24512123, "eps": 6.66, "epsdiluted": 6.63, "weightedAverageShsOut": 214525547, "weightedAverageShsOutDil": 215601149, "link": "https://www.sec.gov/Archives/edgar/data/73124/000007312420000101/0000073124-20-000101-index.htm", "finalLink": "https://www.sec.gov/Archives/edgar/data/73124/000007312420000101/a201910-k.htm", "calculatedOtherExpenses": 1929300000, "calculatedOperatingExpenses": 4143500000, "calculatedNetInterest": 1677900000, "calculatedOtherIncome": -1677900000, "calculatedIncomeNonControlling": 0, "calculatedEbitda": 2403000000}, {"date": "2018-12-31", "symbol": "NTRSO", "reportedCurrency": "USD", "cik": "0000073124", "fillingDate": "2019-02-26", "acceptedDate": "2019-02-26 16:37:47", "calendarYear": "2018", "period": "FY", "revenue": 5974700000, "costOfRevenue": 0, "grossProfit": 5974700000, "grossProfitRatio": 1, "researchAndDevelopmentExpenses": 0, "generalAndAdministrativeExpenses": 2163600000, "sellingAndMarketingExpenses": 98300000, "sellingGeneralAndAdministrativeExpenses": 2163600000, "otherExpenses": 2378100000, "operatingExpenses": 4701000000, "costAndExpenses": 4701000000, "interestIncome": 2321400000, "interestExpense": 698700000, "depreciationAndAmortization": 460900000, "ebitda": 3117400000, "ebitdaratio": 0.5217667833, "operatingIncome": 2656500000, "operatingIncomeRatio": 0.4446248347, "totalOtherIncomeExpensesNet": -698700000, "incomeBeforeTax": 1957800000, "incomeBeforeTaxRatio": 0.3276817246, "incomeTaxExpense": 401400000, "netIncome": 1556400000, "netIncomeRatio": 0.2604984351, "eps": 6.97, "epsdiluted": 6.93, "weightedAverageShsOut": 223148335, "weightedAverageShsOutDil": 224488326, "link": "https://www.sec.gov/Archives/edgar/data/73124/000007312419000088/0000073124-19-000088-index.htm", "finalLink": "https://www.sec.gov/Archives/edgar/data/73124/000007312419000088/a201810-k.htm", "calculatedOtherExpenses": 1154600000, "calculatedOperatingExpenses": 3318200000, "calculatedNetInterest": 1622700000, "calculatedOtherIncome": -2321400000, "calculatedIncomeNonControlling": 0, "calculatedEbitda": 3117400000}, {"date": "2017-12-31", "symbol": "NTRSO", "reportedCurrency": "USD", "cik": "0000073124", "fillingDate": "2018-02-27", "acceptedDate": "2018-02-27 17:02:44", "calendarYear": "2017", "period": "FY", "revenue": 5403300000, "costOfRevenue": 0, "grossProfit": 5403300000, "grossProfitRatio": 1, "researchAndDevelopmentExpenses": 0, "generalAndAdministrativeExpenses": 2053600000, "sellingAndMarketingExpenses": 95400000, "sellingGeneralAndAdministrativeExpenses": 2053600000, "otherExpenses": 1855500000, "operatingExpenses": 4082000000, "costAndExpenses": 4750400000, "interestIncome": 1769400000, "interestExpense": 340200000, "depreciationAndAmortization": 421700000, "ebitda": 2395800000, "ebitdaratio": 0.4433957026, "operatingIncome": 1974100000, "operatingIncomeRatio": 0.3653508041, "totalOtherIncomeExpensesNet": -340200000, "incomeBeforeTax": 1633900000, "incomeBeforeTaxRatio": 0.3023892806, "incomeTaxExpense": 434900000, "netIncome": 1199000000, "netIncomeRatio": 0.2219014306, "eps": 4.95, "epsdiluted": 4.92, "weightedAverageShsOut": 228257664, "weightedAverageShsOutDil": 229654401, "link": "https://www.sec.gov/Archives/edgar/data/73124/000007312418000141/0000073124-18-000141-index.htm", "finalLink": "https://www.sec.gov/Archives/edgar/data/73124/000007312418000141/a201710-k.htm", "calculatedOtherExpenses": 1375600000, "calculatedOperatingExpenses": 3429200000, "calculatedNetInterest": 1429200000, "calculatedOtherIncome": -1769400000, "calculatedIncomeNonControlling": 0, "calculatedEbitda": 2395800000}, {"date": "2016-12-31", "symbol": "NTRSO", "reportedCurrency": "USD", "cik": "0000073124", "fillingDate": "2017-02-28", "acceptedDate": "2017-02-27 21:25:26", "calendarYear": "2016", "period": "FY", "revenue": 5006700000, "costOfRevenue": 0, "grossProfit": 5006700000, "grossProfitRatio": 1, "researchAndDevelopmentExpenses": 0, "generalAndAdministrativeExpenses": 1816900000, "sellingAndMarketingExpenses": 83600000, "sellingGeneralAndAdministrativeExpenses": 1816900000, "otherExpenses": 1634300000, "operatingExpenses": 3627000000, "costAndExpenses": 4135900000, "interestIncome": 1416900000, "interestExpense": 182000000, "depreciationAndAmortization": 373300000, "ebitda": 2072400000, "ebitdaratio": 0.41392534, "operatingIncome": 1699100000, "operatingIncomeRatio": 0.3393652506, "totalOtherIncomeExpensesNet": -182000000, "incomeBeforeTax": 1517100000, "incomeBeforeTaxRatio": 0.3030139613, "incomeTaxExpense": 484600000, "netIncome": 1032500000, "netIncomeRatio": 0.2062236603, "eps": 4.35, "epsdiluted": 4.32, "weightedAverageShsOut": 227580584, "weightedAverageShsOutDil": 229151406, "link": "https://www.sec.gov/Archives/edgar/data/73124/000007312417000117/0000073124-17-000117-index.htm", "finalLink": "https://www.sec.gov/Archives/edgar/data/73124/000007312417000117/a201610-k.htm", "calculatedOtherExpenses": 1490700000, "calculatedOperatingExpenses": 3307600000, "calculatedNetInterest": 1234900000, "calculatedOtherIncome": -1416900000, "calculatedIncomeNonControlling": 0, "calculatedEbitda": 2072400000}, {"date": "2015-12-31", "symbol": "NTRSO", "reportedCurrency": "USD", "cik": "0000073124", "fillingDate": "2016-02-29", "acceptedDate": "2016-02-29 16:57:00", "calendarYear": "2015", "period": "FY", "revenue": 4745600000, "costOfRevenue": 0, "grossProfit": 4745600000, "grossProfitRatio": 1, "researchAndDevelopmentExpenses": 0, "generalAndAdministrativeExpenses": 1728600000, "sellingAndMarketingExpenses": 93200000, "sellingGeneralAndAdministrativeExpenses": 1728600000, "otherExpenses": 1504500000, "operatingExpenses": 3392000000, "costAndExpenses": 3887800000, "interestIncome": 1224000000, "interestExpense": 153900000, "depreciationAndAmortization": 351600000, "ebitda": 1970500000, "ebitdaratio": 0.4152267363, "operatingIncome": 1618900000, "operatingIncomeRatio": 0.3411370533, "totalOtherIncomeExpensesNet": -153900000, "incomeBeforeTax": 1465000000, "incomeBeforeTaxRatio": 0.3087070128, "incomeTaxExpense": 491200000, "netIncome": 973800000, "netIncomeRatio": 0.2052006069, "eps": 4.03, "epsdiluted": 3.99, "weightedAverageShsOut": 232279849, "weightedAverageShsOutDil": 234221729, "link": "https://www.sec.gov/Archives/edgar/data/73124/000007312416000324/0000073124-16-000324-index.htm", "finalLink": "https://www.sec.gov/Archives/edgar/data/73124/000007312416000324/ntrs2015123110-k.htm", "calculatedOtherExpenses": 1398100000, "calculatedOperatingExpenses": 3126700000, "calculatedNetInterest": 1070100000, "calculatedOtherIncome": -1224000000, "calculatedIncomeNonControlling": 0, "calculatedEbitda": 1970500000}, {"date": "2014-12-31", "symbol": "NTRSO", "reportedCurrency": "USD", "cik": "0000073124", "fillingDate": "2015-02-26", "acceptedDate": "2015-02-26 17:04:56", "calendarYear": "2014", "period": "FY", "revenue": 4325200000, "costOfRevenue": 0, "grossProfit": 4325200000, "grossProfitRatio": 1, "researchAndDevelopmentExpenses": 0, "generalAndAdministrativeExpenses": 1686600000, "sellingAndMarketingExpenses": 88000000, "sellingGeneralAndAdministrativeExpenses": 1686600000, "otherExpenses": 1486300000, "operatingExpenses": 3322000000, "costAndExpenses": 3896600000, "interestIncome": 1186900000, "interestExpense": 181400000, "depreciationAndAmortization": 335700000, "ebitda": 1707300000, "ebitdaratio": 0.3947331915, "operatingIncome": 1371600000, "operatingIncomeRatio": 0.3171182835, "totalOtherIncomeExpensesNet": -181400000, "incomeBeforeTax": 1190200000, "incomeBeforeTaxRatio": 0.2751780264, "incomeTaxExpense": 378400000, "netIncome": 811800000, "netIncomeRatio": 0.1876907426, "eps": 3.34, "epsdiluted": 3.32, "weightedAverageShsOut": 235829790, "weightedAverageShsOutDil": 237720255, "link": "https://www.sec.gov/Archives/edgar/data/73124/000119312515065963/0001193125-15-065963-index.htm", "finalLink": "https://www.sec.gov/Archives/edgar/data/73124/000119312515065963/d802907d10k.htm", "calculatedOtherExpenses": 1267000000, "calculatedOperatingExpenses": 2953600000, "calculatedNetInterest": 1005500000, "calculatedOtherIncome": -1186900000, "calculatedIncomeNonControlling": 0, "calculatedEbitda": 1707300000}, {"date": "2013-12-31", "symbol": "NTRSO", "reportedCurrency": "USD", "cik": "0000073124", "fillingDate": "2014-02-26", "acceptedDate": "2014-02-26 16:43:54", "calendarYear": "2013", "period": "FY", "revenue": 4069300000, "costOfRevenue": 0, "grossProfit": 4069300000, "grossProfitRatio": 1, "researchAndDevelopmentExpenses": 0, "generalAndAdministrativeExpenses": 1564100000, "sellingAndMarketingExpenses": 91600000, "sellingGeneralAndAdministrativeExpenses": 1564100000, "otherExpenses": 1517700000, "operatingExpenses": 3236000000, "costAndExpenses": 3800100000, "interestIncome": 1155500000, "interestExpense": 222400000, "depreciationAndAmortization": 318500000, "ebitda": 1616400000, "ebitdaratio": 0.3972181948, "operatingIncome": 213700000, "operatingIncomeRatio": 0.0525151746, "totalOtherIncomeExpensesNet": 865200000, "incomeBeforeTax": 1075500000, "incomeBeforeTaxRatio": 0.2642960706, "incomeTaxExpense": 344200000, "netIncome": 731300000, "netIncomeRatio": 0.1797114983, "eps": 3.01, "epsdiluted": 2.99, "weightedAverageShsOut": 239265313, "weightedAverageShsOutDil": 240554840, "link": "https://www.sec.gov/Archives/edgar/data/73124/000119312514069870/0001193125-14-069870-index.htm", "finalLink": "https://www.sec.gov/Archives/edgar/data/73124/000119312514069870/d619551d10k.htm", "calculatedOtherExpenses": 2291500000, "calculatedOperatingExpenses": 3855600000, "calculatedNetInterest": 933100000, "calculatedOtherIncome": -71300000, "calculatedIncomeNonControlling": 0, "calculatedEbitda": 532200000}, {"date": "2012-12-31", "symbol": "NTRSO", "reportedCurrency": "USD", "cik": "0000073124", "fillingDate": "2013-02-26", "acceptedDate": "2013-02-26 14:32:01", "calendarYear": "2012", "period": "FY", "revenue": 3871100000, "costOfRevenue": 0, "grossProfit": 3871100000, "grossProfitRatio": 1, "researchAndDevelopmentExpenses": 0, "generalAndAdministrativeExpenses": 1525600000, "sellingAndMarketingExpenses": 87800000, "sellingGeneralAndAdministrativeExpenses": 1525600000, "otherExpenses": 1520300000, "operatingExpenses": 3201000000, "costAndExpenses": 3730200000, "interestIncome": 1287700000, "interestExpense": 297400000, "depreciationAndAmortization": 289400000, "ebitda": 1579100000, "ebitdaratio": 0.4079202294, "operatingIncome": 245700000, "operatingIncomeRatio": 0.0634703314, "totalOtherIncomeExpensesNet": 782600000, "incomeBeforeTax": 992300000, "incomeBeforeTaxRatio": 0.2563354085, "incomeTaxExpense": 305000000, "netIncome": 687300000, "netIncomeRatio": 0.1775464338, "eps": 2.82, "epsdiluted": 2.81, "weightedAverageShsOut": 240417805, "weightedAverageShsOutDil": 240881244, "link": "https://www.sec.gov/Archives/edgar/data/73124/000119312513076407/0001193125-13-076407-index.htm", "finalLink": "https://www.sec.gov/Archives/edgar/data/73124/000119312513076407/d417421d10k.htm", "calculatedOtherExpenses": 2099800000, "calculatedOperatingExpenses": 3625400000, "calculatedNetInterest": 990300000, "calculatedOtherIncome": -243700000, "calculatedIncomeNonControlling": 0, "calculatedEbitda": 535100000}, {"date": "2011-12-31", "symbol": "NTRSO", "reportedCurrency": "USD", "cik": "0000073124", "fillingDate": "2012-02-24", "acceptedDate": "2012-02-24 17:06:53", "calendarYear": "2011", "period": "FY", "revenue": 3793000000, "costOfRevenue": 23100000, "grossProfit": 3769900000, "grossProfitRatio": 0.9939098339, "researchAndDevelopmentExpenses": 0, "generalAndAdministrativeExpenses": 1525400000, "sellingAndMarketingExpenses": 82100000, "sellingGeneralAndAdministrativeExpenses": 1525400000, "otherExpenses": 1611600000, "operatingExpenses": 3286000000, "costAndExpenses": 3309100000, "interestIncome": 1408600000, "interestExpense": 399500000, "depreciationAndAmortization": 265100000, "ebitda": 1548300000, "ebitdaratio": 0.4081993145, "operatingIncome": 87300000, "operatingIncomeRatio": 0.0230160823, "totalOtherIncomeExpensesNet": 758600000, "incomeBeforeTax": 883700000, "incomeBeforeTaxRatio": 0.2329818086, "incomeTaxExpense": 280100000, "netIncome": 603600000, "netIncomeRatio": 0.1591352491, "eps": 2.47, "epsdiluted": 2.47, "weightedAverageShsOut": 241401310, "weightedAverageShsOutDil": 241811384, "link": "https://www.sec.gov/Archives/edgar/data/73124/000119312512078391/0001193125-12-078391-index.htm", "finalLink": "https://www.sec.gov/Archives/edgar/data/73124/000119312512078391/d238252d10k.htm", "calculatedOtherExpenses": 2157200000, "calculatedOperatingExpenses": 3682600000, "calculatedNetInterest": 1009100000, "calculatedOtherIncome": -212700000, "calculatedIncomeNonControlling": 0, "calculatedEbitda": 352400000}, {"date": "2010-12-31", "symbol": "NTRSO", "reportedCurrency": "USD", "cik": "0000073124", "fillingDate": "2011-02-25", "acceptedDate": "2011-02-25 17:06:19", "calendarYear": "2010", "period": "FY", "revenue": 3719800000, "costOfRevenue": 163200000, "grossProfit": 3556600000, "grossProfitRatio": 0.9561266735, "researchAndDevelopmentExpenses": 0, "generalAndAdministrativeExpenses": 1345600000, "sellingAndMarketingExpenses": 81000000, "sellingGeneralAndAdministrativeExpenses": 1345600000, "otherExpenses": 1538100000, "operatingExpenses": 3036000000, "costAndExpenses": 1037400000, "interestIncome": 1335800000, "interestExpense": 378000000, "depreciationAndAmortization": 249500000, "ebitda": 1617300000, "ebitdaratio": 0.4347814399, "operatingIncome": 120600000, "operatingIncomeRatio": 0.0324210979, "totalOtherIncomeExpensesNet": 654800000, "incomeBeforeTax": 989800000, "incomeBeforeTaxRatio": 0.2660895747, "incomeTaxExpense": 320300000, "netIncome": 669500000, "netIncomeRatio": 0.1799827948, "eps": 2.74, "epsdiluted": 2.74, "weightedAverageShsOut": 242028776, "weightedAverageShsOutDil": 242502531, "link": "https://www.sec.gov/Archives/edgar/data/73124/000119312511047592/0001193125-11-047592-index.htm", "finalLink": "https://www.sec.gov/Archives/edgar/data/73124/000119312511047592/d10k.htm", "calculatedOtherExpenses": 2090400000, "calculatedOperatingExpenses": 3436000000, "calculatedNetInterest": 957800000, "calculatedOtherIncome": -88600000, "calculatedIncomeNonControlling": 0, "calculatedEbitda": 370100000}, {"date": "2009-12-31", "symbol": "NTRSO", "reportedCurrency": "USD", "cik": "0000073124", "fillingDate": "2010-02-26", "acceptedDate": "2010-02-26 15:13:15", "calendarYear": "2009", "period": "FY", "revenue": 3844900000, "costOfRevenue": 107600000, "grossProfit": 3737300000, "grossProfitRatio": 0.9720148768, "researchAndDevelopmentExpenses": 0, "generalAndAdministrativeExpenses": 1341800000, "sellingAndMarketingExpenses": 66600000, "sellingGeneralAndAdministrativeExpenses": 1341800000, "otherExpenses": 1444200000, "operatingExpenses": 2938000000, "costAndExpenses": 975100000, "interestIncome": 1446200000, "interestExpense": 406200000, "depreciationAndAmortization": 243700000, "ebitda": 1905100000, "ebitdaratio": 0.4954875289, "operatingIncome": 113200000, "operatingIncomeRatio": 0.029441598, "totalOtherIncomeExpensesNet": 871300000, "incomeBeforeTax": 1255200000, "incomeBeforeTaxRatio": 0.3264584254, "incomeTaxExpense": 391000000, "netIncome": 864200000, "netIncomeRatio": 0.2247652735, "eps": 3.18, "epsdiluted": 3.16, "weightedAverageShsOut": 235511879, "weightedAverageShsOutDil": 236416029, "link": "https://www.sec.gov/Archives/edgar/data/73124/000119312510042685/0001193125-10-042685-index.htm", "finalLink": "https://www.sec.gov/Archives/edgar/data/73124/000119312510042685/d10k.htm", "calculatedOtherExpenses": 2282300000, "calculatedOperatingExpenses": 3624100000, "calculatedNetInterest": 1040000000, "calculatedOtherIncome": 102000000, "calculatedIncomeNonControlling": 0, "calculatedEbitda": 356900000}, {"date": "2008-12-31", "symbol": "NTRSO", "reportedCurrency": "USD", "cik": "0000073124", "fillingDate": "2009-02-27", "acceptedDate": "2009-02-27 13:16:37", "calendarYear": "2008", "period": "FY", "revenue": 4236500000, "costOfRevenue": 310500000, "grossProfit": 3926000000, "grossProfitRatio": 0.9267083678, "researchAndDevelopmentExpenses": 0, "generalAndAdministrativeExpenses": 1356500000, "sellingAndMarketingExpenses": 87800000, "sellingGeneralAndAdministrativeExpenses": 1356500000, "otherExpenses": 2957700000, "operatingExpenses": 4402000000, "costAndExpenses": 1214200000, "interestIncome": 2528300000, "interestExpense": 1399400000, "depreciationAndAmortization": 220400000, "ebitda": 2895500000, "ebitdaratio": 0.6834651245, "operatingIncome": 165700000, "operatingIncomeRatio": 0.0391124749, "totalOtherIncomeExpensesNet": 1164200000, "incomeBeforeTax": 1275700000, "incomeBeforeTaxRatio": 0.3011212085, "incomeTaxExpense": 480900000, "netIncome": 794800000, "netIncomeRatio": 0.187607695, "eps": 3.51, "epsdiluted": 3.47, "weightedAverageShsOut": 221446382, "weightedAverageShsOutDil": 224053430, "link": "https://www.sec.gov/Archives/edgar/data/73124/000119312509040606/0001193125-09-040606-index.htm", "finalLink": "https://www.sec.gov/Archives/edgar/data/73124/000119312509040606/d10k.htm", "calculatedOtherExpenses": 2403800000, "calculatedOperatingExpenses": 3760300000, "calculatedNetInterest": 1128900000, "calculatedOtherIncome": -18900000, "calculatedIncomeNonControlling": 0, "calculatedEbitda": 386100000}, {"date": "2007-12-31", "symbol": "NTRSO", "reportedCurrency": "USD", "cik": "0000073124", "fillingDate": "2008-02-28", "acceptedDate": "2008-02-28 15:51:22", "calendarYear": "2007", "period": "FY", "revenue": 3506900000, "costOfRevenue": 128800000, "grossProfit": 3378100000, "grossProfitRatio": 0.9632724058, "researchAndDevelopmentExpenses": 0, "generalAndAdministrativeExpenses": 1273100000, "sellingAndMarketingExpenses": 77000000, "sellingGeneralAndAdministrativeExpenses": 1350100000, "otherExpenses": 3036900000, "operatingExpenses": 4387000000, "costAndExpenses": 942000000, "interestIncome": 2717700000, "interestExpense": 1886100000, "depreciationAndAmortization": 211400000, "ebitda": 3158300000, "ebitdaratio": 0.9005959679, "operatingIncome": 84200000, "operatingIncomeRatio": 0.0240098092, "totalOtherIncomeExpensesNet": 678700000, "incomeBeforeTax": 1060800000, "incomeBeforeTaxRatio": 0.3024893781, "incomeTaxExpense": 333900000, "netIncome": 726900000, "netIncomeRatio": 0.2072770823, "eps": 3.28, "epsdiluted": 3.23, "weightedAverageShsOut": 219680628, "weightedAverageShsOutDil": 223079180, "link": "https://www.sec.gov/Archives/edgar/data/73124/000119312508041690/0001193125-08-041690-index.htm", "finalLink": "https://www.sec.gov/Archives/edgar/data/73124/000119312508041690/d10k.htm", "calculatedOtherExpenses": 1943800000, "calculatedOperatingExpenses": 3293900000, "calculatedNetInterest": 831600000, "calculatedOtherIncome": 145000000, "calculatedIncomeNonControlling": 0, "calculatedEbitda": 295600000}, {"date": "2006-12-31", "symbol": "NTRSO", "reportedCurrency": "USD", "cik": "0000073124", "fillingDate": "2007-02-28", "acceptedDate": "2007-02-28 17:06:55", "calendarYear": "2006", "period": "FY", "revenue": 2996100000, "costOfRevenue": 464000000, "grossProfit": 2532100000, "grossProfitRatio": 0.8451320049, "researchAndDevelopmentExpenses": 0, "generalAndAdministrativeExpenses": 1094200000, "sellingAndMarketingExpenses": 65200000, "sellingGeneralAndAdministrativeExpenses": 1159400000, "otherExpenses": 2317600000, "operatingExpenses": 3477000000, "costAndExpenses": 1129100000, "interestIncome": 2206800000, "interestExpense": 1476900000, "depreciationAndAmortization": 199600000, "ebitda": 2700700000, "ebitdaratio": 0.90140516, "operatingIncome": 76700000, "operatingIncomeRatio": 0.0255999466, "totalOtherIncomeExpensesNet": 678300000, "incomeBeforeTax": 1024200000, "incomeBeforeTaxRatio": 0.3418443977, "incomeTaxExpense": 358800000, "netIncome": 665400000, "netIncomeRatio": 0.2220887153, "eps": 3.06, "epsdiluted": 3, "weightedAverageShsOut": 217766035, "weightedAverageShsOutDil": 221784114, "link": "https://www.sec.gov/Archives/edgar/data/73124/000119312507042778/0001193125-07-042778-index.htm", "finalLink": "https://www.sec.gov/Archives/edgar/data/73124/000119312507042778/d10k.htm", "calculatedOtherExpenses": 1296000000, "calculatedOperatingExpenses": 2455400000, "calculatedNetInterest": 729900000, "calculatedOtherIncome": 217600000, "calculatedIncomeNonControlling": 0, "calculatedEbitda": 276300000}, {"date": "2005-12-31", "symbol": "NTRSO", "reportedCurrency": "USD", "cik": "0000073124", "fillingDate": "2006-03-13", "acceptedDate": "2006-03-13 13:22:24", "calendarYear": "2005", "period": "FY", "revenue": 2625200000, "costOfRevenue": 405900000, "grossProfit": 2219300000, "grossProfitRatio": 0.8453832089, "researchAndDevelopmentExpenses": 0, "generalAndAdministrativeExpenses": 964600000, "sellingAndMarketingExpenses": 60800000, "sellingGeneralAndAdministrativeExpenses": 1025400000, "otherExpenses": 1641600000, "operatingExpenses": 2667000000, "costAndExpenses": 988400000, "interestIncome": 1590600000, "interestExpense": 929200000, "depreciationAndAmortization": -84200000, "ebitda": 1732800000, "ebitdaratio": 0.6600639951, "operatingIncome": 71800000, "operatingIncomeRatio": 0.0273502971, "totalOtherIncomeExpensesNet": 533700000, "incomeBeforeTax": 887800000, "incomeBeforeTaxRatio": 0.3381837574, "incomeTaxExpense": 303400000, "netIncome": 584400000, "netIncomeRatio": 0.2226116105, "eps": 2.68, "epsdiluted": 2.64, "weightedAverageShsOut": 218101996, "weightedAverageShsOutDil": 221557188, "link": "https://www.sec.gov/Archives/edgar/data/73124/000119312506052049/0001193125-06-052049-index.htm", "finalLink": "https://www.sec.gov/Archives/edgar/data/73124/000119312506052049/d10k.htm", "calculatedOtherExpenses": 1122100000, "calculatedOperatingExpenses": 2147500000, "calculatedNetInterest": 661400000, "calculatedOtherIncome": 154600000, "calculatedIncomeNonControlling": 0, "calculatedEbitda": -12400000}, {"date": "2004-12-31", "symbol": "NTRSO", "reportedCurrency": "USD", "cik": "0000073124", "fillingDate": "2005-03-14", "acceptedDate": "2005-03-14 16:12:42", "calendarYear": "2004", "period": "FY", "revenue": 2272000000, "costOfRevenue": 356200000, "grossProfit": 1915800000, "grossProfitRatio": 0.843221831, "researchAndDevelopmentExpenses": 0, "generalAndAdministrativeExpenses": 823200000, "sellingAndMarketingExpenses": 45700000, "sellingGeneralAndAdministrativeExpenses": 868900000, "otherExpenses": 0, "operatingExpenses": 480500000, "costAndExpenses": 836700000, "interestIncome": 1118200000, "interestExpense": 557100000, "depreciationAndAmortization": 176400000, "ebitda": 1488800000, "ebitdaratio": 0.6552816901, "operatingIncome": 63900000, "operatingIncomeRatio": 0.028125, "totalOtherIncomeExpensesNet": 460399999, "incomeBeforeTax": 754500000, "incomeBeforeTaxRatio": 0.3320862676, "incomeTaxExpense": 249700000, "netIncome": 505600000, "netIncomeRatio": 0.2225352113, "eps": 2.3, "epsdiluted": 2.27, "weightedAverageShsOut": 219492478, "weightedAverageShsOutDil": 219492478, "link": "https://www.sec.gov/Archives/edgar/data/73124/000119312505049470/0001193125-05-049470-index.htm", "finalLink": "https://www.sec.gov/Archives/edgar/data/73124/000119312505049470/d10k.htm", "calculatedOtherExpenses": 983000000, "calculatedOperatingExpenses": 1851900000, "calculatedNetInterest": 561100000, "calculatedOtherIncome": 129500000, "calculatedIncomeNonControlling": -800000, "calculatedEbitda": 240300000}, {"date": "2003-12-31", "symbol": "NTRSO", "reportedCurrency": "USD", "cik": "0000073124", "fillingDate": "2004-03-12", "acceptedDate": "2004-03-12 12:31:08", "calendarYear": "2003", "period": "FY", "revenue": 2090400000, "costOfRevenue": 321300000, "grossProfit": 1769100000, "grossProfitRatio": 0.8462973594, "researchAndDevelopmentExpenses": 0, "generalAndAdministrativeExpenses": 785200000, "sellingAndMarketingExpenses": 0, "sellingGeneralAndAdministrativeExpenses": 785200000, "otherExpenses": 0, "operatingExpenses": 476600000, "costAndExpenses": 797900000, "interestIncome": 1055700000, "interestExpense": 507500000, "depreciationAndAmortization": 186300000, "ebitda": 1306400000, "ebitdaratio": 0.6249521623, "operatingIncome": 75000000, "operatingIncomeRatio": 0.0358783008, "totalOtherIncomeExpensesNet": 346000000, "incomeBeforeTax": 631100000, "incomeBeforeTaxRatio": 0.3019039418, "incomeTaxExpense": 207800000, "netIncome": 404800000, "netIncomeRatio": 0.1936471489, "eps": 1.84, "epsdiluted": 1.8, "weightedAverageShsOut": 220203094, "weightedAverageShsOutDil": 224067844, "link": "https://www.sec.gov/Archives/edgar/data/73124/000119312504040148/0001193125-04-040148-index.htm", "finalLink": "https://www.sec.gov/Archives/edgar/data/73124/000119312504040148/d10k.htm", "calculatedOtherExpenses": 908900000, "calculatedOperatingExpenses": 1694100000, "calculatedNetInterest": 548200000, "calculatedOtherIncome": 7900000, "calculatedIncomeNonControlling": 18500000, "calculatedEbitda": 261300000}, {"date": "2002-12-31", "symbol": "NTRSO", "reportedCurrency": "USD", "cik": "0000073124", "fillingDate": "2003-03-10", "acceptedDate": "2003-03-10 17:07:05", "calendarYear": "2002", "period": "FY", "revenue": 2138600000, "costOfRevenue": 297500000, "grossProfit": 1841100000, "grossProfitRatio": 0.8608903021, "researchAndDevelopmentExpenses": 0, "generalAndAdministrativeExpenses": 797100000, "sellingAndMarketingExpenses": 0, "sellingGeneralAndAdministrativeExpenses": 797100000, "otherExpenses": 0, "operatingExpenses": 464400000, "costAndExpenses": 761900000, "interestIncome": 1238300000, "interestExpense": 636500000, "depreciationAndAmortization": 57700000, "ebitda": 1363200000, "ebitdaratio": 0.6374263537, "operatingIncome": 58000000, "operatingIncomeRatio": 0.0271205462, "totalOtherIncomeExpensesNet": 405100000, "incomeBeforeTax": 669000000, "incomeBeforeTaxRatio": 0.312821472, "incomeTaxExpense": 221900000, "netIncome": 447100000, "netIncomeRatio": 0.2090620032, "eps": 2.02, "epsdiluted": 1.97, "weightedAverageShsOut": 220552132, "weightedAverageShsOutDil": 225834377, "link": "https://www.sec.gov/Archives/edgar/data/73124/000095013103001244/0000950131-03-001244-index.htm", "finalLink": "https://www.sec.gov/Archives/edgar/data/73124/000095013103001244/d10k.htm", "calculatedOtherExpenses": 986000000, "calculatedOperatingExpenses": 1783100000, "calculatedNetInterest": 601800000, "calculatedOtherIncome": 9200000, "calculatedIncomeNonControlling": 0, "calculatedEbitda": 115700000}, {"date": "2001-12-31", "symbol": "NTRSO", "reportedCurrency": "USD", "cik": "0000073124", "fillingDate": "2002-03-12", "acceptedDate": "2002-03-12 00:00:00", "calendarYear": "2001", "period": "FY", "revenue": 2175300000, "costOfRevenue": 0, "grossProfit": 2175300000, "grossProfitRatio": 1, "researchAndDevelopmentExpenses": 0, "generalAndAdministrativeExpenses": 808000000, "sellingAndMarketingExpenses": 0, "sellingGeneralAndAdministrativeExpenses": 808000000, "otherExpenses": -1165200000, "operatingExpenses": -357200000, "costAndExpenses": -357200000, "interestIncome": 1681500000, "interestExpense": 1086200000, "depreciationAndAmortization": 23800000, "ebitda": 1841900000, "ebitdaratio": 0.8467337838, "operatingIncome": 1818100000, "operatingIncomeRatio": 0.8357927642, "totalOtherIncomeExpensesNet": -1086200000, "incomeBeforeTax": 731900000, "incomeBeforeTaxRatio": 0.3364593389, "incomeTaxExpense": 244400000, "netIncome": 487500000, "netIncomeRatio": 0.2241070197, "eps": 2.18, "epsdiluted": 2.11, "weightedAverageShsOut": 221425584, "weightedAverageShsOutDil": 228971338, "link": "https://www.sec.gov/Archives/edgar/data/73124/000095013102000853/0000950131-02-000853-index.htm", "finalLink": "https://www.sec.gov/Archives/edgar/data/73124/000095013102000853/d10k.txt", "calculatedOtherExpenses": -450800000, "calculatedOperatingExpenses": 357200000, "calculatedNetInterest": 595300000, "calculatedOtherIncome": -1681500000, "calculatedIncomeNonControlling": 0, "calculatedEbitda": 1841900000}, {"date": "2000-12-31", "symbol": "NTRSO", "reportedCurrency": "USD", "cik": "0000073124", "fillingDate": "2001-03-16", "acceptedDate": "2001-03-16 00:00:00", "calendarYear": "2000", "period": "FY", "revenue": 2105600000, "costOfRevenue": 0, "grossProfit": 2105600000, "grossProfitRatio": 1, "researchAndDevelopmentExpenses": 0, "generalAndAdministrativeExpenses": 798400000, "sellingAndMarketingExpenses": 0, "sellingGeneralAndAdministrativeExpenses": 798400000, "otherExpenses": -731400000, "operatingExpenses": 67000000, "costAndExpenses": 67000000, "interestIncome": 2011100000, "interestExpense": 1442500000, "depreciationAndAmortization": -88800000, "ebitda": 2083800000, "ebitdaratio": 0.9896466565, "operatingIncome": 2172600000, "operatingIncomeRatio": 1.0318199088, "totalOtherIncomeExpensesNet": -1442500000, "incomeBeforeTax": 730100000, "incomeBeforeTaxRatio": 0.3467420213, "incomeTaxExpense": 245000000, "netIncome": 485100000, "netIncomeRatio": 0.2303856383, "eps": 2.17, "epsdiluted": 2.08, "weightedAverageShsOut": 220961477, "weightedAverageShsOutDil": 230613311, "link": "https://www.sec.gov/Archives/edgar/data/73124/000095013101500146/0000950131-01-500146-index.htm", "finalLink": "https://www.sec.gov/Archives/edgar/data/73124/000095013101500146/d10k.txt", "calculatedOtherExpenses": -865400000, "calculatedOperatingExpenses": -67000000, "calculatedNetInterest": 568600000, "calculatedOtherIncome": -2011100000, "calculatedIncomeNonControlling": 0, "calculatedEbitda": 2083800000}, {"date": "1999-12-31", "symbol": "NTRSO", "reportedCurrency": "USD", "cik": "0000073124", "fillingDate": "2000-03-14", "acceptedDate": "2000-03-14 00:00:00", "calendarYear": "1999", "period": "FY", "revenue": 1754000000, "costOfRevenue": 0, "grossProfit": 1754000000, "grossProfitRatio": 1, "researchAndDevelopmentExpenses": 0, "generalAndAdministrativeExpenses": 681100000, "sellingAndMarketingExpenses": 0, "sellingGeneralAndAdministrativeExpenses": 681100000, "otherExpenses": -768800000, "operatingExpenses": -87700000, "costAndExpenses": -87700000, "interestIncome": 1568600000, "interestExpense": 1049800000, "depreciationAndAmortization": 34300000, "ebitda": 1700600000, "ebitdaratio": 0.9695553022, "operatingIncome": 1666300000, "operatingIncomeRatio": 0.95, "totalOtherIncomeExpensesNet": -1049800000, "incomeBeforeTax": 616500000, "incomeBeforeTaxRatio": 0.3514823261, "incomeTaxExpense": 211500000, "netIncome": 405000000, "netIncomeRatio": 0.2309007982, "eps": 1.81, "epsdiluted": 1.74, "weightedAverageShsOut": 221673316, "weightedAverageShsOutDil": 229874028, "link": "https://www.sec.gov/Archives/edgar/data/73124/000095013100001756/0000950131-00-001756-index.htm", "finalLink": "https://www.sec.gov/Archives/edgar/data/73124/000095013100001756/0000950131-00-001756-d1.html", "calculatedOtherExpenses": -593400000, "calculatedOperatingExpenses": 87700000, "calculatedNetInterest": 518800000, "calculatedOtherIncome": -1568600000, "calculatedIncomeNonControlling": 0, "calculatedEbitda": 1700600000}, {"date": "1998-12-31", "symbol": "NTRSO", "reportedCurrency": "USD", "cik": "0000073124", "fillingDate": "1999-03-16", "acceptedDate": "1999-03-16 00:00:00", "calendarYear": "1998", "period": "FY", "revenue": 1548800000, "costOfRevenue": 0, "grossProfit": 1548800000, "grossProfitRatio": 1, "researchAndDevelopmentExpenses": 0, "generalAndAdministrativeExpenses": 609400000, "sellingAndMarketingExpenses": 0, "sellingGeneralAndAdministrativeExpenses": 609400000, "otherExpenses": -589600000, "operatingExpenses": 19800000, "costAndExpenses": 19800000, "interestIncome": 1503100000, "interestExpense": 1025900000, "depreciationAndAmortization": -108400000, "ebitda": 1460200000, "ebitdaratio": 0.9427944215, "operatingIncome": 1568600000, "operatingIncomeRatio": 1.0127840909, "totalOtherIncomeExpensesNet": -1025900000, "incomeBeforeTax": 542700000, "incomeBeforeTaxRatio": 0.3504003099, "incomeTaxExpense": 188800000, "netIncome": 353900000, "netIncomeRatio": 0.2284994835, "eps": 1.58, "epsdiluted": 1.52, "weightedAverageShsOut": 220886076, "weightedAverageShsOutDil": 229605263, "link": "https://www.sec.gov/Archives/edgar/data/73124/000095013199001510/0000950131-99-001510-index.htm", "finalLink": "https://www.sec.gov/Archives/edgar/data/73124/0000950131-99-001510.txt", "calculatedOtherExpenses": -629200000, "calculatedOperatingExpenses": -19800000, "calculatedNetInterest": 477200000, "calculatedOtherIncome": -1503100000, "calculatedIncomeNonControlling": 0, "calculatedEbitda": 1460200000}, {"date": "1997-12-31", "symbol": "NTRSO", "reportedCurrency": "USD", "cik": "0000073124", "fillingDate": "1998-03-17", "acceptedDate": "1998-03-17 00:00:00", "calendarYear": "1997", "period": "FY", "revenue": 1372700000, "costOfRevenue": 0, "grossProfit": 1372700000, "grossProfitRatio": 1, "researchAndDevelopmentExpenses": 0, "generalAndAdministrativeExpenses": 527300000, "sellingAndMarketingExpenses": 0, "sellingGeneralAndAdministrativeExpenses": 527300000, "otherExpenses": -533500000, "operatingExpenses": -6200000, "costAndExpenses": -6200000, "interestIncome": 1332800000, "interestExpense": 894600000, "depreciationAndAmortization": -89700000, "ebitda": 1276800000, "ebitdaratio": 0.9301376849, "operatingIncome": 1366500000, "operatingIncomeRatio": 0.995483354, "totalOtherIncomeExpensesNet": -894600000, "incomeBeforeTax": 471900000, "incomeBeforeTaxRatio": 0.3437750419, "incomeTaxExpense": 162500000, "netIncome": 309400000, "netIncomeRatio": 0.2253952065, "eps": 1.37, "epsdiluted": 1.33, "weightedAverageShsOut": 221955290, "weightedAverageShsOutDil": 229322312, "link": "https://www.sec.gov/Archives/edgar/data/73124/000095013198001754/0000950131-98-001754-index.htm", "finalLink": "https://www.sec.gov/Archives/edgar/data/73124/0000950131-98-001754.txt", "calculatedOtherExpenses": -521100000, "calculatedOperatingExpenses": 6200000, "calculatedNetInterest": 438200000, "calculatedOtherIncome": -1332800000, "calculatedIncomeNonControlling": 0, "calculatedEbitda": 1276800000}, {"date": "1996-12-31", "symbol": "NTRSO", "reportedCurrency": "USD", "cik": "0000073124", "fillingDate": "1997-03-14", "acceptedDate": "1997-03-14 00:00:00", "calendarYear": "1996", "period": "FY", "revenue": 1166200000, "costOfRevenue": 0, "grossProfit": 1166200000, "grossProfitRatio": 1, "researchAndDevelopmentExpenses": 0, "generalAndAdministrativeExpenses": 441300000, "sellingAndMarketingExpenses": 0, "sellingGeneralAndAdministrativeExpenses": 441300000, "otherExpenses": -456900000, "operatingExpenses": -15600000, "costAndExpenses": -15600000, "interestIncome": 1151500000, "interestExpense": 763200000, "depreciationAndAmortization": -31100000, "ebitda": 1119500000, "ebitdaratio": 0.9599554107, "operatingIncome": 1150600000, "operatingIncomeRatio": 0.9866232207, "totalOtherIncomeExpensesNet": -763200000, "incomeBeforeTax": 387400000, "incomeBeforeTaxRatio": 0.3321900189, "incomeTaxExpense": 128600000, "netIncome": 258800000, "netIncomeRatio": 0.2219173384, "eps": 1.14, "epsdiluted": 1.11, "weightedAverageShsOut": 222719298, "weightedAverageShsOutDil": 228738739, "link": "https://www.sec.gov/Archives/edgar/data/73124/000095013197001800/0000950131-97-001800-index.htm", "finalLink": "https://www.sec.gov/Archives/edgar/data/73124/0000950131-97-001800.txt", "calculatedOtherExpenses": -425700000, "calculatedOperatingExpenses": 15600000, "calculatedNetInterest": 388300000, "calculatedOtherIncome": -1151500000, "calculatedIncomeNonControlling": 0, "calculatedEbitda": 1119500000}, {"date": "1995-12-31", "symbol": "NTRSO", "reportedCurrency": "USD", "cik": "0000073124", "fillingDate": "1996-03-12", "acceptedDate": "1996-03-12 00:00:00", "calendarYear": "1995", "period": "FY", "revenue": 1035700000, "costOfRevenue": 0, "grossProfit": 1035700000, "grossProfitRatio": 1, "researchAndDevelopmentExpenses": 0, "generalAndAdministrativeExpenses": 419100000, "sellingAndMarketingExpenses": 0, "sellingGeneralAndAdministrativeExpenses": 419100000, "otherExpenses": -387900000, "operatingExpenses": 31200000, "costAndExpenses": 31200000, "interestIncome": 1104000000, "interestExpense": 746400000, "depreciationAndAmortization": 42200000, "ebitda": 1109100000, "ebitdaratio": 1.070869943, "operatingIncome": 1066900000, "operatingIncomeRatio": 1.0301245534, "totalOtherIncomeExpensesNet": -746400000, "incomeBeforeTax": 320500000, "incomeBeforeTaxRatio": 0.3094525442, "incomeTaxExpense": 100500000, "netIncome": 220000000, "netIncomeRatio": 0.212416723, "eps": 0.94, "epsdiluted": 0.93, "weightedAverageShsOut": 225351668, "weightedAverageShsOutDil": 232275132, "link": "https://www.sec.gov/Archives/edgar/data/73124/000095013196001047/0000950131-96-001047-index.htm", "finalLink": "https://www.sec.gov/Archives/edgar/data/73124/000095013196001047/", "calculatedOtherExpenses": -450300000, "calculatedOperatingExpenses": -31200000, "calculatedNetInterest": 357600000, "calculatedOtherIncome": -1104000000, "calculatedIncomeNonControlling": 0, "calculatedEbitda": 1109100000}, {"date": "1994-12-31", "symbol": "NTRSO", "reportedCurrency": "USD", "cik": "0000073124", "fillingDate": "1995-03-14", "acceptedDate": "1995-03-14 00:00:00", "calendarYear": "1994", "period": "FY", "revenue": 968000000, "costOfRevenue": 0, "grossProfit": 968000000, "grossProfitRatio": 1, "researchAndDevelopmentExpenses": 0, "generalAndAdministrativeExpenses": 391400000, "sellingAndMarketingExpenses": 0, "sellingGeneralAndAdministrativeExpenses": 391400000, "otherExpenses": -587400000, "operatingExpenses": -196000000, "costAndExpenses": -196000000, "interestIncome": 848700000, "interestExpense": 510500000, "depreciationAndAmortization": 41400000, "ebitda": 813400000, "ebitdaratio": 0.8402892562, "operatingIncome": 772000000, "operatingIncomeRatio": 0.7975206612, "totalOtherIncomeExpensesNet": -510500000, "incomeBeforeTax": 261500000, "incomeBeforeTaxRatio": 0.2701446281, "incomeTaxExpense": 79300000, "netIncome": 182200000, "netIncomeRatio": 0.1882231405, "eps": 0.79, "epsdiluted": 0.79, "weightedAverageShsOut": 220576856, "weightedAverageShsOutDil": 225409500, "link": "https://www.sec.gov/Archives/edgar/data/73124/000095013195000587/0000950131-95-000587-index.html", "finalLink": "https://www.sec.gov/Archives/edgar/data/73124/", "calculatedOtherExpenses": -195400000, "calculatedOperatingExpenses": 196000000, "calculatedNetInterest": 338200000, "calculatedOtherIncome": -848700000, "calculatedIncomeNonControlling": 0, "calculatedEbitda": 813400000}, {"date": "1993-12-31", "symbol": "NTRSO", "reportedCurrency": "USD", "cik": "0000073124", "fillingDate": "1994-03-15", "acceptedDate": "1994-03-15 00:00:00", "calendarYear": "1993", "period": "FY", "revenue": 881700000, "costOfRevenue": 0, "grossProfit": 881700000, "grossProfitRatio": 1, "researchAndDevelopmentExpenses": 0, "generalAndAdministrativeExpenses": 361500000, "sellingAndMarketingExpenses": 0, "sellingGeneralAndAdministrativeExpenses": 361500000, "otherExpenses": -632100000, "operatingExpenses": -270600000, "costAndExpenses": -270600000, "interestIncome": 706400000, "interestExpense": 377100000, "depreciationAndAmortization": 119100000, "ebitda": 730200000, "ebitdaratio": 0.8281728479, "operatingIncome": 611100000, "operatingIncomeRatio": 0.6930928887, "totalOtherIncomeExpensesNet": -377100000, "incomeBeforeTax": 234000000, "incomeBeforeTaxRatio": 0.2653963933, "incomeTaxExpense": 66100000, "netIncome": 167900000, "netIncomeRatio": 0.1904275831, "eps": 0.76, "epsdiluted": 0.74, "weightedAverageShsOut": 212631579, "weightedAverageShsOutDil": 218378378, "link": "https://www.sec.gov/Archives/edgar/data/73124/000095013194000324/0000950131-94-000324-index.htm", "finalLink": "https://www.sec.gov/Archives/edgar/data/73124/0000950131-94-000324.txt", "calculatedOtherExpenses": -90900000, "calculatedOperatingExpenses": 270600000, "calculatedNetInterest": 329300000, "calculatedOtherIncome": -706400000, "calculatedIncomeNonControlling": 0, "calculatedEbitda": 730200000}, {"date": "1992-12-31", "symbol": "NTRSO", "reportedCurrency": "USD", "cik": "0000073124", "fillingDate": "1992-12-31", "acceptedDate": "1992-12-30 19:00:00", "calendarYear": "1992", "period": "FY", "revenue": 820600000, "costOfRevenue": 0, "grossProfit": 820600000, "grossProfitRatio": 1, "researchAndDevelopmentExpenses": 0, "generalAndAdministrativeExpenses": 328500000, "sellingAndMarketingExpenses": 0, "sellingGeneralAndAdministrativeExpenses": 328500000, "otherExpenses": -531900000, "operatingExpenses": -203400000, "costAndExpenses": -203400000, "interestIncome": 721900000, "interestExpense": 410700000, "depreciationAndAmortization": 34000000, "ebitda": 651200000, "ebitdaratio": 0.7935656836, "operatingIncome": 617200000, "operatingIncomeRatio": 0.7521325859, "totalOtherIncomeExpensesNet": -410700000, "incomeBeforeTax": 206500000, "incomeBeforeTaxRatio": 0.2516451377, "incomeTaxExpense": 57000000, "netIncome": 149500000, "netIncomeRatio": 0.182183768, "eps": 0.66, "epsdiluted": 0.66, "weightedAverageShsOut": 216212121, "weightedAverageShsOutDil": 216212121, "link": "", "finalLink": "", "calculatedOtherExpenses": -125100000, "calculatedOperatingExpenses": 203400000, "calculatedNetInterest": 311200000, "calculatedOtherIncome": -721900000, "calculatedIncomeNonControlling": 0, "calculatedEbitda": 651200000}, {"date": "1991-12-31", "symbol": "NTRSO", "reportedCurrency": "USD", "cik": "0000073124", "fillingDate": "1991-12-31", "acceptedDate": "1991-12-30 19:00:00", "calendarYear": "1991", "period": "FY", "revenue": 694700000, "costOfRevenue": 0, "grossProfit": 694700000, "grossProfitRatio": 1, "researchAndDevelopmentExpenses": 0, "generalAndAdministrativeExpenses": 292500000, "sellingAndMarketingExpenses": 0, "sellingGeneralAndAdministrativeExpenses": 292500000, "otherExpenses": -258100000, "operatingExpenses": 34400000, "costAndExpenses": 34400000, "interestIncome": 847400000, "interestExpense": 565500000, "depreciationAndAmortization": 30600000, "ebitda": 759700000, "ebitdaratio": 1.0935655679, "operatingIncome": 729100000, "operatingIncomeRatio": 1.0495177775, "totalOtherIncomeExpensesNet": -565500000, "incomeBeforeTax": 163600000, "incomeBeforeTaxRatio": 0.235497337, "incomeTaxExpense": 36200000, "netIncome": 127400000, "netIncomeRatio": 0.183388513, "eps": 0.58, "epsdiluted": 0.57, "weightedAverageShsOut": 209310345, "weightedAverageShsOutDil": 212982456, "link": "", "finalLink": "", "calculatedOtherExpenses": -326900000, "calculatedOperatingExpenses": -34400000, "calculatedNetInterest": 281900000, "calculatedOtherIncome": -847400000, "calculatedIncomeNonControlling": 0, "calculatedEbitda": 759700000}, {"date": "1990-12-31", "symbol": "NTRSO", "reportedCurrency": "USD", "cik": "0000073124", "fillingDate": "1990-12-31", "acceptedDate": "1990-12-30 19:00:00", "calendarYear": "1990", "period": "FY", "revenue": 618600000, "costOfRevenue": 0, "grossProfit": 618600000, "grossProfitRatio": 1, "researchAndDevelopmentExpenses": 0, "generalAndAdministrativeExpenses": 270100000, "sellingAndMarketingExpenses": 0, "sellingGeneralAndAdministrativeExpenses": 270100000, "otherExpenses": -44700000, "operatingExpenses": 225400000, "costAndExpenses": 225400000, "interestIncome": 953600000, "interestExpense": 704300000, "depreciationAndAmortization": 36500000, "ebitda": 880500000, "ebitdaratio": 1.4233753637, "operatingIncome": 844000000, "operatingIncomeRatio": 1.3643711607, "totalOtherIncomeExpensesNet": -704300000, "incomeBeforeTax": 139700000, "incomeBeforeTaxRatio": 0.2258325251, "incomeTaxExpense": 24300000, "netIncome": 115400000, "netIncomeRatio": 0.1865502748, "eps": 0.52, "epsdiluted": 0.52, "weightedAverageShsOut": 210000000, "weightedAverageShsOutDil": 210000000, "link": "", "finalLink": "", "calculatedOtherExpenses": -495500000, "calculatedOperatingExpenses": -225400000, "calculatedNetInterest": 249300000, "calculatedOtherIncome": -953600000, "calculatedIncomeNonControlling": 0, "calculatedEbitda": 880500000}, {"date": "1989-12-31", "symbol": "NTRSO", "reportedCurrency": "USD", "cik": "0000073124", "fillingDate": "1989-12-31", "acceptedDate": "1989-12-30 19:00:00", "calendarYear": "1989", "period": "FY", "revenue": 567500000, "costOfRevenue": 0, "grossProfit": 567500000, "grossProfitRatio": 1, "researchAndDevelopmentExpenses": 0, "generalAndAdministrativeExpenses": 244500000, "sellingAndMarketingExpenses": 0, "sellingGeneralAndAdministrativeExpenses": 244500000, "otherExpenses": -24800000, "operatingExpenses": 219700000, "costAndExpenses": 219700000, "interestIncome": 899700000, "interestExpense": 662300000, "depreciationAndAmortization": 16400000, "ebitda": 803600000, "ebitdaratio": 1.4160352423, "operatingIncome": 787200000, "operatingIncomeRatio": 1.3871365639, "totalOtherIncomeExpensesNet": -662300000, "incomeBeforeTax": 124900000, "incomeBeforeTaxRatio": 0.2200881057, "incomeTaxExpense": 11700000, "netIncome": 113200000, "netIncomeRatio": 0.1994713656, "eps": 0.52, "epsdiluted": 0.51, "weightedAverageShsOut": 203461538, "weightedAverageShsOutDil": 207450980, "link": "", "finalLink": "", "calculatedOtherExpenses": -464200000, "calculatedOperatingExpenses": -219700000, "calculatedNetInterest": 237400000, "calculatedOtherIncome": -899700000, "calculatedIncomeNonControlling": 0, "calculatedEbitda": 803600000}, {"date": "1988-12-31", "symbol": "NTRSO", "reportedCurrency": "USD", "cik": "0000073124", "fillingDate": "1988-12-31", "acceptedDate": "1988-12-30 19:00:00", "calendarYear": "1988", "period": "FY", "revenue": 0, "costOfRevenue": 0, "grossProfit": 0, "grossProfitRatio": 0, "researchAndDevelopmentExpenses": 0, "generalAndAdministrativeExpenses": 0, "sellingAndMarketingExpenses": 0, "sellingGeneralAndAdministrativeExpenses": 0, "otherExpenses": 109300000, "operatingExpenses": 109300000, "costAndExpenses": 109300000, "interestIncome": 0, "interestExpense": 0, "depreciationAndAmortization": 0, "ebitda": 109300000, "ebitdaratio": 0, "operatingIncome": 109300000, "operatingIncomeRatio": 0, "totalOtherIncomeExpensesNet": 0, "incomeBeforeTax": 0, "incomeBeforeTaxRatio": 0, "incomeTaxExpense": -109300000, "netIncome": 109300000, "netIncomeRatio": 0, "eps": 0.6, "epsdiluted": 0.58, "weightedAverageShsOut": 181607143, "weightedAverageShsOutDil": 188333333, "link": "", "finalLink": "", "calculatedOtherExpenses": -109300000, "calculatedOperatingExpenses": -109300000, "calculatedNetInterest": 0, "calculatedOtherIncome": -109300000, "calculatedIncomeNonControlling": 0, "calculatedEbitda": 109300000}, {"date": "1987-12-31", "symbol": "NTRSO", "reportedCurrency": "USD", "cik": "0000073124", "fillingDate": "1987-12-31", "acceptedDate": "1987-12-30 19:00:00", "calendarYear": "1987", "period": "FY", "revenue": 0, "costOfRevenue": 0, "grossProfit": 0, "grossProfitRatio": 0, "researchAndDevelopmentExpenses": 0, "generalAndAdministrativeExpenses": 0, "sellingAndMarketingExpenses": 0, "sellingGeneralAndAdministrativeExpenses": 0, "otherExpenses": -65100000, "operatingExpenses": -65100000, "costAndExpenses": -65100000, "interestIncome": 0, "interestExpense": 0, "depreciationAndAmortization": 0, "ebitda": -65100000, "ebitdaratio": 0, "operatingIncome": -65100000, "operatingIncomeRatio": 0, "totalOtherIncomeExpensesNet": 0, "incomeBeforeTax": 0, "incomeBeforeTaxRatio": 0, "incomeTaxExpense": 65100000, "netIncome": -65100000, "netIncomeRatio": 0, "eps": -0.37, "epsdiluted": -0.37, "weightedAverageShsOut": 178000000, "weightedAverageShsOutDil": 178000000, "link": "", "finalLink": "", "calculatedOtherExpenses": 65100000, "calculatedOperatingExpenses": 65100000, "calculatedNetInterest": 0, "calculatedOtherIncome": 65100000, "calculatedIncomeNonControlling": 0, "calculatedEbitda": -65100000}, {"date": "1986-12-31", "symbol": "NTRSO", "reportedCurrency": "USD", "cik": "0000073124", "fillingDate": "1986-12-31", "acceptedDate": "1986-12-30 19:00:00", "calendarYear": "1986", "period": "FY", "revenue": 0, "costOfRevenue": 0, "grossProfit": 0, "grossProfitRatio": 0, "researchAndDevelopmentExpenses": 0, "generalAndAdministrativeExpenses": 0, "sellingAndMarketingExpenses": 0, "sellingGeneralAndAdministrativeExpenses": 0, "otherExpenses": 52300000, "operatingExpenses": 52300000, "costAndExpenses": 52300000, "interestIncome": 0, "interestExpense": 0, "depreciationAndAmortization": 0, "ebitda": 52300000, "ebitdaratio": 0, "operatingIncome": 52300000, "operatingIncomeRatio": 0, "totalOtherIncomeExpensesNet": 0, "incomeBeforeTax": 0, "incomeBeforeTaxRatio": 0, "incomeTaxExpense": -52300000, "netIncome": 52300000, "netIncomeRatio": 0, "eps": 0.29, "epsdiluted": 0.29, "weightedAverageShsOut": 182592593, "weightedAverageShsOutDil": 182592593, "link": "", "finalLink": "", "calculatedOtherExpenses": -52300000, "calculatedOperatingExpenses": -52300000, "calculatedNetInterest": 0, "calculatedOtherIncome": -52300000, "calculatedIncomeNonControlling": 0, "calculatedEbitda": 52300000}, {"date": "1985-12-31", "symbol": "NTRSO", "reportedCurrency": "USD", "cik": "0000073124", "fillingDate": "1985-12-31", "acceptedDate": "1985-12-30 19:00:00", "calendarYear": "1985", "period": "FY", "revenue": 0, "costOfRevenue": 0, "grossProfit": 0, "grossProfitRatio": 0, "researchAndDevelopmentExpenses": 0, "generalAndAdministrativeExpenses": 0, "sellingAndMarketingExpenses": 0, "sellingGeneralAndAdministrativeExpenses": 0, "otherExpenses": 34100000, "operatingExpenses": 34100000, "costAndExpenses": 34100000, "interestIncome": 0, "interestExpense": 0, "depreciationAndAmortization": 0, "ebitda": 34100000, "ebitdaratio": 0, "operatingIncome": 34100000, "operatingIncomeRatio": 0, "totalOtherIncomeExpensesNet": 0, "incomeBeforeTax": 0, "incomeBeforeTaxRatio": 0, "incomeTaxExpense": -34100000, "netIncome": 34100000, "netIncomeRatio": 0, "eps": 0.2, "epsdiluted": 0.2, "weightedAverageShsOut": 170555556, "weightedAverageShsOutDil": 170555556, "link": "", "finalLink": "", "calculatedOtherExpenses": -34100000, "calculatedOperatingExpenses": -34100000, "calculatedNetInterest": 0, "calculatedOtherIncome": -34100000, "calculatedIncomeNonControlling": 0, "calculatedEbitda": 34100000}]}