{"originalCurrency": "USD", "convertedCurrency": "USD", "report": [{"date": "2023-12-31", "symbol": "NVST", "reportedCurrency": "USD", "cik": "0001757073", "fillingDate": "2024-02-15", "acceptedDate": "2024-02-15 16:20:02", "calendarYear": "2023", "period": "FY", "revenue": 2566500000, "costOfRevenue": 1126000000, "grossProfit": 1440500000, "grossProfitRatio": 0.5612702124, "researchAndDevelopmentExpenses": 93800000, "generalAndAdministrativeExpenses": 0, "sellingAndMarketingExpenses": 0, "sellingGeneralAndAdministrativeExpenses": 1056900000, "otherExpenses": -23000000, "operatingExpenses": 1150700000, "costAndExpenses": 2276700000, "interestIncome": 0, "interestExpense": 63400000, "depreciationAndAmortization": 162600000, "ebitda": 429400000, "ebitdaratio": 0.1673095656, "operatingIncome": 31500000, "operatingIncomeRatio": 0.0122735243, "totalOtherIncomeExpensesNet": -281300000, "incomeBeforeTax": -54900000, "incomeBeforeTaxRatio": -0.0213909994, "incomeTaxExpense": 45300000, "netIncome": -100200000, "netIncomeRatio": -0.0390414962, "eps": -0.6, "epsdiluted": -0.6, "weightedAverageShsOut": 166900000, "weightedAverageShsOutDil": 166900000, "link": "https://www.sec.gov/Archives/edgar/data/1757073/000175707324000019/0001757073-24-000019-index.htm", "finalLink": "https://www.sec.gov/Archives/edgar/data/1757073/000175707324000019/nvst-20231231.htm", "calculatedOtherExpenses": 258300000, "calculatedOperatingExpenses": 1409000000, "calculatedNetInterest": -63400000, "calculatedOtherIncome": -23000000, "calculatedIncomeNonControlling": 0, "calculatedEbitda": 194100000}, {"date": "2022-12-31", "symbol": "NVST", "reportedCurrency": "USD", "cik": "0001757073", "fillingDate": "2023-02-16", "acceptedDate": "2023-02-16 16:11:41", "calendarYear": "2022", "period": "FY", "revenue": 2569100000, "costOfRevenue": 1094300000, "grossProfit": 1474800000, "grossProfitRatio": 0.5740531704, "researchAndDevelopmentExpenses": 100100000, "generalAndAdministrativeExpenses": 0, "sellingAndMarketingExpenses": 0, "sellingGeneralAndAdministrativeExpenses": 1055500000, "otherExpenses": 3100000, "operatingExpenses": 1155600000, "costAndExpenses": 2249900000, "interestIncome": 38400000, "interestExpense": 38400000, "depreciationAndAmortization": 165200000, "ebitda": 484400000, "ebitdaratio": 0.1885485189, "operatingIncome": 319200000, "operatingIncomeRatio": 0.1242458448, "totalOtherIncomeExpensesNet": -35300000, "incomeBeforeTax": 283900000, "incomeBeforeTaxRatio": 0.1105056245, "incomeTaxExpense": 45900000, "netIncome": 243100000, "netIncomeRatio": 0.0946245767, "eps": 1.46, "epsdiluted": 1.34, "weightedAverageShsOut": 162900000, "weightedAverageShsOutDil": 177600000, "link": "https://www.sec.gov/Archives/edgar/data/1757073/000175707323000010/0001757073-23-000010-index.htm", "finalLink": "https://www.sec.gov/Archives/edgar/data/1757073/000175707323000010/nvst-20221231.htm", "calculatedOtherExpenses": 0, "calculatedOperatingExpenses": 1155600000, "calculatedNetInterest": 0, "calculatedOtherIncome": -35300000, "calculatedIncomeNonControlling": -5100000, "calculatedEbitda": 484400000}, {"date": "2021-12-31", "symbol": "NVST", "reportedCurrency": "USD", "cik": "0001757073", "fillingDate": "2022-02-24", "acceptedDate": "2022-02-24 16:20:59", "calendarYear": "2021", "period": "FY", "revenue": 2508900000, "costOfRevenue": 1082400000, "grossProfit": 1426500000, "grossProfitRatio": 0.5685758699, "researchAndDevelopmentExpenses": 100500000, "generalAndAdministrativeExpenses": 0, "sellingAndMarketingExpenses": 0, "sellingGeneralAndAdministrativeExpenses": 1019800000, "otherExpenses": 2400000, "operatingExpenses": 1120300000, "costAndExpenses": 2202700000, "interestIncome": 54100000, "interestExpense": 54100000, "depreciationAndAmortization": 154300000, "ebitda": 460500000, "ebitdaratio": 0.1835465742, "operatingIncome": 306200000, "operatingIncomeRatio": 0.122045518, "totalOtherIncomeExpensesNet": -51700000, "incomeBeforeTax": 254500000, "incomeBeforeTaxRatio": 0.1014388776, "incomeTaxExpense": -9000000, "netIncome": 263500000, "netIncomeRatio": 0.1050261071, "eps": 1.63, "epsdiluted": 1.48, "weightedAverageShsOut": 161200000, "weightedAverageShsOutDil": 177600000, "link": "https://www.sec.gov/Archives/edgar/data/1757073/000175707322000010/0001757073-22-000010-index.htm", "finalLink": "https://www.sec.gov/Archives/edgar/data/1757073/000175707322000010/nvst-20211231.htm", "calculatedOtherExpenses": 0, "calculatedOperatingExpenses": 1120300000, "calculatedNetInterest": 0, "calculatedOtherIncome": -51700000, "calculatedIncomeNonControlling": 0, "calculatedEbitda": 460500000}, {"date": "2020-12-31", "symbol": "NVST", "reportedCurrency": "USD", "cik": "0001757073", "fillingDate": "2021-02-19", "acceptedDate": "2021-02-18 20:29:20", "calendarYear": "2020", "period": "FY", "revenue": 2282000000, "costOfRevenue": 1123900000, "grossProfit": 1158100000, "grossProfitRatio": 0.5074934268, "researchAndDevelopmentExpenses": 100800000, "generalAndAdministrativeExpenses": 0, "sellingAndMarketingExpenses": 0, "sellingGeneralAndAdministrativeExpenses": 1024000000, "otherExpenses": -900000, "operatingExpenses": 1124800000, "costAndExpenses": 2248700000, "interestIncome": 62500000, "interestExpense": 62500000, "depreciationAndAmortization": 162200000, "ebitda": 195500000, "ebitdaratio": 0.0856704645, "operatingIncome": 33300000, "operatingIncomeRatio": 0.0145924628, "totalOtherIncomeExpensesNet": -63400000, "incomeBeforeTax": -30100000, "incomeBeforeTaxRatio": -0.013190184, "incomeTaxExpense": -63400000, "netIncome": 33300000, "netIncomeRatio": 0.0145924628, "eps": 0.21, "epsdiluted": 0.2, "weightedAverageShsOut": 159600000, "weightedAverageShsOutDil": 164100000, "link": "https://www.sec.gov/Archives/edgar/data/1757073/000162828021002508/0001628280-21-002508-index.htm", "finalLink": "https://www.sec.gov/Archives/edgar/data/1757073/000162828021002508/nvst-20201231.htm", "calculatedOtherExpenses": 0, "calculatedOperatingExpenses": 1124800000, "calculatedNetInterest": 0, "calculatedOtherIncome": -63400000, "calculatedIncomeNonControlling": 0, "calculatedEbitda": 195500000}, {"date": "2019-12-31", "symbol": "NVST", "reportedCurrency": "USD", "cik": "0001757073", "fillingDate": "2020-02-21", "acceptedDate": "2020-02-20 19:36:08", "calendarYear": "2019", "period": "FY", "revenue": 2751600000, "costOfRevenue": 1238500000, "grossProfit": 1513100000, "grossProfitRatio": 0.549898241, "researchAndDevelopmentExpenses": 154700000, "generalAndAdministrativeExpenses": 0, "sellingAndMarketingExpenses": 0, "sellingGeneralAndAdministrativeExpenses": 1080900000, "otherExpenses": 1500000, "operatingExpenses": 1235600000, "costAndExpenses": 2474100000, "interestIncome": 3500000, "interestExpense": 3500000, "depreciationAndAmortization": 168100000, "ebitda": 279000000, "ebitdaratio": 0.1013955517, "operatingIncome": 110900000, "operatingIncomeRatio": 0.0403038232, "totalOtherIncomeExpensesNet": 164600000, "incomeBeforeTax": 275500000, "incomeBeforeTaxRatio": 0.1001235645, "incomeTaxExpense": 57900000, "netIncome": 217600000, "netIncomeRatio": 0.0790812618, "eps": 1.6, "epsdiluted": 1.6, "weightedAverageShsOut": 136200000, "weightedAverageShsOutDil": 136400000, "link": "https://www.sec.gov/Archives/edgar/data/1757073/000162828020001914/0001628280-20-001914-index.htm", "finalLink": "https://www.sec.gov/Archives/edgar/data/1757073/000162828020001914/nvst-123119x10k.htm", "calculatedOtherExpenses": 166600000, "calculatedOperatingExpenses": 1402200000, "calculatedNetInterest": 0, "calculatedOtherIncome": 164600000, "calculatedIncomeNonControlling": 0, "calculatedEbitda": 279000000}, {"date": "2018-12-31", "symbol": "NVST", "reportedCurrency": "USD", "cik": "0001757073", "fillingDate": "2018-12-31", "acceptedDate": "2018-12-30 19:00:00", "calendarYear": "2018", "period": "FY", "revenue": 2844500000, "costOfRevenue": 1242700000, "grossProfit": 1601800000, "grossProfitRatio": 0.563121814, "researchAndDevelopmentExpenses": 172000000, "generalAndAdministrativeExpenses": 0, "sellingAndMarketingExpenses": 0, "sellingGeneralAndAdministrativeExpenses": 1131400000, "otherExpenses": 2700000, "operatingExpenses": 1303400000, "costAndExpenses": 2546100000, "interestIncome": 0, "interestExpense": 0, "depreciationAndAmortization": 130000000, "ebitda": 428400000, "ebitdaratio": 0.1506064335, "operatingIncome": 298400000, "operatingIncomeRatio": 0.1049042011, "totalOtherIncomeExpensesNet": 2700000, "incomeBeforeTax": 301100000, "incomeBeforeTaxRatio": 0.1058534013, "incomeTaxExpense": 70400000, "netIncome": 230700000, "netIncomeRatio": 0.0811038847, "eps": 1.49, "epsdiluted": 1.49, "weightedAverageShsOut": 154600000, "weightedAverageShsOutDil": 154600000, "link": "", "finalLink": "", "calculatedOtherExpenses": 0, "calculatedOperatingExpenses": 1303400000, "calculatedNetInterest": 0, "calculatedOtherIncome": 2700000, "calculatedIncomeNonControlling": 0, "calculatedEbitda": 428400000}, {"date": "2017-12-31", "symbol": "NVST", "reportedCurrency": "USD", "cik": "0001757073", "fillingDate": "2017-12-31", "acceptedDate": "2017-12-30 19:00:00", "calendarYear": "2017", "period": "FY", "revenue": 2810900000, "costOfRevenue": 1189700000, "grossProfit": 1621200000, "grossProfitRatio": 0.5767547761, "researchAndDevelopmentExpenses": 172400000, "generalAndAdministrativeExpenses": 0, "sellingAndMarketingExpenses": 0, "sellingGeneralAndAdministrativeExpenses": 1062200000, "otherExpenses": 100000, "operatingExpenses": 1234600000, "costAndExpenses": 2424300000, "interestIncome": 0, "interestExpense": 0, "depreciationAndAmortization": 121400000, "ebitda": 508100000, "ebitdaratio": 0.1807606105, "operatingIncome": 386600000, "operatingIncomeRatio": 0.1375360205, "totalOtherIncomeExpensesNet": 100000, "incomeBeforeTax": 386700000, "incomeBeforeTaxRatio": 0.1375715963, "incomeTaxExpense": 85600000, "netIncome": 301100000, "netIncomeRatio": 0.1071187164, "eps": 1.95, "epsdiluted": 1.95, "weightedAverageShsOut": 154600000, "weightedAverageShsOutDil": 154600000, "link": "", "finalLink": "", "calculatedOtherExpenses": 0, "calculatedOperatingExpenses": 1234600000, "calculatedNetInterest": 0, "calculatedOtherIncome": 100000, "calculatedIncomeNonControlling": 0, "calculatedEbitda": 508000000}, {"date": "2016-12-31", "symbol": "NVST", "reportedCurrency": "USD", "cik": "0001757073", "fillingDate": "2016-12-31", "acceptedDate": "2016-12-30 19:00:00", "calendarYear": "2016", "period": "FY", "revenue": 2785400000, "costOfRevenue": 1184300000, "grossProfit": 1601100000, "grossProfitRatio": 0.5748186975, "researchAndDevelopmentExpenses": 142800000, "generalAndAdministrativeExpenses": 0, "sellingAndMarketingExpenses": 0, "sellingGeneralAndAdministrativeExpenses": 1055500000, "otherExpenses": -1100000, "operatingExpenses": 1198300000, "costAndExpenses": 2382600000, "interestIncome": 0, "interestExpense": 0, "depreciationAndAmortization": 127200000, "ebitda": 530000000, "ebitdaratio": 0.1902778775, "operatingIncome": 402800000, "operatingIncomeRatio": 0.1446111869, "totalOtherIncomeExpensesNet": -1100000, "incomeBeforeTax": 401700000, "incomeBeforeTaxRatio": 0.1442162706, "incomeTaxExpense": 129700000, "netIncome": 272000000, "netIncomeRatio": 0.0976520428, "eps": 1.76, "epsdiluted": 1.76, "weightedAverageShsOut": 154600000, "weightedAverageShsOutDil": 154600000, "link": "", "finalLink": "", "calculatedOtherExpenses": 0, "calculatedOperatingExpenses": 1198300000, "calculatedNetInterest": 0, "calculatedOtherIncome": -1100000, "calculatedIncomeNonControlling": 0, "calculatedEbitda": 530000000}]}