{"originalCurrency": "USD", "convertedCurrency": "USD", "report": [{"date": "2023-12-31", "symbol": "NWE", "reportedCurrency": "USD", "cik": "0000073088", "fillingDate": "2023-12-31", "acceptedDate": "2023-12-30 19:00:00", "calendarYear": "2023", "period": "FY", "revenue": 1422143000, "costOfRevenue": 640786000, "grossProfit": 781357000, "grossProfitRatio": 0.5494222452, "researchAndDevelopmentExpenses": 0, "generalAndAdministrativeExpenses": 117360000, "sellingAndMarketingExpenses": 0, "sellingGeneralAndAdministrativeExpenses": 117360000, "otherExpenses": 15832000, "operatingExpenses": 480902000, "costAndExpenses": 1121688000, "interestIncome": 0, "interestExpense": 114617000, "depreciationAndAmortization": 210474000, "ebitda": 526761000, "ebitdaratio": 0.3703994605, "operatingIncome": 300455000, "operatingIncomeRatio": 0.2112691902, "totalOtherIncomeExpensesNet": 15832000, "incomeBeforeTax": 201670000, "incomeBeforeTaxRatio": 0.1418071178, "incomeTaxExpense": 7539000, "netIncome": 194131000, "netIncomeRatio": 0.1365059632, "eps": 3.21, "epsdiluted": 3.21, "weightedAverageShsOut": 60477697, "weightedAverageShsOutDil": 60477697, "link": null, "finalLink": null, "calculatedOtherExpenses": 363542000, "calculatedOperatingExpenses": 480902000, "calculatedNetInterest": -114617000, "calculatedOtherIncome": 15832000, "calculatedIncomeNonControlling": 0, "calculatedEbitda": 510929000}, {"date": "2022-12-31", "symbol": "NWE", "reportedCurrency": "USD", "cik": "0000073088", "fillingDate": "2023-02-17", "acceptedDate": "2023-02-16 18:48:32", "calendarYear": "2022", "period": "FY", "revenue": 1477800000, "costOfRevenue": 492000000, "grossProfit": 985800000, "grossProfitRatio": 0.6670726756, "researchAndDevelopmentExpenses": 0, "generalAndAdministrativeExpenses": 113776000, "sellingAndMarketingExpenses": 24000, "sellingGeneralAndAdministrativeExpenses": 113800000, "otherExpenses": 608900000, "operatingExpenses": 722700000, "costAndExpenses": 1214700000, "interestIncome": 100110000, "interestExpense": 100100000, "depreciationAndAmortization": 214400000, "ebitda": 477500000, "ebitdaratio": 0.3231154419, "operatingIncome": 263100000, "operatingIncomeRatio": 0.1780349168, "totalOtherIncomeExpensesNet": -80700000, "incomeBeforeTax": 182400000, "incomeBeforeTaxRatio": 0.1234267154, "incomeTaxExpense": -600000, "netIncome": 183008000, "netIncomeRatio": 0.1238381378, "eps": 3.28, "epsdiluted": 3.25, "weightedAverageShsOut": 55769156, "weightedAverageShsOutDil": 56292110, "link": "https://www.sec.gov/Archives/edgar/data/73088/000007308823000028/0000073088-23-000028-index.htm", "finalLink": "https://www.sec.gov/Archives/edgar/data/73088/000007308823000028/nwe-20221231.htm", "calculatedOtherExpenses": 608900000, "calculatedOperatingExpenses": 722700000, "calculatedNetInterest": 10000, "calculatedOtherIncome": -80710000, "calculatedIncomeNonControlling": -8000, "calculatedEbitda": 477500000}, {"date": "2021-12-31", "symbol": "NWE", "reportedCurrency": "USD", "cik": "0000073088", "fillingDate": "2022-02-11", "acceptedDate": "2022-02-10 20:15:32", "calendarYear": "2021", "period": "FY", "revenue": 1372316000, "costOfRevenue": 425548000, "grossProfit": 946768000, "grossProfitRatio": 0.6899052405, "researchAndDevelopmentExpenses": 0, "generalAndAdministrativeExpenses": 101873000, "sellingAndMarketingExpenses": 0, "sellingGeneralAndAdministrativeExpenses": 101873000, "otherExpenses": 569214000, "operatingExpenses": 671087000, "costAndExpenses": 1096635000, "interestIncome": 93674000, "interestExpense": 93674000, "depreciationAndAmortization": 195719000, "ebitda": 471400000, "ebitdaratio": 0.3435068891, "operatingIncome": 275681000, "operatingIncomeRatio": 0.2008874049, "totalOtherIncomeExpensesNet": -85422000, "incomeBeforeTax": 190259000, "incomeBeforeTaxRatio": 0.1386408087, "incomeTaxExpense": 3419000, "netIncome": 186840000, "netIncomeRatio": 0.1361494, "eps": 3.61, "epsdiluted": 3.6, "weightedAverageShsOut": 51709229, "weightedAverageShsOutDil": 51872226, "link": "https://www.sec.gov/Archives/edgar/data/73088/000007308822000019/0000073088-22-000019-index.htm", "finalLink": "https://www.sec.gov/Archives/edgar/data/73088/000007308822000019/nwe-20211231.htm", "calculatedOtherExpenses": 569214000, "calculatedOperatingExpenses": 671087000, "calculatedNetInterest": 0, "calculatedOtherIncome": -85422000, "calculatedIncomeNonControlling": 0, "calculatedEbitda": 471400000}, {"date": "2020-12-31", "symbol": "NWE", "reportedCurrency": "USD", "cik": "0000073088", "fillingDate": "2021-02-12", "acceptedDate": "2021-02-11 19:35:02", "calendarYear": "2020", "period": "FY", "revenue": 1198670000, "costOfRevenue": 306190000, "grossProfit": 892480000, "grossProfitRatio": 0.7445585524, "researchAndDevelopmentExpenses": 0, "generalAndAdministrativeExpenses": 297115000, "sellingAndMarketingExpenses": 0, "sellingGeneralAndAdministrativeExpenses": 297115000, "otherExpenses": 359161000, "operatingExpenses": 656276000, "costAndExpenses": 962466000, "interestIncome": 96812000, "interestExpense": 96812000, "depreciationAndAmortization": 184497000, "ebitda": 420701000, "ebitdaratio": 0.3509731619, "operatingIncome": 236204000, "operatingIncomeRatio": 0.1970550694, "totalOtherIncomeExpensesNet": -91959000, "incomeBeforeTax": 144245000, "incomeBeforeTaxRatio": 0.1203375408, "incomeTaxExpense": -10970000, "netIncome": 155215000, "netIncomeRatio": 0.1294893507, "eps": 3.07, "epsdiluted": 3.06, "weightedAverageShsOut": 50559208, "weightedAverageShsOutDil": 50704389, "link": "https://www.sec.gov/Archives/edgar/data/73088/000007308821000026/0000073088-21-000026-index.htm", "finalLink": "https://www.sec.gov/Archives/edgar/data/73088/000007308821000026/nwe-20201231.htm", "calculatedOtherExpenses": 359161000, "calculatedOperatingExpenses": 656276000, "calculatedNetInterest": 0, "calculatedOtherIncome": -91959000, "calculatedIncomeNonControlling": 0, "calculatedEbitda": 420701000}, {"date": "2019-12-31", "symbol": "NWE", "reportedCurrency": "USD", "cik": "0000073088", "fillingDate": "2020-02-13", "acceptedDate": "2020-02-12 18:44:36", "calendarYear": "2019", "period": "FY", "revenue": 1257900000, "costOfRevenue": 318000000, "grossProfit": 939900000, "grossProfitRatio": 0.7471977105, "researchAndDevelopmentExpenses": 0, "generalAndAdministrativeExpenses": 318229000, "sellingAndMarketingExpenses": -29000, "sellingGeneralAndAdministrativeExpenses": 318200000, "otherExpenses": 344800000, "operatingExpenses": 663000000, "costAndExpenses": 981000000, "interestIncome": 95068000, "interestExpense": 95100000, "depreciationAndAmortization": 173300000, "ebitda": 450200000, "ebitdaratio": 0.3578980841, "operatingIncome": 276900000, "operatingIncomeRatio": 0.2201287861, "totalOtherIncomeExpensesNet": -94700000, "incomeBeforeTax": 182200000, "incomeBeforeTaxRatio": 0.1448445822, "incomeTaxExpense": -19900000, "netIncome": 202100000, "netIncomeRatio": 0.1606645997, "eps": 4.01, "epsdiluted": 3.98, "weightedAverageShsOut": 50428560, "weightedAverageShsOutDil": 50751858, "link": "https://www.sec.gov/Archives/edgar/data/73088/000007308820000030/0000073088-20-000030-index.htm", "finalLink": "https://www.sec.gov/Archives/edgar/data/73088/000007308820000030/nwe1231201910k.htm", "calculatedOtherExpenses": 344800000, "calculatedOperatingExpenses": 663000000, "calculatedNetInterest": -32000, "calculatedOtherIncome": -94668000, "calculatedIncomeNonControlling": 0, "calculatedEbitda": 450200000}, {"date": "2018-12-31", "symbol": "NWE", "reportedCurrency": "USD", "cik": "0000073088", "fillingDate": "2019-02-12", "acceptedDate": "2019-02-11 18:37:26", "calendarYear": "2018", "period": "FY", "revenue": 1192009000, "costOfRevenue": 272883000, "grossProfit": 919126000, "grossProfitRatio": 0.7710730372, "researchAndDevelopmentExpenses": 0, "generalAndAdministrativeExpenses": 307119000, "sellingAndMarketingExpenses": 0, "sellingGeneralAndAdministrativeExpenses": 307119000, "otherExpenses": 3966000, "operatingExpenses": 652854000, "costAndExpenses": 925737000, "interestIncome": 0, "interestExpense": 91988000, "depreciationAndAmortization": 174476000, "ebitda": 444714000, "ebitdaratio": 0.3730793979, "operatingIncome": 266272000, "operatingIncomeRatio": 0.2233808637, "totalOtherIncomeExpensesNet": 3966000, "incomeBeforeTax": 178250000, "incomeBeforeTaxRatio": 0.1495374615, "incomeTaxExpense": -18710000, "netIncome": 196960000, "netIncomeRatio": 0.1652336518, "eps": 3.94, "epsdiluted": 3.92, "weightedAverageShsOut": 49985000, "weightedAverageShsOutDil": 50237000, "link": "https://www.sec.gov/Archives/edgar/data/73088/000007308819000023/0000073088-19-000023-index.htm", "finalLink": "https://www.sec.gov/Archives/edgar/data/73088/000007308819000023/nwe1231201810k.htm", "calculatedOtherExpenses": 345735000, "calculatedOperatingExpenses": 652854000, "calculatedNetInterest": -91988000, "calculatedOtherIncome": 3966000, "calculatedIncomeNonControlling": 0, "calculatedEbitda": 440748000}, {"date": "2017-12-31", "symbol": "NWE", "reportedCurrency": "USD", "cik": "0000073088", "fillingDate": "2018-02-13", "acceptedDate": "2018-02-12 18:29:47", "calendarYear": "2017", "period": "FY", "revenue": 1305652000, "costOfRevenue": 410349000, "grossProfit": 895303000, "grossProfitRatio": 0.6857133448, "researchAndDevelopmentExpenses": 0, "generalAndAdministrativeExpenses": 305137000, "sellingAndMarketingExpenses": 0, "sellingGeneralAndAdministrativeExpenses": 305137000, "otherExpenses": 6919000, "operatingExpenses": 633888000, "costAndExpenses": 1044237000, "interestIncome": 0, "interestExpense": 92263000, "depreciationAndAmortization": 166137000, "ebitda": 434471000, "ebitdaratio": 0.332761716, "operatingIncome": 261415000, "operatingIncomeRatio": 0.2002179754, "totalOtherIncomeExpensesNet": 6919000, "incomeBeforeTax": 176071000, "incomeBeforeTaxRatio": 0.1348529317, "incomeTaxExpense": 13368000, "netIncome": 162703000, "netIncomeRatio": 0.1246143689, "eps": 3.35, "epsdiluted": 3.34, "weightedAverageShsOut": 48557599, "weightedAverageShsOutDil": 48655321, "link": "https://www.sec.gov/Archives/edgar/data/73088/000007308818000022/0000073088-18-000022-index.htm", "finalLink": "https://www.sec.gov/Archives/edgar/data/73088/000007308818000022/nwe1231201710k.htm", "calculatedOtherExpenses": 328751000, "calculatedOperatingExpenses": 633888000, "calculatedNetInterest": -92263000, "calculatedOtherIncome": 6919000, "calculatedIncomeNonControlling": 0, "calculatedEbitda": 427552000}, {"date": "2016-12-31", "symbol": "NWE", "reportedCurrency": "USD", "cik": "0000073088", "fillingDate": "2017-02-17", "acceptedDate": "2017-02-16 18:01:14", "calendarYear": "2016", "period": "FY", "revenue": 1257247000, "costOfRevenue": 400973000, "grossProfit": 856274000, "grossProfitRatio": 0.6810706249, "researchAndDevelopmentExpenses": 0, "generalAndAdministrativeExpenses": 302893000, "sellingAndMarketingExpenses": 0, "sellingGeneralAndAdministrativeExpenses": 302893000, "otherExpenses": 5548000, "operatingExpenses": 610327000, "costAndExpenses": 1011300000, "interestIncome": 0, "interestExpense": 94970000, "depreciationAndAmortization": 159336000, "ebitda": 410831000, "ebitdaratio": 0.3267703164, "operatingIncome": 245947000, "operatingIncomeRatio": 0.1956234535, "totalOtherIncomeExpensesNet": 5548000, "incomeBeforeTax": 156525000, "incomeBeforeTaxRatio": 0.1244982092, "incomeTaxExpense": -7647000, "netIncome": 164172000, "netIncomeRatio": 0.1305805462, "eps": 3.4, "epsdiluted": 3.39, "weightedAverageShsOut": 48298896, "weightedAverageShsOutDil": 48475062, "link": "https://www.sec.gov/Archives/edgar/data/73088/000007308817000031/0000073088-17-000031-index.htm", "finalLink": "https://www.sec.gov/Archives/edgar/data/73088/000007308817000031/nwe1231201610k.htm", "calculatedOtherExpenses": 307434000, "calculatedOperatingExpenses": 610327000, "calculatedNetInterest": -94970000, "calculatedOtherIncome": 5548000, "calculatedIncomeNonControlling": 0, "calculatedEbitda": 405283000}, {"date": "2015-12-31", "symbol": "NWE", "reportedCurrency": "USD", "cik": "0000073088", "fillingDate": "2016-02-11", "acceptedDate": "2016-02-10 17:47:13", "calendarYear": "2015", "period": "FY", "revenue": 1214299000, "costOfRevenue": 372864000, "grossProfit": 841435000, "grossProfitRatio": 0.692938889, "researchAndDevelopmentExpenses": 0, "generalAndAdministrativeExpenses": 297475000, "sellingAndMarketingExpenses": 0, "sellingGeneralAndAdministrativeExpenses": 297475000, "otherExpenses": 7583000, "operatingExpenses": 575619000, "costAndExpenses": 948483000, "interestIncome": 0, "interestExpense": 92153000, "depreciationAndAmortization": 144702000, "ebitda": 418101000, "ebitdaratio": 0.3443147034, "operatingIncome": 265816000, "operatingIncomeRatio": 0.218904899, "totalOtherIncomeExpensesNet": 7583000, "incomeBeforeTax": 181246000, "incomeBeforeTaxRatio": 0.1492597787, "incomeTaxExpense": 30037000, "netIncome": 151209000, "netIncomeRatio": 0.1245236964, "eps": 3.2, "epsdiluted": 3.17, "weightedAverageShsOut": 47298000, "weightedAverageShsOutDil": 47643000, "link": "https://www.sec.gov/Archives/edgar/data/73088/000007308816000230/0000073088-16-000230-index.htm", "finalLink": "https://www.sec.gov/Archives/edgar/data/73088/000007308816000230/nwe1231201510k.htm", "calculatedOtherExpenses": 278144000, "calculatedOperatingExpenses": 575619000, "calculatedNetInterest": -92153000, "calculatedOtherIncome": 7583000, "calculatedIncomeNonControlling": 0, "calculatedEbitda": 410518000}, {"date": "2014-12-31", "symbol": "NWE", "reportedCurrency": "USD", "cik": "0000073088", "fillingDate": "2015-02-12", "acceptedDate": "2015-02-11 17:53:49", "calendarYear": "2014", "period": "FY", "revenue": 1204863000, "costOfRevenue": 482591000, "grossProfit": 722272000, "grossProfitRatio": 0.5994640055, "researchAndDevelopmentExpenses": 0, "generalAndAdministrativeExpenses": 305886000, "sellingAndMarketingExpenses": 0, "sellingGeneralAndAdministrativeExpenses": 305886000, "otherExpenses": 10198000, "operatingExpenses": 544254000, "costAndExpenses": 1026845000, "interestIncome": 0, "interestExpense": 77802000, "depreciationAndAmortization": 123776000, "ebitda": 311992000, "ebitdaratio": 0.2589439629, "operatingIncome": 178018000, "operatingIncomeRatio": 0.1477495782, "totalOtherIncomeExpensesNet": 10198000, "incomeBeforeTax": 110414000, "incomeBeforeTaxRatio": 0.0916402944, "incomeTaxExpense": -10272000, "netIncome": 120686000, "netIncomeRatio": 0.100165745, "eps": 3.01, "epsdiluted": 3.01, "weightedAverageShsOut": 40156000, "weightedAverageShsOutDil": 40156000, "link": "https://www.sec.gov/Archives/edgar/data/73088/000007308815000028/0000073088-15-000028-index.htm", "finalLink": "https://www.sec.gov/Archives/edgar/data/73088/000007308815000028/nwe1231201410k.htm", "calculatedOtherExpenses": 238368000, "calculatedOperatingExpenses": 544254000, "calculatedNetInterest": -77802000, "calculatedOtherIncome": 10198000, "calculatedIncomeNonControlling": 0, "calculatedEbitda": 301794000}, {"date": "2013-12-31", "symbol": "NWE", "reportedCurrency": "USD", "cik": "0000073088", "fillingDate": "2014-02-19", "acceptedDate": "2014-02-18 18:27:56", "calendarYear": "2013", "period": "FY", "revenue": 1154519000, "costOfRevenue": 479546000, "grossProfit": 674973000, "grossProfitRatio": 0.5846356794, "researchAndDevelopmentExpenses": 0, "generalAndAdministrativeExpenses": 285569000, "sellingAndMarketingExpenses": 0, "sellingGeneralAndAdministrativeExpenses": 285569000, "otherExpenses": 7737000, "operatingExpenses": 503940000, "costAndExpenses": 983486000, "interestIncome": 0, "interestExpense": 70486000, "depreciationAndAmortization": 112831000, "ebitda": 291601000, "ebitdaratio": 0.2525735826, "operatingIncome": 171033000, "operatingIncomeRatio": 0.1481422133, "totalOtherIncomeExpensesNet": 7737000, "incomeBeforeTax": 108284000, "incomeBeforeTaxRatio": 0.0937914404, "incomeTaxExpense": 14301000, "netIncome": 93983000, "netIncomeRatio": 0.0814044637, "eps": 2.46, "epsdiluted": 2.46, "weightedAverageShsOut": 38145000, "weightedAverageShsOutDil": 38145000, "link": "https://www.sec.gov/Archives/edgar/data/73088/000007308814000041/0000073088-14-000041-index.htm", "finalLink": "https://www.sec.gov/Archives/edgar/data/73088/000007308814000041/nwe1231201310k.htm", "calculatedOtherExpenses": 218371000, "calculatedOperatingExpenses": 503940000, "calculatedNetInterest": -70486000, "calculatedOtherIncome": 7737000, "calculatedIncomeNonControlling": 0, "calculatedEbitda": 283864000}, {"date": "2012-12-31", "symbol": "NWE", "reportedCurrency": "USD", "cik": "0000073088", "fillingDate": "2013-02-14", "acceptedDate": "2013-02-13 18:09:30", "calendarYear": "2012", "period": "FY", "revenue": 1070342000, "costOfRevenue": 395434000, "grossProfit": 674908000, "grossProfitRatio": 0.6305535988, "researchAndDevelopmentExpenses": 0, "generalAndAdministrativeExpenses": 269966000, "sellingAndMarketingExpenses": 0, "sellingGeneralAndAdministrativeExpenses": 269966000, "otherExpenses": 4372000, "operatingExpenses": 473684000, "costAndExpenses": 869118000, "interestIncome": 0, "interestExpense": 65062000, "depreciationAndAmortization": 106044000, "ebitda": 311640000, "ebitdaratio": 0.2911592743, "operatingIncome": 177185000, "operatingIncomeRatio": 0.1655405469, "totalOtherIncomeExpensesNet": -19667000, "incomeBeforeTax": 116495000, "incomeBeforeTaxRatio": 0.108839044, "incomeTaxExpense": 18089000, "netIncome": 98406000, "netIncomeRatio": 0.0919388382, "eps": 2.67, "epsdiluted": 2.66, "weightedAverageShsOut": 36847000, "weightedAverageShsOutDil": 36994737, "link": "https://www.sec.gov/Archives/edgar/data/73088/000007308813000036/0000073088-13-000036-index.htm", "finalLink": "https://www.sec.gov/Archives/edgar/data/73088/000007308813000036/nwe1231201210k.htm", "calculatedOtherExpenses": 227757000, "calculatedOperatingExpenses": 497723000, "calculatedNetInterest": -65062000, "calculatedOtherIncome": 4372000, "calculatedIncomeNonControlling": 0, "calculatedEbitda": 283229000}, {"date": "2011-12-31", "symbol": "NWE", "reportedCurrency": "USD", "cik": "0000073088", "fillingDate": "2012-02-16", "acceptedDate": "2012-02-15 18:45:46", "calendarYear": "2011", "period": "FY", "revenue": 1117316000, "costOfRevenue": 494559000, "grossProfit": 622757000, "grossProfitRatio": 0.5573687301, "researchAndDevelopmentExpenses": 0, "generalAndAdministrativeExpenses": 267160000, "sellingAndMarketingExpenses": 0, "sellingGeneralAndAdministrativeExpenses": 267160000, "otherExpenses": 190048000, "operatingExpenses": 457208000, "costAndExpenses": 951767000, "interestIncome": 0, "interestExpense": 66859000, "depreciationAndAmortization": 100926000, "ebitda": 266475000, "ebitdaratio": 0.2384956449, "operatingIncome": 165549000, "operatingIncomeRatio": 0.148166678, "totalOtherIncomeExpensesNet": 3931000, "incomeBeforeTax": 102621000, "incomeBeforeTaxRatio": 0.0918459952, "incomeTaxExpense": 10065000, "netIncome": 92556000, "netIncomeRatio": 0.0828378006, "eps": 2.55, "epsdiluted": 2.53, "weightedAverageShsOut": 36258000, "weightedAverageShsOutDil": 36583399, "link": "https://www.sec.gov/Archives/edgar/data/73088/000007308812000008/0000073088-12-000008-index.htm", "finalLink": "https://www.sec.gov/Archives/edgar/data/73088/000007308812000008/nwe1231201110k.htm", "calculatedOtherExpenses": 190048000, "calculatedOperatingExpenses": 457208000, "calculatedNetInterest": -66859000, "calculatedOtherIncome": 3931000, "calculatedIncomeNonControlling": 0, "calculatedEbitda": 266475000}, {"date": "2010-12-31", "symbol": "NWE", "reportedCurrency": "USD", "cik": "0000073088", "fillingDate": "2011-02-11", "acceptedDate": "2011-02-10 19:46:14", "calendarYear": "2010", "period": "FY", "revenue": 1110720000, "costOfRevenue": 531089000, "grossProfit": 579631000, "grossProfitRatio": 0.5218515918, "researchAndDevelopmentExpenses": 0, "generalAndAdministrativeExpenses": 0, "sellingAndMarketingExpenses": 0, "sellingGeneralAndAdministrativeExpenses": 237047000, "otherExpenses": 179967000, "operatingExpenses": 417014000, "costAndExpenses": 948103000, "interestIncome": 0, "interestExpense": 65826000, "depreciationAndAmortization": 91769000, "ebitda": 254386000, "ebitdaratio": 0.2290280179, "operatingIncome": 162617000, "operatingIncomeRatio": 0.1464068352, "totalOtherIncomeExpensesNet": 6345000, "incomeBeforeTax": 103136000, "incomeBeforeTaxRatio": 0.092855085, "incomeTaxExpense": 25760000, "netIncome": 77376000, "netIncomeRatio": 0.0696629213, "eps": 2.41, "epsdiluted": 2.14, "weightedAverageShsOut": 36190000, "weightedAverageShsOutDil": 36190000, "link": "https://www.sec.gov/Archives/edgar/data/73088/000007308811000011/0000073088-11-000011-index.htm", "finalLink": "https://www.sec.gov/Archives/edgar/data/73088/000007308811000011/nwe1231201010k.htm", "calculatedOtherExpenses": 179967000, "calculatedOperatingExpenses": 417014000, "calculatedNetInterest": -65826000, "calculatedOtherIncome": 6345000, "calculatedIncomeNonControlling": 0, "calculatedEbitda": 254386000}, {"date": "2009-12-31", "symbol": "NWE", "reportedCurrency": "USD", "cik": "0000073088", "fillingDate": "2009-12-31", "acceptedDate": "2009-12-30 19:00:00", "calendarYear": "2009", "period": "FY", "revenue": 1141910000, "costOfRevenue": 573686000, "grossProfit": 568224000, "grossProfitRatio": 0.497608393, "researchAndDevelopmentExpenses": 0, "generalAndAdministrativeExpenses": 245618000, "sellingAndMarketingExpenses": 0, "sellingGeneralAndAdministrativeExpenses": 245618000, "otherExpenses": 168621000, "operatingExpenses": 414239000, "costAndExpenses": 987925000, "interestIncome": 0, "interestExpense": 67760000, "depreciationAndAmortization": 89039000, "ebitda": 243024000, "ebitdaratio": 0.2128223765, "operatingIncome": 153985000, "operatingIncomeRatio": 0.1348486308, "totalOtherIncomeExpensesNet": 2499000, "incomeBeforeTax": 88724000, "incomeBeforeTaxRatio": 0.0776978921, "incomeTaxExpense": 15304000, "netIncome": 73420000, "netIncomeRatio": 0.0642957851, "eps": 2.03, "epsdiluted": 2.02, "weightedAverageShsOut": 36091000, "weightedAverageShsOutDil": 36346535, "link": "", "finalLink": "", "calculatedOtherExpenses": 168621000, "calculatedOperatingExpenses": 414239000, "calculatedNetInterest": -67760000, "calculatedOtherIncome": 2499000, "calculatedIncomeNonControlling": 0, "calculatedEbitda": 243024000}, {"date": "2008-12-31", "symbol": "NWE", "reportedCurrency": "USD", "cik": "0000073088", "fillingDate": "2009-02-13", "acceptedDate": "2009-02-13 07:40:01", "calendarYear": "2008", "period": "FY", "revenue": 1260793000, "costOfRevenue": 698740000, "grossProfit": 562053000, "grossProfitRatio": 0.4457932428, "researchAndDevelopmentExpenses": 0, "generalAndAdministrativeExpenses": 226164000, "sellingAndMarketingExpenses": 0, "sellingGeneralAndAdministrativeExpenses": 226164000, "otherExpenses": 165673000, "operatingExpenses": 391837000, "costAndExpenses": 1090577000, "interestIncome": 0, "interestExpense": 63952000, "depreciationAndAmortization": 85071000, "ebitda": 255287000, "ebitdaratio": 0.2024812955, "operatingIncome": 170216000, "operatingIncomeRatio": 0.1350070947, "totalOtherIncomeExpensesNet": 1558000, "incomeBeforeTax": 107822000, "incomeBeforeTaxRatio": 0.0855191931, "incomeTaxExpense": 40221000, "netIncome": 67601000, "netIncomeRatio": 0.0536178421, "eps": 1.78, "epsdiluted": 1.77, "weightedAverageShsOut": 37976000, "weightedAverageShsOutDil": 38192655, "link": "https://www.sec.gov/Archives/edgar/data/73088/000007308809000025/0000073088-09-000025-index.htm", "finalLink": "https://www.sec.gov/Archives/edgar/data/73088/000007308809000025/k10_123108.htm", "calculatedOtherExpenses": 165673000, "calculatedOperatingExpenses": 391837000, "calculatedNetInterest": -63952000, "calculatedOtherIncome": 1558000, "calculatedIncomeNonControlling": 0, "calculatedEbitda": 255287000}, {"date": "2007-12-31", "symbol": "NWE", "reportedCurrency": "USD", "cik": "0000073088", "fillingDate": "2008-02-26", "acceptedDate": "2008-02-26 13:30:26", "calendarYear": "2007", "period": "FY", "revenue": 1200060000, "costOfRevenue": 668405000, "grossProfit": 531655000, "grossProfitRatio": 0.4430236821, "researchAndDevelopmentExpenses": 0, "generalAndAdministrativeExpenses": 221566000, "sellingAndMarketingExpenses": 0, "sellingGeneralAndAdministrativeExpenses": 221566000, "otherExpenses": 169996000, "operatingExpenses": 391562000, "costAndExpenses": 1059967000, "interestIncome": 0, "interestExpense": 56942000, "depreciationAndAmortization": 82415000, "ebitda": 222508000, "ebitdaratio": 0.1854140626, "operatingIncome": 140093000, "operatingIncomeRatio": 0.1167383298, "totalOtherIncomeExpensesNet": 2428000, "incomeBeforeTax": 85579000, "incomeBeforeTaxRatio": 0.0713122677, "incomeTaxExpense": 32388000, "netIncome": 53191000, "netIncomeRatio": 0.0443236172, "eps": 1.45, "epsdiluted": 1.44, "weightedAverageShsOut": 36623000, "weightedAverageShsOutDil": 36938194, "link": "https://www.sec.gov/Archives/edgar/data/73088/000007308808000008/0000073088-08-000008-index.htm", "finalLink": "https://www.sec.gov/Archives/edgar/data/73088/000007308808000008/k10_123107.htm", "calculatedOtherExpenses": 169996000, "calculatedOperatingExpenses": 391562000, "calculatedNetInterest": -56942000, "calculatedOtherIncome": 2428000, "calculatedIncomeNonControlling": 0, "calculatedEbitda": 222508000}, {"date": "2006-12-31", "symbol": "NWE", "reportedCurrency": "USD", "cik": "0000073088", "fillingDate": "2007-02-28", "acceptedDate": "2007-02-28 11:23:13", "calendarYear": "2006", "period": "FY", "revenue": 1132653000, "costOfRevenue": 1227164000, "grossProfit": -94511000, "grossProfitRatio": -0.0834421487, "researchAndDevelopmentExpenses": 0, "generalAndAdministrativeExpenses": 240215000, "sellingAndMarketingExpenses": 0, "sellingGeneralAndAdministrativeExpenses": 240215000, "otherExpenses": 782074000, "operatingExpenses": 1022289000, "costAndExpenses": 1022289000, "interestIncome": 0, "interestExpense": -56016000, "depreciationAndAmortization": 81017000, "ebitda": 182316000, "ebitdaratio": 0.1609636844, "operatingIncome": 110364000, "operatingIncomeRatio": 0.0974384918, "totalOtherIncomeExpensesNet": 9065000, "incomeBeforeTax": 63413000, "incomeBeforeTaxRatio": 0.0559862553, "incomeTaxExpense": 25931000, "netIncome": 37900000, "netIncomeRatio": 0.0334612631, "eps": 1.07, "epsdiluted": 1.02, "weightedAverageShsOut": 35535000, "weightedAverageShsOutDil": 37008642, "link": "https://www.sec.gov/Archives/edgar/data/73088/000007308807000008/0000073088-07-000008-index.htm", "finalLink": "https://www.sec.gov/Archives/edgar/data/73088/000007308807000008/tk_10kv4-123106.htm", "calculatedOtherExpenses": -445090000, "calculatedOperatingExpenses": -204875000, "calculatedNetInterest": 56016000, "calculatedOtherIncome": -102967000, "calculatedIncomeNonControlling": -418000, "calculatedEbitda": 191381000}, {"date": "2005-12-31", "symbol": "NWE", "reportedCurrency": "USD", "cik": "0000073088", "fillingDate": "2006-03-03", "acceptedDate": "2006-03-03 15:18:24", "calendarYear": "2005", "period": "FY", "revenue": 1165750000, "costOfRevenue": 1283510000, "grossProfit": -117760000, "grossProfitRatio": -0.101016513, "researchAndDevelopmentExpenses": 0, "generalAndAdministrativeExpenses": 225514000, "sellingAndMarketingExpenses": 0, "sellingGeneralAndAdministrativeExpenses": 225514000, "otherExpenses": 795784000, "operatingExpenses": 1021298000, "costAndExpenses": 1021298000, "interestIncome": 0, "interestExpense": -61295000, "depreciationAndAmortization": 81513000, "ebitda": 209065000, "ebitdaratio": 0.179339481, "operatingIncome": 144452000, "operatingIncomeRatio": 0.1239133605, "totalOtherIncomeExpensesNet": 16900000, "incomeBeforeTax": 100057000, "incomeBeforeTaxRatio": 0.0858305812, "incomeTaxExpense": 38510000, "netIncome": 59467000, "netIncomeRatio": 0.051011795, "eps": 1.67, "epsdiluted": 1.65, "weightedAverageShsOut": 35620000, "weightedAverageShsOutDil": 36095455, "link": "https://www.sec.gov/Archives/edgar/data/73088/000110465906013882/0001104659-06-013882-index.htm", "finalLink": "https://www.sec.gov/Archives/edgar/data/73088/000110465906013882/a06-2334_110k.htm", "calculatedOtherExpenses": -487726000, "calculatedOperatingExpenses": -262212000, "calculatedNetInterest": 61295000, "calculatedOtherIncome": -105690000, "calculatedIncomeNonControlling": 2080000, "calculatedEbitda": 225965000}, {"date": "2004-12-31", "symbol": "NWE", "reportedCurrency": "USD", "cik": "0000073088", "fillingDate": "2005-03-14", "acceptedDate": "2005-03-14 08:20:42", "calendarYear": "2004", "period": "FY", "revenue": 205952000, "costOfRevenue": 1071334000, "grossProfit": -865382000, "grossProfitRatio": -4.2018625699, "researchAndDevelopmentExpenses": 0, "generalAndAdministrativeExpenses": 239716000, "sellingAndMarketingExpenses": -203758000, "sellingGeneralAndAdministrativeExpenses": 35958000, "otherExpenses": 150152000, "operatingExpenses": 186110000, "costAndExpenses": 186110000, "interestIncome": 0, "interestExpense": -147626000, "depreciationAndAmortization": 12646000, "ebitda": 52759000, "ebitdaratio": 0.2561713409, "operatingIncome": 19842000, "operatingIncomeRatio": 0.0963428372, "totalOtherIncomeExpensesNet": -20271000, "incomeBeforeTax": -11450000, "incomeBeforeTaxRatio": -0.0555954786, "incomeTaxExpense": -4930000, "netIncome": -6944000, "netIncomeRatio": -0.0337165942, "eps": -0.19, "epsdiluted": -0.19, "weightedAverageShsOut": 37397000, "weightedAverageShsOutDil": 37397000, "link": "https://www.sec.gov/Archives/edgar/data/73088/000110465905010721/0001104659-05-010721-index.htm", "finalLink": "https://www.sec.gov/Archives/edgar/data/73088/000110465905010721/a05-1815_110k.htm", "calculatedOtherExpenses": -921182000, "calculatedOperatingExpenses": -885224000, "calculatedNetInterest": 147626000, "calculatedOtherIncome": -178918000, "calculatedIncomeNonControlling": 424000, "calculatedEbitda": 32488000}, {"date": "2003-12-31", "symbol": "NWE", "reportedCurrency": "USD", "cik": "0000073088", "fillingDate": "2004-03-15", "acceptedDate": "2004-03-15 14:40:02", "calendarYear": "2003", "period": "FY", "revenue": 1027437000, "costOfRevenue": 1101178000, "grossProfit": -73741000, "grossProfitRatio": -0.0717717972, "researchAndDevelopmentExpenses": 0, "generalAndAdministrativeExpenses": 315538000, "sellingAndMarketingExpenses": -8280000, "sellingGeneralAndAdministrativeExpenses": 307258000, "otherExpenses": 638206000, "operatingExpenses": 945464000, "costAndExpenses": 945464000, "interestIncome": 0, "interestExpense": -147626000, "depreciationAndAmortization": 84187000, "ebitda": 172137000, "ebitdaratio": 0.1675401995, "operatingIncome": 81973000, "operatingIncomeRatio": 0.0797839673, "totalOtherIncomeExpensesNet": -5977000, "incomeBeforeTax": -86575000, "incomeBeforeTaxRatio": -0.084263074, "incomeTaxExpense": -48000, "netIncome": -128670000, "netIncomeRatio": -0.125233956, "eps": -3.44, "epsdiluted": -3.44, "weightedAverageShsOut": 37397000, "weightedAverageShsOutDil": 37397000, "link": "https://www.sec.gov/Archives/edgar/data/73088/000110465904007415/0001104659-04-007415-index.htm", "finalLink": "https://www.sec.gov/Archives/edgar/data/73088/000110465904007415/a04-3202_110k.htm", "calculatedOtherExpenses": -462972000, "calculatedOperatingExpenses": -155714000, "calculatedNetInterest": 147626000, "calculatedOtherIncome": -316174000, "calculatedIncomeNonControlling": 42143000, "calculatedEbitda": 166160000}, {"date": "2002-12-31", "symbol": "NWE", "reportedCurrency": "USD", "cik": "0000073088", "fillingDate": "2003-04-15", "acceptedDate": "2003-04-15 17:36:27", "calendarYear": "2002", "period": "FY", "revenue": 1991509000, "costOfRevenue": 1095409000, "grossProfit": 896100000, "grossProfitRatio": 0.4499603065, "researchAndDevelopmentExpenses": 0, "generalAndAdministrativeExpenses": 0, "sellingAndMarketingExpenses": 0, "sellingGeneralAndAdministrativeExpenses": 771626000, "otherExpenses": 754108000, "operatingExpenses": 1525734000, "costAndExpenses": 2621143000, "interestIncome": 0, "interestExpense": -129536000, "depreciationAndAmortization": 127985000, "ebitda": -496267000, "ebitdaratio": -0.2491914423, "operatingIncome": -629634000, "operatingIncomeRatio": -0.3161592541, "totalOtherIncomeExpensesNet": -5382000, "incomeBeforeTax": -749638000, "incomeBeforeTaxRatio": -0.3764170787, "incomeTaxExpense": -798000, "netIncome": -863942000, "netIncomeRatio": -0.433812752, "eps": -29.06, "epsdiluted": -29.06, "weightedAverageShsOut": 29725133, "weightedAverageShsOutDil": 29725133, "link": "https://www.sec.gov/Archives/edgar/data/73088/000104746903013477/0001047469-03-013477-index.htm", "finalLink": "https://www.sec.gov/Archives/edgar/data/73088/000104746903013477/a2107598z10-k.htm", "calculatedOtherExpenses": 754108000, "calculatedOperatingExpenses": 1525734000, "calculatedNetInterest": 129536000, "calculatedOtherIncome": -249540000, "calculatedIncomeNonControlling": 115102000, "calculatedEbitda": -501649000}, {"date": "2001-12-31", "symbol": "NWE", "reportedCurrency": "USD", "cik": "0000073088", "fillingDate": "2002-04-01", "acceptedDate": "2002-04-01 00:00:00", "calendarYear": "2001", "period": "FY", "revenue": 4237755000, "costOfRevenue": 3380188000, "grossProfit": 857567000, "grossProfitRatio": 0.2023635156, "researchAndDevelopmentExpenses": 0, "generalAndAdministrativeExpenses": 0, "sellingAndMarketingExpenses": 0, "sellingGeneralAndAdministrativeExpenses": 790936000, "otherExpenses": 150681000, "operatingExpenses": 941617000, "costAndExpenses": 4321805000, "interestIncome": 0, "interestExpense": 0, "depreciationAndAmortization": 125765000, "ebitda": 33692000, "ebitdaratio": 0.007950436, "operatingIncome": -84050000, "operatingIncomeRatio": -0.0198336147, "totalOtherIncomeExpensesNet": 8023000, "incomeBeforeTax": -2848000, "incomeBeforeTaxRatio": -0.000672054, "incomeTaxExpense": -47380000, "netIncome": 44532000, "netIncomeRatio": 0.0105083942, "eps": -0.16, "epsdiluted": -0.17, "weightedAverageShsOut": 23604000, "weightedAverageShsOutDil": 27101379, "link": "https://www.sec.gov/Archives/edgar/data/73088/000110465902001256/0001104659-02-001256-index.htm", "finalLink": "https://www.sec.gov/Archives/edgar/data/73088/000110465902001256/j3056_10k405.htm", "calculatedOtherExpenses": 150681000, "calculatedOperatingExpenses": 941617000, "calculatedNetInterest": 0, "calculatedOtherIncome": 81202000, "calculatedIncomeNonControlling": 0, "calculatedEbitda": 41715000}, {"date": "2000-12-31", "symbol": "NWE", "reportedCurrency": "USD", "cik": "0000073088", "fillingDate": "2001-04-02", "acceptedDate": "2001-04-02 00:00:00", "calendarYear": "2000", "period": "FY", "revenue": 7132090000, "costOfRevenue": 6295675000, "grossProfit": 836415000, "grossProfitRatio": 0.1172748802, "researchAndDevelopmentExpenses": 0, "generalAndAdministrativeExpenses": 0, "sellingAndMarketingExpenses": 0, "sellingGeneralAndAdministrativeExpenses": 686814000, "otherExpenses": 108329000, "operatingExpenses": 795143000, "costAndExpenses": 7090818000, "interestIncome": 0, "interestExpense": 0, "depreciationAndAmortization": 108329000, "ebitda": 140620000, "ebitdaratio": 0.0197165207, "operatingIncome": 41272000, "operatingIncomeRatio": 0.005786803, "totalOtherIncomeExpensesNet": 8981000, "incomeBeforeTax": 46482000, "incomeBeforeTaxRatio": 0.0065173042, "incomeTaxExpense": -4117000, "netIncome": 49553000, "netIncomeRatio": 0.0069478933, "eps": -0.15, "epsdiluted": -0.15, "weightedAverageShsOut": 23115000, "weightedAverageShsOutDil": 27434146, "link": "https://www.sec.gov/Archives/edgar/data/73088/000110465901500253/0001104659-01-500253-index.htm", "finalLink": "https://www.sec.gov/Archives/edgar/data/73088/000110465901500253/j021810k405.htm", "calculatedOtherExpenses": 108329000, "calculatedOperatingExpenses": 795143000, "calculatedNetInterest": 0, "calculatedOtherIncome": 5210000, "calculatedIncomeNonControlling": 1046000, "calculatedEbitda": 149601000}, {"date": "1999-12-31", "symbol": "NWE", "reportedCurrency": "USD", "cik": "0000073088", "fillingDate": "2000-03-30", "acceptedDate": "2000-03-30 00:00:00", "calendarYear": "1999", "period": "FY", "revenue": 3004300000, "costOfRevenue": 2467800000, "grossProfit": 536500000, "grossProfitRatio": 0.1785773724, "researchAndDevelopmentExpenses": 0, "generalAndAdministrativeExpenses": 0, "sellingAndMarketingExpenses": 0, "sellingGeneralAndAdministrativeExpenses": 388700000, "otherExpenses": 68300000, "operatingExpenses": 457000000, "costAndExpenses": 2924800000, "interestIncome": 0, "interestExpense": 0, "depreciationAndAmortization": 58500000, "ebitda": 138000000, "ebitdaratio": 0.045934161, "operatingIncome": 79500000, "operatingIncomeRatio": 0.026462071, "totalOtherIncomeExpensesNet": 9800000, "incomeBeforeTax": 59200000, "incomeBeforeTaxRatio": 0.0197050894, "incomeTaxExpense": 14500000, "netIncome": 44700000, "netIncomeRatio": 0.0148786739, "eps": 0.29, "epsdiluted": 0.29, "weightedAverageShsOut": 153448276, "weightedAverageShsOutDil": 153448276, "link": "https://www.sec.gov/Archives/edgar/data/73088/000007308800000011/0000073088-00-000011-index.html", "finalLink": "https://www.sec.gov/Archives/edgar/data/73088/000007308800000011/", "calculatedOtherExpenses": 68300000, "calculatedOperatingExpenses": 457000000, "calculatedNetInterest": 0, "calculatedOtherIncome": -20300000, "calculatedIncomeNonControlling": 0, "calculatedEbitda": 138000000}, {"date": "1998-12-31", "symbol": "NWE", "reportedCurrency": "USD", "cik": "0000073088", "fillingDate": "1999-03-31", "acceptedDate": "1999-03-31 00:00:00", "calendarYear": "1998", "period": "FY", "revenue": 1187100000, "costOfRevenue": 681400000, "grossProfit": 505700000, "grossProfitRatio": 0.425996125, "researchAndDevelopmentExpenses": 0, "generalAndAdministrativeExpenses": 0, "sellingAndMarketingExpenses": 0, "sellingGeneralAndAdministrativeExpenses": 230800000, "otherExpenses": 201000000, "operatingExpenses": 431800000, "costAndExpenses": 1113200000, "interestIncome": 0, "interestExpense": 0, "depreciationAndAmortization": 36500000, "ebitda": 110400000, "ebitdaratio": 0.0929997473, "operatingIncome": 73900000, "operatingIncomeRatio": 0.0622525482, "totalOtherIncomeExpensesNet": 6100000, "incomeBeforeTax": 40500000, "incomeBeforeTaxRatio": 0.0341167551, "incomeTaxExpense": 13200000, "netIncome": 27300000, "netIncomeRatio": 0.0229972201, "eps": 1.45, "epsdiluted": 1.44, "weightedAverageShsOut": 18660000, "weightedAverageShsOutDil": 20972222, "link": "https://www.sec.gov/Archives/edgar/data/73088/000007308899000005/0000073088-99-000005-index.html", "finalLink": "https://www.sec.gov/Archives/edgar/data/73088/", "calculatedOtherExpenses": 201000000, "calculatedOperatingExpenses": 431800000, "calculatedNetInterest": 0, "calculatedOtherIncome": -33400000, "calculatedIncomeNonControlling": 0, "calculatedEbitda": 110400000}, {"date": "1997-12-31", "symbol": "NWE", "reportedCurrency": "USD", "cik": "0000073088", "fillingDate": "1998-03-31", "acceptedDate": "1998-03-31 00:00:00", "calendarYear": "1997", "period": "FY", "revenue": 918000000, "costOfRevenue": 681900000, "grossProfit": 236100000, "grossProfitRatio": 0.2571895425, "researchAndDevelopmentExpenses": 0, "generalAndAdministrativeExpenses": 0, "sellingAndMarketingExpenses": 0, "sellingGeneralAndAdministrativeExpenses": 0, "otherExpenses": 177100000, "operatingExpenses": 177100000, "costAndExpenses": 859000000, "interestIncome": 0, "interestExpense": 0, "depreciationAndAmortization": 19600000, "ebitda": 78600000, "ebitdaratio": 0.085620915, "operatingIncome": 59000000, "operatingIncomeRatio": 0.0642701525, "totalOtherIncomeExpensesNet": 11600000, "incomeBeforeTax": 34800000, "incomeBeforeTaxRatio": 0.0379084967, "incomeTaxExpense": 11100000, "netIncome": 23700000, "netIncomeRatio": 0.0258169935, "eps": 1.31, "epsdiluted": 1.31, "weightedAverageShsOut": 17938931, "weightedAverageShsOutDil": 17938931, "link": "https://www.sec.gov/Archives/edgar/data/73088/000089581398000090/0000895813-98-000090-index.html", "finalLink": "https://www.sec.gov/Archives/edgar/data/73088/", "calculatedOtherExpenses": 177100000, "calculatedOperatingExpenses": 177100000, "calculatedNetInterest": 0, "calculatedOtherIncome": -24200000, "calculatedIncomeNonControlling": 0, "calculatedEbitda": 78600000}, {"date": "1996-12-31", "symbol": "NWE", "reportedCurrency": "USD", "cik": "0000073088", "fillingDate": "1997-03-31", "acceptedDate": "1997-03-31 00:00:00", "calendarYear": "1996", "period": "FY", "revenue": 344000000, "costOfRevenue": 165900000, "grossProfit": 178100000, "grossProfitRatio": 0.5177325581, "researchAndDevelopmentExpenses": 0, "generalAndAdministrativeExpenses": 0, "sellingAndMarketingExpenses": 0, "sellingGeneralAndAdministrativeExpenses": 0, "otherExpenses": 127700000, "operatingExpenses": 127700000, "costAndExpenses": 293600000, "interestIncome": 0, "interestExpense": 0, "depreciationAndAmortization": 9700000, "ebitda": 60100000, "ebitdaratio": 0.1747093023, "operatingIncome": 50400000, "operatingIncomeRatio": 0.1465116279, "totalOtherIncomeExpensesNet": 9700000, "incomeBeforeTax": 38800000, "incomeBeforeTaxRatio": 0.1127906977, "incomeTaxExpense": 15400000, "netIncome": 23400000, "netIncomeRatio": 0.0680232558, "eps": 1.28, "epsdiluted": 1.28, "weightedAverageShsOut": 20000000, "weightedAverageShsOutDil": 20000000, "link": "https://www.sec.gov/Archives/edgar/data/73088/000007308897000005/0000073088-97-000005-index.html", "finalLink": "https://www.sec.gov/Archives/edgar/data/73088/", "calculatedOtherExpenses": 127700000, "calculatedOperatingExpenses": 127700000, "calculatedNetInterest": 0, "calculatedOtherIncome": -11600000, "calculatedIncomeNonControlling": 0, "calculatedEbitda": 60100000}, {"date": "1995-12-31", "symbol": "NWE", "reportedCurrency": "USD", "cik": "0000073088", "fillingDate": "1996-04-01", "acceptedDate": "1996-04-01 00:00:00", "calendarYear": "1995", "period": "FY", "revenue": 205000000, "costOfRevenue": 92400000, "grossProfit": 112600000, "grossProfitRatio": 0.5492682927, "researchAndDevelopmentExpenses": 0, "generalAndAdministrativeExpenses": 0, "sellingAndMarketingExpenses": 0, "sellingGeneralAndAdministrativeExpenses": 0, "otherExpenses": 74300000, "operatingExpenses": 74300000, "costAndExpenses": 166700000, "interestIncome": 0, "interestExpense": 0, "depreciationAndAmortization": 11600000, "ebitda": 49900000, "ebitdaratio": 0.2434146341, "operatingIncome": 38300000, "operatingIncomeRatio": 0.1868292683, "totalOtherIncomeExpensesNet": 3000000, "incomeBeforeTax": 28300000, "incomeBeforeTaxRatio": 0.1380487805, "incomeTaxExpense": 10100000, "netIncome": 18200000, "netIncomeRatio": 0.0887804878, "eps": 1.11, "epsdiluted": 1.11, "weightedAverageShsOut": 16261162, "weightedAverageShsOutDil": 16261162, "link": "https://www.sec.gov/Archives/edgar/data/73088/000007308896000009/0000073088-96-000009-index.html", "finalLink": "https://www.sec.gov/Archives/edgar/data/73088/", "calculatedOtherExpenses": 74300000, "calculatedOperatingExpenses": 74300000, "calculatedNetInterest": 0, "calculatedOtherIncome": -10000000, "calculatedIncomeNonControlling": 0, "calculatedEbitda": 49900000}, {"date": "1994-12-31", "symbol": "NWE", "reportedCurrency": "USD", "cik": "0000073088", "fillingDate": "1995-03-27", "acceptedDate": "1995-03-27 00:00:00", "calendarYear": "1994", "period": "FY", "revenue": 157200000, "costOfRevenue": 61000000, "grossProfit": 96200000, "grossProfitRatio": 0.6119592875, "researchAndDevelopmentExpenses": 0, "generalAndAdministrativeExpenses": 0, "sellingAndMarketingExpenses": 0, "sellingGeneralAndAdministrativeExpenses": 0, "otherExpenses": 66000000, "operatingExpenses": 66000000, "costAndExpenses": 127000000, "interestIncome": 0, "interestExpense": 0, "depreciationAndAmortization": 9800000, "ebitda": 40000000, "ebitdaratio": 0.2544529262, "operatingIncome": 30200000, "operatingIncomeRatio": 0.1921119593, "totalOtherIncomeExpensesNet": 2600000, "incomeBeforeTax": 23300000, "incomeBeforeTaxRatio": 0.1482188295, "incomeTaxExpense": 7900000, "netIncome": 15400000, "netIncomeRatio": 0.0979643766, "eps": 1, "epsdiluted": 1, "weightedAverageShsOut": 15300000, "weightedAverageShsOutDil": 15300000, "link": "https://www.sec.gov/Archives/edgar/data/73088/000007308895000004/0000073088-95-000004-index.html", "finalLink": "https://www.sec.gov/Archives/edgar/data/73088/", "calculatedOtherExpenses": 66000000, "calculatedOperatingExpenses": 66000000, "calculatedNetInterest": 0, "calculatedOtherIncome": -6900000, "calculatedIncomeNonControlling": 0, "calculatedEbitda": 40000000}, {"date": "1993-12-31", "symbol": "NWE", "reportedCurrency": "USD", "cik": "0000073088", "fillingDate": "1994-03-28", "acceptedDate": "1994-03-28 00:00:00", "calendarYear": "1993", "period": "FY", "revenue": 153300000, "costOfRevenue": 0, "grossProfit": 153300000, "grossProfitRatio": 1, "researchAndDevelopmentExpenses": 0, "generalAndAdministrativeExpenses": 0, "sellingAndMarketingExpenses": 0, "sellingGeneralAndAdministrativeExpenses": 0, "otherExpenses": 0, "operatingExpenses": 0, "costAndExpenses": 0, "interestIncome": 0, "interestExpense": 0, "depreciationAndAmortization": 0, "ebitda": 153300000, "ebitdaratio": 1, "operatingIncome": 153300000, "operatingIncomeRatio": 1, "totalOtherIncomeExpensesNet": 0, "incomeBeforeTax": 0, "incomeBeforeTaxRatio": 0, "incomeTaxExpense": -15200000, "netIncome": 15200000, "netIncomeRatio": 0.0991519896, "eps": 0.98, "epsdiluted": 0.98, "weightedAverageShsOut": 15408163, "weightedAverageShsOutDil": 15408163, "link": "https://www.sec.gov/Archives/edgar/data/73088/000007308894000007/0000073088-94-000007-index.html", "finalLink": "https://www.sec.gov/Archives/edgar/data/73088/", "calculatedOtherExpenses": 0, "calculatedOperatingExpenses": 0, "calculatedNetInterest": 0, "calculatedOtherIncome": -153300000, "calculatedIncomeNonControlling": 0, "calculatedEbitda": 153300000}, {"date": "1992-12-31", "symbol": "NWE", "reportedCurrency": "USD", "cik": "0000073088", "fillingDate": "1992-12-31", "acceptedDate": "1992-12-30 19:00:00", "calendarYear": "1992", "period": "FY", "revenue": 119200000, "costOfRevenue": 0, "grossProfit": 119200000, "grossProfitRatio": 1, "researchAndDevelopmentExpenses": 0, "generalAndAdministrativeExpenses": 0, "sellingAndMarketingExpenses": 0, "sellingGeneralAndAdministrativeExpenses": 0, "otherExpenses": 0, "operatingExpenses": 0, "costAndExpenses": 0, "interestIncome": 0, "interestExpense": 0, "depreciationAndAmortization": 0, "ebitda": 119200000, "ebitdaratio": 1, "operatingIncome": 119200000, "operatingIncomeRatio": 1, "totalOtherIncomeExpensesNet": 0, "incomeBeforeTax": 0, "incomeBeforeTaxRatio": 0, "incomeTaxExpense": -13700000, "netIncome": 13700000, "netIncomeRatio": 0.1149328859, "eps": 0.88, "epsdiluted": 0.88, "weightedAverageShsOut": 15454545, "weightedAverageShsOutDil": 15454545, "link": "", "finalLink": "", "calculatedOtherExpenses": 0, "calculatedOperatingExpenses": 0, "calculatedNetInterest": 0, "calculatedOtherIncome": -119200000, "calculatedIncomeNonControlling": 0, "calculatedEbitda": 119200000}, {"date": "1991-12-31", "symbol": "NWE", "reportedCurrency": "USD", "cik": "0000073088", "fillingDate": "1991-12-31", "acceptedDate": "1991-12-30 19:00:00", "calendarYear": "1991", "period": "FY", "revenue": 122900000, "costOfRevenue": 0, "grossProfit": 122900000, "grossProfitRatio": 1, "researchAndDevelopmentExpenses": 0, "generalAndAdministrativeExpenses": 0, "sellingAndMarketingExpenses": 0, "sellingGeneralAndAdministrativeExpenses": 0, "otherExpenses": 0, "operatingExpenses": 0, "costAndExpenses": 0, "interestIncome": 0, "interestExpense": 0, "depreciationAndAmortization": 0, "ebitda": 122900000, "ebitdaratio": 1, "operatingIncome": 122900000, "operatingIncomeRatio": 1, "totalOtherIncomeExpensesNet": 0, "incomeBeforeTax": 0, "incomeBeforeTaxRatio": 0, "incomeTaxExpense": -14800000, "netIncome": 14800000, "netIncomeRatio": 0.1204231082, "eps": 0.94, "epsdiluted": 0.94, "weightedAverageShsOut": 15319149, "weightedAverageShsOutDil": 15319149, "link": "", "finalLink": "", "calculatedOtherExpenses": 0, "calculatedOperatingExpenses": 0, "calculatedNetInterest": 0, "calculatedOtherIncome": -122900000, "calculatedIncomeNonControlling": 0, "calculatedEbitda": 122900000}, {"date": "1990-12-31", "symbol": "NWE", "reportedCurrency": "USD", "cik": "0000073088", "fillingDate": "1990-12-31", "acceptedDate": "1990-12-30 19:00:00", "calendarYear": "1990", "period": "FY", "revenue": 114200000, "costOfRevenue": 0, "grossProfit": 114200000, "grossProfitRatio": 1, "researchAndDevelopmentExpenses": 0, "generalAndAdministrativeExpenses": 0, "sellingAndMarketingExpenses": 0, "sellingGeneralAndAdministrativeExpenses": 0, "otherExpenses": 0, "operatingExpenses": 0, "costAndExpenses": 0, "interestIncome": 0, "interestExpense": 0, "depreciationAndAmortization": 0, "ebitda": 114200000, "ebitdaratio": 1, "operatingIncome": 114200000, "operatingIncomeRatio": 1, "totalOtherIncomeExpensesNet": 0, "incomeBeforeTax": 0, "incomeBeforeTaxRatio": 0, "incomeTaxExpense": -17500000, "netIncome": 17500000, "netIncomeRatio": 0.1532399299, "eps": 1.12, "epsdiluted": 1.12, "weightedAverageShsOut": 15267857, "weightedAverageShsOutDil": 15267857, "link": "", "finalLink": "", "calculatedOtherExpenses": 0, "calculatedOperatingExpenses": 0, "calculatedNetInterest": 0, "calculatedOtherIncome": -114200000, "calculatedIncomeNonControlling": 0, "calculatedEbitda": 114200000}, {"date": "1989-12-31", "symbol": "NWE", "reportedCurrency": "USD", "cik": "0000073088", "fillingDate": "1989-12-31", "acceptedDate": "1989-12-30 19:00:00", "calendarYear": "1989", "period": "FY", "revenue": 116000000, "costOfRevenue": 0, "grossProfit": 116000000, "grossProfitRatio": 1, "researchAndDevelopmentExpenses": 0, "generalAndAdministrativeExpenses": 0, "sellingAndMarketingExpenses": 0, "sellingGeneralAndAdministrativeExpenses": 0, "otherExpenses": 0, "operatingExpenses": 0, "costAndExpenses": 0, "interestIncome": 0, "interestExpense": 0, "depreciationAndAmortization": 0, "ebitda": 116000000, "ebitdaratio": 1, "operatingIncome": 116000000, "operatingIncomeRatio": 1, "totalOtherIncomeExpensesNet": 0, "incomeBeforeTax": 0, "incomeBeforeTaxRatio": 0, "incomeTaxExpense": -16100000, "netIncome": 16100000, "netIncomeRatio": 0.1387931034, "eps": 1.02, "epsdiluted": 1.02, "weightedAverageShsOut": 15294118, "weightedAverageShsOutDil": 15294118, "link": "", "finalLink": "", "calculatedOtherExpenses": 0, "calculatedOperatingExpenses": 0, "calculatedNetInterest": 0, "calculatedOtherIncome": -116000000, "calculatedIncomeNonControlling": 0, "calculatedEbitda": 116000000}, {"date": "1988-12-31", "symbol": "NWE", "reportedCurrency": "USD", "cik": "0000073088", "fillingDate": "1988-12-31", "acceptedDate": "1988-12-30 19:00:00", "calendarYear": "1988", "period": "FY", "revenue": 115500000, "costOfRevenue": 0, "grossProfit": 115500000, "grossProfitRatio": 1, "researchAndDevelopmentExpenses": 0, "generalAndAdministrativeExpenses": 0, "sellingAndMarketingExpenses": 0, "sellingGeneralAndAdministrativeExpenses": 0, "otherExpenses": 0, "operatingExpenses": 0, "costAndExpenses": 0, "interestIncome": 0, "interestExpense": 0, "depreciationAndAmortization": 0, "ebitda": 115500000, "ebitdaratio": 1, "operatingIncome": 115500000, "operatingIncomeRatio": 1, "totalOtherIncomeExpensesNet": 0, "incomeBeforeTax": 0, "incomeBeforeTaxRatio": 0, "incomeTaxExpense": -13900000, "netIncome": 13900000, "netIncomeRatio": 0.1203463203, "eps": 0.86, "epsdiluted": 0.86, "weightedAverageShsOut": 15348837, "weightedAverageShsOutDil": 15348837, "link": "", "finalLink": "", "calculatedOtherExpenses": 0, "calculatedOperatingExpenses": 0, "calculatedNetInterest": 0, "calculatedOtherIncome": -115500000, "calculatedIncomeNonControlling": 0, "calculatedEbitda": 115500000}, {"date": "1987-12-31", "symbol": "NWE", "reportedCurrency": "USD", "cik": "0000073088", "fillingDate": "1987-12-31", "acceptedDate": "1987-12-30 19:00:00", "calendarYear": "1987", "period": "FY", "revenue": 108100000, "costOfRevenue": 0, "grossProfit": 108100000, "grossProfitRatio": 1, "researchAndDevelopmentExpenses": 0, "generalAndAdministrativeExpenses": 0, "sellingAndMarketingExpenses": 0, "sellingGeneralAndAdministrativeExpenses": 0, "otherExpenses": 0, "operatingExpenses": 0, "costAndExpenses": 0, "interestIncome": 0, "interestExpense": 0, "depreciationAndAmortization": 0, "ebitda": 108100000, "ebitdaratio": 1, "operatingIncome": 108100000, "operatingIncomeRatio": 1, "totalOtherIncomeExpensesNet": 0, "incomeBeforeTax": 0, "incomeBeforeTaxRatio": 0, "incomeTaxExpense": -13700000, "netIncome": 13700000, "netIncomeRatio": 0.1267345051, "eps": 0.84, "epsdiluted": 0.84, "weightedAverageShsOut": 15238095, "weightedAverageShsOutDil": 15238095, "link": "", "finalLink": "", "calculatedOtherExpenses": 0, "calculatedOperatingExpenses": 0, "calculatedNetInterest": 0, "calculatedOtherIncome": -108100000, "calculatedIncomeNonControlling": 0, "calculatedEbitda": 108100000}, {"date": "1986-12-31", "symbol": "NWE", "reportedCurrency": "USD", "cik": "0000073088", "fillingDate": "1986-12-31", "acceptedDate": "1986-12-30 19:00:00", "calendarYear": "1986", "period": "FY", "revenue": 117400000, "costOfRevenue": 0, "grossProfit": 117400000, "grossProfitRatio": 1, "researchAndDevelopmentExpenses": 0, "generalAndAdministrativeExpenses": 0, "sellingAndMarketingExpenses": 0, "sellingGeneralAndAdministrativeExpenses": 0, "otherExpenses": 0, "operatingExpenses": 0, "costAndExpenses": 0, "interestIncome": 0, "interestExpense": 0, "depreciationAndAmortization": 0, "ebitda": 117400000, "ebitdaratio": 1, "operatingIncome": 117400000, "operatingIncomeRatio": 1, "totalOtherIncomeExpensesNet": 0, "incomeBeforeTax": 0, "incomeBeforeTaxRatio": 0, "incomeTaxExpense": -13700000, "netIncome": 13700000, "netIncomeRatio": 0.1166950596, "eps": 0.8, "epsdiluted": 0.8, "weightedAverageShsOut": 15375000, "weightedAverageShsOutDil": 15375000, "link": "", "finalLink": "", "calculatedOtherExpenses": 0, "calculatedOperatingExpenses": 0, "calculatedNetInterest": 0, "calculatedOtherIncome": -117400000, "calculatedIncomeNonControlling": 0, "calculatedEbitda": 117400000}, {"date": "1985-12-31", "symbol": "NWE", "reportedCurrency": "USD", "cik": "0000073088", "fillingDate": "1985-12-31", "acceptedDate": "1985-12-30 19:00:00", "calendarYear": "1985", "period": "FY", "revenue": 126000000, "costOfRevenue": 0, "grossProfit": 126000000, "grossProfitRatio": 1, "researchAndDevelopmentExpenses": 0, "generalAndAdministrativeExpenses": 0, "sellingAndMarketingExpenses": 0, "sellingGeneralAndAdministrativeExpenses": 0, "otherExpenses": 0, "operatingExpenses": 0, "costAndExpenses": 0, "interestIncome": 0, "interestExpense": 0, "depreciationAndAmortization": 0, "ebitda": 126000000, "ebitdaratio": 1, "operatingIncome": 126000000, "operatingIncomeRatio": 1, "totalOtherIncomeExpensesNet": 0, "incomeBeforeTax": 0, "incomeBeforeTaxRatio": 0, "incomeTaxExpense": -13300000, "netIncome": 13300000, "netIncomeRatio": 0.1055555556, "eps": 0.77, "epsdiluted": 0.77, "weightedAverageShsOut": 15064935, "weightedAverageShsOutDil": 15064935, "link": "", "finalLink": "", "calculatedOtherExpenses": 0, "calculatedOperatingExpenses": 0, "calculatedNetInterest": 0, "calculatedOtherIncome": -126000000, "calculatedIncomeNonControlling": 0, "calculatedEbitda": 126000000}]}