{"originalCurrency": "USD", "convertedCurrency": "USD", "report": [{"date": "2023-12-31", "symbol": "NWL", "reportedCurrency": "USD", "cik": "0000814453", "fillingDate": "2024-02-21", "acceptedDate": "2024-02-20 18:02:20", "calendarYear": "2023", "period": "FY", "revenue": 8133000000, "costOfRevenue": 5674000000, "grossProfit": 2459000000, "grossProfitRatio": 0.3023484569, "researchAndDevelopmentExpenses": 117000000, "generalAndAdministrativeExpenses": 1518000000, "sellingAndMarketingExpenses": 371000000, "sellingGeneralAndAdministrativeExpenses": 1889000000, "otherExpenses": -28000000, "operatingExpenses": 1889000000, "costAndExpenses": 7563000000, "interestIncome": 0, "interestExpense": 283000000, "depreciationAndAmortization": 334000000, "ebitda": 904000000, "ebitdaratio": 0.1111520964, "operatingIncome": 570000000, "operatingIncomeRatio": 0.0700848395, "totalOtherIncomeExpensesNet": -1113000000, "incomeBeforeTax": -543000000, "incomeBeforeTaxRatio": -0.0667650314, "incomeTaxExpense": -155000000, "netIncome": -388000000, "netIncomeRatio": -0.0477068732, "eps": -0.94, "epsdiluted": -0.94, "weightedAverageShsOut": 414100000, "weightedAverageShsOutDil": 414100000, "link": "https://www.sec.gov/Archives/edgar/data/814453/000081445324000017/0000814453-24-000017-index.htm", "finalLink": "https://www.sec.gov/Archives/edgar/data/814453/000081445324000017/nwl-20231231.htm", "calculatedOtherExpenses": -117000000, "calculatedOperatingExpenses": 1889000000, "calculatedNetInterest": -283000000, "calculatedOtherIncome": -830000000, "calculatedIncomeNonControlling": 0, "calculatedEbitda": 904000000}, {"date": "2022-12-31", "symbol": "NWL", "reportedCurrency": "USD", "cik": "0000814453", "fillingDate": "2023-02-15", "acceptedDate": "2023-02-15 16:01:30", "calendarYear": "2022", "period": "FY", "revenue": 9459000000, "costOfRevenue": 6625000000, "grossProfit": 2834000000, "grossProfitRatio": 0.2996088381, "researchAndDevelopmentExpenses": 140000000, "generalAndAdministrativeExpenses": 1646000000, "sellingAndMarketingExpenses": 387000000, "sellingGeneralAndAdministrativeExpenses": 2033000000, "otherExpenses": 81000000, "operatingExpenses": 2033000000, "costAndExpenses": 8658000000, "interestIncome": 235000000, "interestExpense": 235000000, "depreciationAndAmortization": 296000000, "ebitda": 1178000000, "ebitdaratio": 0.1245374775, "operatingIncome": 882000000, "operatingIncomeRatio": 0.093244529, "totalOtherIncomeExpensesNet": -725000000, "incomeBeforeTax": 157000000, "incomeBeforeTaxRatio": 0.016597949, "incomeTaxExpense": -40000000, "netIncome": 197000000, "netIncomeRatio": 0.0208267259, "eps": 0.47, "epsdiluted": 0.47, "weightedAverageShsOut": 415700000, "weightedAverageShsOutDil": 417400000, "link": "https://www.sec.gov/Archives/edgar/data/814453/000081445323000026/0000814453-23-000026-index.htm", "finalLink": "https://www.sec.gov/Archives/edgar/data/814453/000081445323000026/nwl-20221231.htm", "calculatedOtherExpenses": -221000000, "calculatedOperatingExpenses": 1952000000, "calculatedNetInterest": 0, "calculatedOtherIncome": -725000000, "calculatedIncomeNonControlling": 0, "calculatedEbitda": 1178000000}, {"date": "2021-12-31", "symbol": "NWL", "reportedCurrency": "USD", "cik": "0000814453", "fillingDate": "2022-02-14", "acceptedDate": "2022-02-14 16:03:03", "calendarYear": "2021", "period": "FY", "revenue": 10589000000, "costOfRevenue": 7293000000, "grossProfit": 3296000000, "grossProfitRatio": 0.3112664085, "researchAndDevelopmentExpenses": 153000000, "generalAndAdministrativeExpenses": 1867000000, "sellingAndMarketingExpenses": 407000000, "sellingGeneralAndAdministrativeExpenses": 2274000000, "otherExpenses": 8000000, "operatingExpenses": 2274000000, "costAndExpenses": 9567000000, "interestIncome": 256000000, "interestExpense": 256000000, "depreciationAndAmortization": 409000000, "ebitda": 1355000000, "ebitdaratio": 0.1279629805, "operatingIncome": 946000000, "operatingIncomeRatio": 0.0893379923, "totalOtherIncomeExpensesNet": -253000000, "incomeBeforeTax": 693000000, "incomeBeforeTaxRatio": 0.0654452734, "incomeTaxExpense": 121000000, "netIncome": 622000000, "netIncomeRatio": 0.0587402021, "eps": 1.46, "epsdiluted": 1.45, "weightedAverageShsOut": 425300000, "weightedAverageShsOutDil": 428000000, "link": "https://www.sec.gov/Archives/edgar/data/814453/000081445322000017/0000814453-22-000017-index.htm", "finalLink": "https://www.sec.gov/Archives/edgar/data/814453/000081445322000017/nwl-20211231.htm", "calculatedOtherExpenses": -77000000, "calculatedOperatingExpenses": 2350000000, "calculatedNetInterest": 0, "calculatedOtherIncome": -253000000, "calculatedIncomeNonControlling": -50000000, "calculatedEbitda": 1355000000}, {"date": "2020-12-31", "symbol": "NWL", "reportedCurrency": "USD", "cik": "0000814453", "fillingDate": "2021-02-19", "acceptedDate": "2021-02-18 19:24:25", "calendarYear": "2020", "period": "FY", "revenue": 9385000000, "costOfRevenue": 6306000000, "grossProfit": 3079000000, "grossProfitRatio": 0.3280767182, "researchAndDevelopmentExpenses": 144000000, "generalAndAdministrativeExpenses": 1827000000, "sellingAndMarketingExpenses": 362000000, "sellingGeneralAndAdministrativeExpenses": 2189000000, "otherExpenses": -78000000, "operatingExpenses": 2189000000, "costAndExpenses": 8495000000, "interestIncome": 274000000, "interestExpense": 274000000, "depreciationAndAmortization": 357000000, "ebitda": 1169000000, "ebitdaratio": 0.1245604688, "operatingIncome": 812000000, "operatingIncomeRatio": 0.0865210442, "totalOtherIncomeExpensesNet": -1818000000, "incomeBeforeTax": -1006000000, "incomeBeforeTaxRatio": -0.1071923282, "incomeTaxExpense": -236000000, "netIncome": -770000000, "netIncomeRatio": -0.0820458178, "eps": -1.82, "epsdiluted": -1.82, "weightedAverageShsOut": 424100000, "weightedAverageShsOutDil": 424100000, "link": "https://www.sec.gov/Archives/edgar/data/814453/000081445321000050/0000814453-21-000050-index.htm", "finalLink": "https://www.sec.gov/Archives/edgar/data/814453/000081445321000050/nwl-20201231.htm", "calculatedOtherExpenses": -66000000, "calculatedOperatingExpenses": 2267000000, "calculatedNetInterest": 0, "calculatedOtherIncome": -1818000000, "calculatedIncomeNonControlling": 0, "calculatedEbitda": 1169000000}, {"date": "2019-12-31", "symbol": "NWL", "reportedCurrency": "USD", "cik": "0000814453", "fillingDate": "2020-03-02", "acceptedDate": "2020-03-02 16:30:25", "calendarYear": "2019", "period": "FY", "revenue": 9714900000, "costOfRevenue": 6495500000, "grossProfit": 3219400000, "grossProfitRatio": 0.3313878681, "researchAndDevelopmentExpenses": 149000000, "generalAndAdministrativeExpenses": 2062000000, "sellingAndMarketingExpenses": 389000000, "sellingGeneralAndAdministrativeExpenses": 2451000000, "otherExpenses": -38300000, "operatingExpenses": 2451000000, "costAndExpenses": 8946500000, "interestIncome": 303000000, "interestExpense": 295300000, "depreciationAndAmortization": 446000000, "ebitda": 2492800000, "ebitdaratio": 0.2565955388, "operatingIncome": 2046800000, "operatingIncomeRatio": 0.2106866772, "totalOtherIncomeExpensesNet": -2898400000, "incomeBeforeTax": -851600000, "incomeBeforeTaxRatio": -0.0876591627, "incomeTaxExpense": -1037700000, "netIncome": 186100000, "netIncomeRatio": 0.0191561416, "eps": 0.44, "epsdiluted": 0.44, "weightedAverageShsOut": 423300000, "weightedAverageShsOutDil": 423900000, "link": "https://www.sec.gov/Archives/edgar/data/814453/000081445320000078/0000814453-20-000078-index.htm", "finalLink": "https://www.sec.gov/Archives/edgar/data/814453/000081445320000078/nwl-20191231x10k.htm", "calculatedOtherExpenses": -1427400000, "calculatedOperatingExpenses": 1172600000, "calculatedNetInterest": 7700000, "calculatedOtherIncome": -2906100000, "calculatedIncomeNonControlling": 0, "calculatedEbitda": 2492800000}, {"date": "2018-12-31", "symbol": "NWL", "reportedCurrency": "USD", "cik": "0000814453", "fillingDate": "2019-03-04", "acceptedDate": "2019-03-04 08:13:08", "calendarYear": "2018", "period": "FY", "revenue": 8630900000, "costOfRevenue": 5622100000, "grossProfit": 3008800000, "grossProfitRatio": 0.3486079088, "researchAndDevelopmentExpenses": 151000000, "generalAndAdministrativeExpenses": 2434800000, "sellingAndMarketingExpenses": 397000000, "sellingGeneralAndAdministrativeExpenses": 2434800000, "otherExpenses": 11200000, "operatingExpenses": 2434800000, "costAndExpenses": 8056900000, "interestIncome": 0, "interestExpense": 0, "depreciationAndAmortization": 433900000, "ebitda": 8980600000, "ebitdaratio": 1.0405172114, "operatingIncome": -7828500000, "operatingIncomeRatio": -0.9070317116, "totalOtherIncomeExpensesNet": -8395400000, "incomeBeforeTax": -8267700000, "incomeBeforeTaxRatio": -0.9579186412, "incomeTaxExpense": -1478100000, "netIncome": -6917900000, "netIncomeRatio": -0.8015270713, "eps": -14.6, "epsdiluted": -14.6, "weightedAverageShsOut": 473700000, "weightedAverageShsOutDil": 473700000, "link": "https://www.sec.gov/Archives/edgar/data/814453/000119312519061714/0001193125-19-061714-index.htm", "finalLink": "https://www.sec.gov/Archives/edgar/data/814453/000119312519061714/d660135d10k.htm", "calculatedOtherExpenses": 8251500000, "calculatedOperatingExpenses": 10837300000, "calculatedNetInterest": 0, "calculatedOtherIncome": -439200000, "calculatedIncomeNonControlling": 128300000, "calculatedEbitda": -7394600000}, {"date": "2017-12-31", "symbol": "NWL", "reportedCurrency": "USD", "cik": "0000814453", "fillingDate": "2018-03-01", "acceptedDate": "2018-03-01 17:21:34", "calendarYear": "2017", "period": "FY", "revenue": 14742200000, "costOfRevenue": 9652900000, "grossProfit": 5089300000, "grossProfitRatio": 0.3452198451, "researchAndDevelopmentExpenses": 158000000, "generalAndAdministrativeExpenses": 3669100000, "sellingAndMarketingExpenses": -2400000, "sellingGeneralAndAdministrativeExpenses": 3666700000, "otherExpenses": 704500000, "operatingExpenses": 3666700000, "costAndExpenses": 13319600000, "interestIncome": 0, "interestExpense": 79900000, "depreciationAndAmortization": 635600000, "ebitda": 2287400000, "ebitdaratio": 0.1551600168, "operatingIncome": 1225700000, "operatingIncomeRatio": 0.0831422718, "totalOtherIncomeExpensesNet": 475300000, "incomeBeforeTax": 1429000000, "incomeBeforeTaxRatio": 0.0969326152, "incomeTaxExpense": -1319800000, "netIncome": 2748800000, "netIncomeRatio": 0.1864579235, "eps": 5.65, "epsdiluted": 5.63, "weightedAverageShsOut": 486700000, "weightedAverageShsOutDil": 488000000, "link": "https://www.sec.gov/Archives/edgar/data/814453/000119312518067603/0001193125-18-067603-index.htm", "finalLink": "https://www.sec.gov/Archives/edgar/data/814453/000119312518067603/d494599d10k.htm", "calculatedOtherExpenses": 38900000, "calculatedOperatingExpenses": 3863600000, "calculatedNetInterest": -79900000, "calculatedOtherIncome": 283200000, "calculatedIncomeNonControlling": 0, "calculatedEbitda": 1861300000}, {"date": "2016-12-31", "symbol": "NWL", "reportedCurrency": "USD", "cik": "0000814453", "fillingDate": "2017-03-01", "acceptedDate": "2017-03-01 16:42:10", "calendarYear": "2016", "period": "FY", "revenue": 13264000000, "costOfRevenue": 8865200000, "grossProfit": 4398800000, "grossProfitRatio": 0.3316344994, "researchAndDevelopmentExpenses": 188000000, "generalAndAdministrativeExpenses": 3221100000, "sellingAndMarketingExpenses": 2700000, "sellingGeneralAndAdministrativeExpenses": 3223800000, "otherExpenses": 166500000, "operatingExpenses": 3223800000, "costAndExpenses": 12089000000, "interestIncome": 0, "interestExpense": 0, "depreciationAndAmortization": 437200000, "ebitda": 1734700000, "ebitdaratio": 0.1307825694, "operatingIncome": 1100100000, "operatingIncomeRatio": 0.0829387817, "totalOtherIncomeExpensesNet": 44000000, "incomeBeforeTax": 814500000, "incomeBeforeTaxRatio": 0.0614068154, "incomeTaxExpense": 286000000, "netIncome": 527800000, "netIncomeRatio": 0.039791918, "eps": 1.25, "epsdiluted": 1.25, "weightedAverageShsOut": 421300000, "weightedAverageShsOutDil": 421300000, "link": "https://www.sec.gov/Archives/edgar/data/814453/000081445317000027/0000814453-17-000027-index.htm", "finalLink": "https://www.sec.gov/Archives/edgar/data/814453/000081445317000027/nwl-12312016x10k.htm", "calculatedOtherExpenses": -113100000, "calculatedOperatingExpenses": 3298700000, "calculatedNetInterest": 0, "calculatedOtherIncome": -285600000, "calculatedIncomeNonControlling": 700000, "calculatedEbitda": 1537300000}, {"date": "2015-12-31", "symbol": "NWL", "reportedCurrency": "USD", "cik": "0000814453", "fillingDate": "2016-02-29", "acceptedDate": "2016-02-29 16:19:42", "calendarYear": "2015", "period": "FY", "revenue": 5915700000, "costOfRevenue": 3611100000, "grossProfit": 2304600000, "grossProfitRatio": 0.3895735078, "researchAndDevelopmentExpenses": 112600000, "generalAndAdministrativeExpenses": 1573900000, "sellingAndMarketingExpenses": 214000000, "sellingGeneralAndAdministrativeExpenses": 1573900000, "otherExpenses": -63400000, "operatingExpenses": 1573900000, "costAndExpenses": 5185000000, "interestIncome": 8200000, "interestExpense": 88100000, "depreciationAndAmortization": 171600000, "ebitda": 1152200000, "ebitdaratio": 0.1947698497, "operatingIncome": 601400000, "operatingIncomeRatio": 0.1016616799, "totalOtherIncomeExpensesNet": -313300000, "incomeBeforeTax": 337500000, "incomeBeforeTaxRatio": 0.0570515746, "incomeTaxExpense": 78200000, "netIncome": 350000000, "netIncomeRatio": 0.0591645959, "eps": 1.3, "epsdiluted": 1.29, "weightedAverageShsOut": 269300000, "weightedAverageShsOutDil": 271500000, "link": "https://www.sec.gov/Archives/edgar/data/814453/000081445316000176/0000814453-16-000176-index.htm", "finalLink": "https://www.sec.gov/Archives/edgar/data/814453/000081445316000176/nwl-12312015x10k.htm", "calculatedOtherExpenses": 16700000, "calculatedOperatingExpenses": 1703200000, "calculatedNetInterest": -79900000, "calculatedOtherIncome": -184000000, "calculatedIncomeNonControlling": -90700000, "calculatedEbitda": 773000000}, {"date": "2014-12-31", "symbol": "NWL", "reportedCurrency": "USD", "cik": "0000814453", "fillingDate": "2015-03-02", "acceptedDate": "2015-03-02 16:09:32", "calendarYear": "2014", "period": "FY", "revenue": 5727000000, "costOfRevenue": 3523600000, "grossProfit": 2203400000, "grossProfitRatio": 0.3847389558, "researchAndDevelopmentExpenses": 107500000, "generalAndAdministrativeExpenses": 1480500000, "sellingAndMarketingExpenses": 188500000, "sellingGeneralAndAdministrativeExpenses": 1480500000, "otherExpenses": -114400000, "operatingExpenses": 1480500000, "costAndExpenses": 5004100000, "interestIncome": 3900000, "interestExpense": 64300000, "depreciationAndAmortization": 156100000, "ebitda": 965000000, "ebitdaratio": 0.1685000873, "operatingIncome": 604700000, "operatingIncomeRatio": 0.1055875677, "totalOtherIncomeExpensesNet": -200400000, "incomeBeforeTax": 462100000, "incomeBeforeTaxRatio": 0.0806879693, "incomeTaxExpense": 89100000, "netIncome": 377800000, "netIncomeRatio": 0.0659682207, "eps": 1.37, "epsdiluted": 1.35, "weightedAverageShsOut": 276100000, "weightedAverageShsOutDil": 278900000, "link": "https://www.sec.gov/Archives/edgar/data/814453/000081445315000041/0000814453-15-000041-index.htm", "finalLink": "https://www.sec.gov/Archives/edgar/data/814453/000081445315000041/nwl-12312014x10k.htm", "calculatedOtherExpenses": 10700000, "calculatedOperatingExpenses": 1598700000, "calculatedNetInterest": -60400000, "calculatedOtherIncome": -82200000, "calculatedIncomeNonControlling": -4800000, "calculatedEbitda": 760800000}, {"date": "2013-12-31", "symbol": "NWL", "reportedCurrency": "USD", "cik": "0000814453", "fillingDate": "2014-03-03", "acceptedDate": "2014-03-03 16:11:13", "calendarYear": "2013", "period": "FY", "revenue": 5692500000, "costOfRevenue": 3514300000, "grossProfit": 2178200000, "grossProfitRatio": 0.3826438296, "researchAndDevelopmentExpenses": 102900000, "generalAndAdministrativeExpenses": 1446100000, "sellingAndMarketingExpenses": 149300000, "sellingGeneralAndAdministrativeExpenses": 1446100000, "otherExpenses": -18500000, "operatingExpenses": 1446100000, "costAndExpenses": 4960400000, "interestIncome": 2000000, "interestExpense": 62300000, "depreciationAndAmortization": 158900000, "ebitda": 1002100000, "ebitdaratio": 0.1760386473, "operatingIncome": 621000000, "operatingIncomeRatio": 0.1090909091, "totalOtherIncomeExpensesNet": -129600000, "incomeBeforeTax": 542200000, "incomeBeforeTaxRatio": 0.0952481335, "incomeTaxExpense": 122100000, "netIncome": 474600000, "netIncomeRatio": 0.083372859, "eps": 1.64, "epsdiluted": 1.63, "weightedAverageShsOut": 288600000, "weightedAverageShsOutDil": 291800000, "link": "https://www.sec.gov/Archives/edgar/data/814453/000081445314000038/0000814453-14-000038-index.htm", "finalLink": "https://www.sec.gov/Archives/edgar/data/814453/000081445314000038/nwl-12312013x10k.htm", "calculatedOtherExpenses": 8200000, "calculatedOperatingExpenses": 1557200000, "calculatedNetInterest": -60300000, "calculatedOtherIncome": -18500000, "calculatedIncomeNonControlling": -54500000, "calculatedEbitda": 779900000}, {"date": "2012-12-31", "symbol": "NWL", "reportedCurrency": "USD", "cik": "0000814453", "fillingDate": "2013-03-01", "acceptedDate": "2013-03-01 14:31:41", "calendarYear": "2012", "period": "FY", "revenue": 5902700000, "costOfRevenue": 3673600000, "grossProfit": 2229100000, "grossProfitRatio": 0.3776407407, "researchAndDevelopmentExpenses": 109600000, "generalAndAdministrativeExpenses": 1521100000, "sellingAndMarketingExpenses": 140000000, "sellingGeneralAndAdministrativeExpenses": 1521100000, "otherExpenses": 1000000, "operatingExpenses": 1521100000, "costAndExpenses": 5194700000, "interestIncome": 4300000, "interestExpense": 80400000, "depreciationAndAmortization": 163700000, "ebitda": 938700000, "ebitdaratio": 0.159028919, "operatingIncome": 651900000, "operatingIncomeRatio": 0.1104409846, "totalOtherIncomeExpensesNet": -66000000, "incomeBeforeTax": 565900000, "incomeBeforeTaxRatio": 0.0958713809, "incomeTaxExpense": 166300000, "netIncome": 401300000, "netIncomeRatio": 0.067985837, "eps": 1.38, "epsdiluted": 1.37, "weightedAverageShsOut": 291200000, "weightedAverageShsOutDil": 293600000, "link": "https://www.sec.gov/Archives/edgar/data/814453/000081445313000036/0000814453-13-000036-index.htm", "finalLink": "https://www.sec.gov/Archives/edgar/data/814453/000081445313000036/nwl-12312012x10k.htm", "calculatedOtherExpenses": -53500000, "calculatedOperatingExpenses": 1577200000, "calculatedNetInterest": -76100000, "calculatedOtherIncome": -9900000, "calculatedIncomeNonControlling": -1700000, "calculatedEbitda": 815600000}, {"date": "2011-12-31", "symbol": "NWL", "reportedCurrency": "USD", "cik": "0000814453", "fillingDate": "2012-02-29", "acceptedDate": "2012-02-29 15:03:12", "calendarYear": "2011", "period": "FY", "revenue": 5864600000, "costOfRevenue": 3659400000, "grossProfit": 2205200000, "grossProfitRatio": 0.3760188248, "researchAndDevelopmentExpenses": 0, "generalAndAdministrativeExpenses": 1515300000, "sellingAndMarketingExpenses": 0, "sellingGeneralAndAdministrativeExpenses": 1515300000, "otherExpenses": 0, "operatingExpenses": 1515300000, "costAndExpenses": 5174700000, "interestIncome": 2200000, "interestExpense": 86200000, "depreciationAndAmortization": 161600000, "ebitda": 851500000, "ebitdaratio": 0.1451931931, "operatingIncome": 257200000, "operatingIncomeRatio": 0.0438563585, "totalOtherIncomeExpensesNet": -451200000, "incomeBeforeTax": 152500000, "incomeBeforeTaxRatio": 0.0260034785, "incomeTaxExpense": 17900000, "netIncome": 125200000, "netIncomeRatio": 0.0213484296, "eps": 0.43, "epsdiluted": 0.42, "weightedAverageShsOut": 293600000, "weightedAverageShsOutDil": 296200000, "link": "https://www.sec.gov/Archives/edgar/data/814453/000081445312000054/0000814453-12-000054-index.htm", "finalLink": "https://www.sec.gov/Archives/edgar/data/814453/000081445312000054/nwl-12312011.htm", "calculatedOtherExpenses": 432700000, "calculatedOperatingExpenses": 1948000000, "calculatedNetInterest": -84000000, "calculatedOtherIncome": -20700000, "calculatedIncomeNonControlling": 9400000, "calculatedEbitda": 418800000}, {"date": "2010-12-31", "symbol": "NWL", "reportedCurrency": "USD", "cik": "0000814453", "fillingDate": "2011-03-01", "acceptedDate": "2011-03-01 17:21:03", "calendarYear": "2010", "period": "FY", "revenue": 5759200000, "costOfRevenue": 3588400000, "grossProfit": 2170800000, "grossProfitRatio": 0.376927351, "researchAndDevelopmentExpenses": 0, "generalAndAdministrativeExpenses": 1463400000, "sellingAndMarketingExpenses": 0, "sellingGeneralAndAdministrativeExpenses": 1463400000, "otherExpenses": 0, "operatingExpenses": 1463400000, "costAndExpenses": 5051800000, "interestIncome": 3500000, "interestExpense": 118400000, "depreciationAndAmortization": 172300000, "ebitda": 879700000, "ebitdaratio": 0.1527469093, "operatingIncome": 629900000, "operatingIncomeRatio": 0.1093728296, "totalOtherIncomeExpensesNet": -288700000, "incomeBeforeTax": 300300000, "incomeBeforeTaxRatio": 0.0521426587, "incomeTaxExpense": 7500000, "netIncome": 292800000, "netIncomeRatio": 0.0508403945, "eps": 1.04, "epsdiluted": 0.96, "weightedAverageShsOut": 282400000, "weightedAverageShsOutDil": 305400000, "link": "https://www.sec.gov/Archives/edgar/data/814453/000119312511052372/0001193125-11-052372-index.htm", "finalLink": "https://www.sec.gov/Archives/edgar/data/814453/000119312511052372/d10k.htm", "calculatedOtherExpenses": 77500000, "calculatedOperatingExpenses": 1540900000, "calculatedNetInterest": -114900000, "calculatedOtherIncome": -214700000, "calculatedIncomeNonControlling": 0, "calculatedEbitda": 802200000}, {"date": "2009-12-31", "symbol": "NWL", "reportedCurrency": "USD", "cik": "0000814453", "fillingDate": "2010-03-01", "acceptedDate": "2010-03-01 17:22:12", "calendarYear": "2009", "period": "FY", "revenue": 5577600000, "costOfRevenue": 3528100000, "grossProfit": 2049500000, "grossProfitRatio": 0.3674519507, "researchAndDevelopmentExpenses": 0, "generalAndAdministrativeExpenses": 1374600000, "sellingAndMarketingExpenses": 0, "sellingGeneralAndAdministrativeExpenses": 1374600000, "otherExpenses": 0, "operatingExpenses": 1374600000, "costAndExpenses": 4902700000, "interestIncome": 6300000, "interestExpense": 140000000, "depreciationAndAmortization": 175100000, "ebitda": 850000000, "ebitdaratio": 0.1523952955, "operatingIncome": 674900000, "operatingIncomeRatio": 0.1210018646, "totalOtherIncomeExpensesNet": 300000, "incomeBeforeTax": 535200000, "incomeBeforeTaxRatio": 0.0959552496, "incomeTaxExpense": 165900000, "netIncome": 369300000, "netIncomeRatio": 0.0662112737, "eps": 1.02, "epsdiluted": 0.97, "weightedAverageShsOut": 280800000, "weightedAverageShsOutDil": 294400000, "link": "https://www.sec.gov/Archives/edgar/data/814453/000119312510044915/0001193125-10-044915-index.htm", "finalLink": "https://www.sec.gov/Archives/edgar/data/814453/000119312510044915/d10k.htm", "calculatedOtherExpenses": 0, "calculatedOperatingExpenses": 1374600000, "calculatedNetInterest": -133700000, "calculatedOtherIncome": -6000000, "calculatedIncomeNonControlling": 0, "calculatedEbitda": 850000000}, {"date": "2008-12-31", "symbol": "NWL", "reportedCurrency": "USD", "cik": "0000814453", "fillingDate": "2009-03-02", "acceptedDate": "2009-03-02 17:12:28", "calendarYear": "2008", "period": "FY", "revenue": 6470600000, "costOfRevenue": 4347400000, "grossProfit": 2123200000, "grossProfitRatio": 0.3281303125, "researchAndDevelopmentExpenses": 0, "generalAndAdministrativeExpenses": 1502700000, "sellingAndMarketingExpenses": 0, "sellingGeneralAndAdministrativeExpenses": 1502700000, "otherExpenses": 299400000, "operatingExpenses": 1802100000, "costAndExpenses": 6149500000, "interestIncome": 0, "interestExpense": 0, "depreciationAndAmortization": 183300000, "ebitda": 984500000, "ebitdaratio": 0.1521497234, "operatingIncome": 200800000, "operatingIncomeRatio": 0.0310326708, "totalOtherIncomeExpensesNet": -478800000, "incomeBeforeTax": 1800000, "incomeBeforeTaxRatio": 0.0002781813, "incomeTaxExpense": 53600000, "netIncome": -52300000, "netIncomeRatio": -0.0080827126, "eps": -0.19, "epsdiluted": -0.19, "weightedAverageShsOut": 279900000, "weightedAverageShsOutDil": 279900000, "link": "https://www.sec.gov/Archives/edgar/data/814453/000119312509042727/0001193125-09-042727-index.htm", "finalLink": "https://www.sec.gov/Archives/edgar/data/814453/000119312509042727/d10k.htm", "calculatedOtherExpenses": 419700000, "calculatedOperatingExpenses": 1922400000, "calculatedNetInterest": 0, "calculatedOtherIncome": -199000000, "calculatedIncomeNonControlling": 500000, "calculatedEbitda": 384100000}, {"date": "2007-12-31", "symbol": "NWL", "reportedCurrency": "USD", "cik": "0000814453", "fillingDate": "2008-02-29", "acceptedDate": "2008-02-29 15:58:00", "calendarYear": "2007", "period": "FY", "revenue": 6407300000, "costOfRevenue": 4150100000, "grossProfit": 2257200000, "grossProfitRatio": 0.3522856742, "researchAndDevelopmentExpenses": 0, "generalAndAdministrativeExpenses": 1430900000, "sellingAndMarketingExpenses": 0, "sellingGeneralAndAdministrativeExpenses": 1430900000, "otherExpenses": 0, "operatingExpenses": 1430900000, "costAndExpenses": 5581000000, "interestIncome": 0, "interestExpense": 0, "depreciationAndAmortization": 177000000, "ebitda": 1093600000, "ebitdaratio": 0.1706803178, "operatingIncome": 740300000, "operatingIncomeRatio": 0.1155400871, "totalOtherIncomeExpensesNet": -90200000, "incomeBeforeTax": 628900000, "incomeBeforeTaxRatio": 0.0981536685, "incomeTaxExpense": 149700000, "netIncome": 467100000, "netIncomeRatio": 0.072901222, "eps": 1.69, "epsdiluted": 1.68, "weightedAverageShsOut": 276000000, "weightedAverageShsOutDil": 286100000, "link": "https://www.sec.gov/Archives/edgar/data/814453/000095013708003094/0000950137-08-003094-index.htm", "finalLink": "https://www.sec.gov/Archives/edgar/data/814453/000095013708003094/c24008e10vk.htm", "calculatedOtherExpenses": 86000000, "calculatedOperatingExpenses": 1516900000, "calculatedNetInterest": 0, "calculatedOtherIncome": -111400000, "calculatedIncomeNonControlling": 12100000, "calculatedEbitda": 917300000}, {"date": "2006-12-31", "symbol": "NWL", "reportedCurrency": "USD", "cik": "0000814453", "fillingDate": "2007-03-01", "acceptedDate": "2007-03-01 15:31:39", "calendarYear": "2006", "period": "FY", "revenue": 6201000000, "costOfRevenue": 4131000000, "grossProfit": 2070000000, "grossProfitRatio": 0.3338171263, "researchAndDevelopmentExpenses": 0, "generalAndAdministrativeExpenses": 1347000000, "sellingAndMarketingExpenses": 0, "sellingGeneralAndAdministrativeExpenses": 1347000000, "otherExpenses": 0, "operatingExpenses": 1347000000, "costAndExpenses": 5478000000, "interestIncome": 0, "interestExpense": 0, "depreciationAndAmortization": 193300000, "ebitda": 989700000, "ebitdaratio": 0.1596032898, "operatingIncome": 656600000, "operatingIncomeRatio": 0.1058861474, "totalOtherIncomeExpensesNet": -72500000, "incomeBeforeTax": 514900000, "incomeBeforeTaxRatio": 0.0830349944, "incomeTaxExpense": 44200000, "netIncome": 385000000, "netIncomeRatio": 0.0620867602, "eps": 1.4, "epsdiluted": 1.4, "weightedAverageShsOut": 274600000, "weightedAverageShsOutDil": 275500000, "link": "https://www.sec.gov/Archives/edgar/data/814453/000095013707003109/0000950137-07-003109-index.htm", "finalLink": "https://www.sec.gov/Archives/edgar/data/814453/000095013707003109/c12738e10vk.htm", "calculatedOtherExpenses": 66400000, "calculatedOperatingExpenses": 1413400000, "calculatedNetInterest": 0, "calculatedOtherIncome": -141700000, "calculatedIncomeNonControlling": 85700000, "calculatedEbitda": 849900000}, {"date": "2005-12-31", "symbol": "NWL", "reportedCurrency": "USD", "cik": "0000814453", "fillingDate": "2006-02-16", "acceptedDate": "2006-02-16 16:44:28", "calendarYear": "2005", "period": "FY", "revenue": 6342500000, "costOfRevenue": 4448100000, "grossProfit": 1894400000, "grossProfitRatio": 0.2986834844, "researchAndDevelopmentExpenses": 0, "generalAndAdministrativeExpenses": 1265600000, "sellingAndMarketingExpenses": 0, "sellingGeneralAndAdministrativeExpenses": 1265600000, "otherExpenses": 34400000, "operatingExpenses": 1300000000, "costAndExpenses": 5748100000, "interestIncome": 0, "interestExpense": 0, "depreciationAndAmortization": 213800000, "ebitda": 891800000, "ebitdaratio": 0.1406070162, "operatingIncome": 522200000, "operatingIncomeRatio": 0.0823334647, "totalOtherIncomeExpensesNet": -83600000, "incomeBeforeTax": 418100000, "incomeBeforeTaxRatio": 0.0659203784, "incomeTaxExpense": 61700000, "netIncome": 251300000, "netIncomeRatio": 0.0396216003, "eps": 0.92, "epsdiluted": 0.91, "weightedAverageShsOut": 274400000, "weightedAverageShsOutDil": 274900000, "link": "https://www.sec.gov/Archives/edgar/data/814453/000095013706001966/0000950137-06-001966-index.htm", "finalLink": "https://www.sec.gov/Archives/edgar/data/814453/000095013706001966/c01752e10vk.htm", "calculatedOtherExpenses": 106600000, "calculatedOperatingExpenses": 1372200000, "calculatedNetInterest": 0, "calculatedOtherIncome": -104100000, "calculatedIncomeNonControlling": 105100000, "calculatedEbitda": 736000000}, {"date": "2004-12-31", "symbol": "NWL", "reportedCurrency": "USD", "cik": "0000814453", "fillingDate": "2005-03-03", "acceptedDate": "2005-03-03 17:14:21", "calendarYear": "2004", "period": "FY", "revenue": 6748400000, "costOfRevenue": 4857900000, "grossProfit": 1890500000, "grossProfitRatio": 0.2801404777, "researchAndDevelopmentExpenses": 0, "generalAndAdministrativeExpenses": 1269800000, "sellingAndMarketingExpenses": 0, "sellingGeneralAndAdministrativeExpenses": 1269800000, "otherExpenses": 374000000, "operatingExpenses": 1643800000, "costAndExpenses": 6501700000, "interestIncome": 0, "interestExpense": 0, "depreciationAndAmortization": 249100000, "ebitda": 910900000, "ebitdaratio": 0.1349801434, "operatingIncome": 194600000, "operatingIncomeRatio": 0.0288364649, "totalOtherIncomeExpensesNet": -415100000, "incomeBeforeTax": 86300000, "incomeBeforeTaxRatio": 0.0127882165, "incomeTaxExpense": 105400000, "netIncome": -116100000, "netIncomeRatio": -0.017204078, "eps": -0.42, "epsdiluted": -0.42, "weightedAverageShsOut": 274400000, "weightedAverageShsOutDil": 274700000, "link": "https://www.sec.gov/Archives/edgar/data/814453/000095013705002621/0000950137-05-002621-index.htm", "finalLink": "https://www.sec.gov/Archives/edgar/data/814453/000095013705002621/c91569e10vk.htm", "calculatedOtherExpenses": 426100000, "calculatedOperatingExpenses": 1695900000, "calculatedNetInterest": 0, "calculatedOtherIncome": -108300000, "calculatedIncomeNonControlling": 97000000, "calculatedEbitda": 443700000}, {"date": "2003-12-31", "symbol": "NWL", "reportedCurrency": "USD", "cik": "0000814453", "fillingDate": "2004-03-15", "acceptedDate": "2004-03-15 15:54:53", "calendarYear": "2003", "period": "FY", "revenue": 7750000000, "costOfRevenue": 5682800000, "grossProfit": 2067200000, "grossProfitRatio": 0.2667354839, "researchAndDevelopmentExpenses": 0, "generalAndAdministrativeExpenses": 1352900000, "sellingAndMarketingExpenses": 0, "sellingGeneralAndAdministrativeExpenses": 1352900000, "otherExpenses": 289400000, "operatingExpenses": 1642300000, "costAndExpenses": 7325100000, "interestIncome": 0, "interestExpense": 0, "depreciationAndAmortization": 278200000, "ebitda": 1263000000, "ebitdaratio": 0.1629677419, "operatingIncome": 179900000, "operatingIncomeRatio": 0.0232129032, "totalOtherIncomeExpensesNet": -559900000, "incomeBeforeTax": 20100000, "incomeBeforeTaxRatio": 0.0025935484, "incomeTaxExpense": 66700000, "netIncome": -46600000, "netIncomeRatio": -0.0060129032, "eps": -0.17, "epsdiluted": -0.17, "weightedAverageShsOut": 274100000, "weightedAverageShsOutDil": 274300000, "link": "https://www.sec.gov/Archives/edgar/data/814453/000095013704001865/0000950137-04-001865-index.htm", "finalLink": "https://www.sec.gov/Archives/edgar/data/814453/000095013704001865/c83697e10vk.htm", "calculatedOtherExpenses": 534400000, "calculatedOperatingExpenses": 1887300000, "calculatedNetInterest": 0, "calculatedOtherIncome": -159800000, "calculatedIncomeNonControlling": 0, "calculatedEbitda": 458100000}, {"date": "2002-12-31", "symbol": "NWL", "reportedCurrency": "USD", "cik": "0000814453", "fillingDate": "2003-03-28", "acceptedDate": "2003-03-28 17:09:49", "calendarYear": "2002", "period": "FY", "revenue": 7453900000, "costOfRevenue": 5394200000, "grossProfit": 2059700000, "grossProfitRatio": 0.2763251452, "researchAndDevelopmentExpenses": 0, "generalAndAdministrativeExpenses": 1307300000, "sellingAndMarketingExpenses": 0, "sellingGeneralAndAdministrativeExpenses": 1307300000, "otherExpenses": 0, "operatingExpenses": 1307300000, "costAndExpenses": 6701500000, "interestIncome": 0, "interestExpense": 0, "depreciationAndAmortization": 280700000, "ebitda": 1185200000, "ebitdaratio": 0.1590040113, "operatingIncome": 629700000, "operatingIncomeRatio": 0.0844792659, "totalOtherIncomeExpensesNet": -151300000, "incomeBeforeTax": 468500000, "incomeBeforeTaxRatio": 0.0628530031, "incomeTaxExpense": 157000000, "netIncome": -203400000, "netIncomeRatio": -0.0272877286, "eps": -0.76, "epsdiluted": -0.76, "weightedAverageShsOut": 267100000, "weightedAverageShsOutDil": 268000000, "link": "https://www.sec.gov/Archives/edgar/data/814453/000089581303000076/0000895813-03-000076-index.htm", "finalLink": "https://www.sec.gov/Archives/edgar/data/814453/000089581303000076/x328-10k.txt", "calculatedOtherExpenses": 122700000, "calculatedOperatingExpenses": 1430000000, "calculatedNetInterest": 0, "calculatedOtherIncome": -161200000, "calculatedIncomeNonControlling": 514900000, "calculatedEbitda": 910400000}, {"date": "2001-12-31", "symbol": "NWL", "reportedCurrency": "USD", "cik": "0000814453", "fillingDate": "2002-03-07", "acceptedDate": "2002-03-07 00:00:00", "calendarYear": "2001", "period": "FY", "revenue": 6909319000, "costOfRevenue": 5046587000, "grossProfit": 1862732000, "grossProfitRatio": 0.2695970471, "researchAndDevelopmentExpenses": 0, "generalAndAdministrativeExpenses": 1168240000, "sellingAndMarketingExpenses": 0, "sellingGeneralAndAdministrativeExpenses": 1168240000, "otherExpenses": 56957000, "operatingExpenses": 1225197000, "costAndExpenses": 6271784000, "interestIncome": 0, "interestExpense": 0, "depreciationAndAmortization": 328775000, "ebitda": 1050527000, "ebitdaratio": 0.152044941, "operatingIncome": 570852000, "operatingIncomeRatio": 0.0826205882, "totalOtherIncomeExpensesNet": -84217000, "incomeBeforeTax": 415865000, "incomeBeforeTaxRatio": 0.0601889998, "incomeTaxExpense": 151230000, "netIncome": 264635000, "netIncomeRatio": 0.0383011698, "eps": 0.99, "epsdiluted": 0.99, "weightedAverageShsOut": 266657000, "weightedAverageShsOutDil": 267048000, "link": "https://www.sec.gov/Archives/edgar/data/814453/000089581302000039/0000895813-02-000039-index.htm", "finalLink": "https://www.sec.gov/Archives/edgar/data/814453/000089581302000039/x10-k.txt", "calculatedOtherExpenses": 123640000, "calculatedOperatingExpenses": 1291880000, "calculatedNetInterest": 0, "calculatedOtherIncome": -154987000, "calculatedIncomeNonControlling": 0, "calculatedEbitda": 899627000}, {"date": "2000-12-31", "symbol": "NWL", "reportedCurrency": "USD", "cik": "0000814453", "fillingDate": "2001-03-27", "acceptedDate": "2001-03-27 00:00:00", "calendarYear": "2000", "period": "FY", "revenue": 6934747000, "costOfRevenue": 4862506000, "grossProfit": 2072241000, "grossProfitRatio": 0.2988199858, "researchAndDevelopmentExpenses": 0, "generalAndAdministrativeExpenses": 899424000, "sellingAndMarketingExpenses": 0, "sellingGeneralAndAdministrativeExpenses": 899424000, "otherExpenses": 292576000, "operatingExpenses": 1192000000, "costAndExpenses": 6054506000, "interestIncome": 0, "interestExpense": 0, "depreciationAndAmortization": 292576000, "ebitda": 1237538000, "ebitdaratio": 0.1784546718, "operatingIncome": 880241000, "operatingIncomeRatio": 0.1269319558, "totalOtherIncomeExpensesNet": -64721000, "incomeBeforeTax": 685487000, "incomeBeforeTaxRatio": 0.0988481627, "incomeTaxExpense": 263912000, "netIncome": 421575000, "netIncomeRatio": 0.0607916915, "eps": 1.57, "epsdiluted": 1.57, "weightedAverageShsOut": 268400000, "weightedAverageShsOutDil": 268500000, "link": "https://www.sec.gov/Archives/edgar/data/814453/000089581301000111/0000895813-01-000111-index.htm", "finalLink": "https://www.sec.gov/Archives/edgar/data/814453/000089581301000111/0000895813-01-000111-0001.txt", "calculatedOtherExpenses": 292576000, "calculatedOperatingExpenses": 1192000000, "calculatedNetInterest": 0, "calculatedOtherIncome": -194754000, "calculatedIncomeNonControlling": 0, "calculatedEbitda": 1172817000}, {"date": "1999-12-31", "symbol": "NWL", "reportedCurrency": "USD", "cik": "0000814453", "fillingDate": "2000-03-30", "acceptedDate": "2000-03-30 00:00:00", "calendarYear": "1999", "period": "FY", "revenue": 6413100000, "costOfRevenue": 4446900000, "grossProfit": 1966200000, "grossProfitRatio": 0.3065911961, "researchAndDevelopmentExpenses": 0, "generalAndAdministrativeExpenses": 1104500000, "sellingAndMarketingExpenses": 0, "sellingGeneralAndAdministrativeExpenses": 1104500000, "otherExpenses": 271700000, "operatingExpenses": 1376200000, "costAndExpenses": 5823100000, "interestIncome": 0, "interestExpense": 0, "depreciationAndAmortization": 271700000, "ebitda": 1120700000, "ebitdaratio": 0.1747516802, "operatingIncome": 590000000, "operatingIncomeRatio": 0.0919991892, "totalOtherIncomeExpensesNet": -259000000, "incomeBeforeTax": 230900000, "incomeBeforeTaxRatio": 0.0360044284, "incomeTaxExpense": 135500000, "netIncome": 95400000, "netIncomeRatio": 0.0148758011, "eps": 0.34, "epsdiluted": 0.34, "weightedAverageShsOut": 281806000, "weightedAverageShsOutDil": 281978000, "link": "https://www.sec.gov/Archives/edgar/data/814453/000089581300000093/0000895813-00-000093-index.html", "finalLink": "https://www.sec.gov/Archives/edgar/data/814453/000089581300000093/", "calculatedOtherExpenses": 271700000, "calculatedOperatingExpenses": 1376200000, "calculatedNetInterest": 0, "calculatedOtherIncome": -359100000, "calculatedIncomeNonControlling": 0, "calculatedEbitda": 861700000}, {"date": "1998-12-31", "symbol": "NWL", "reportedCurrency": "USD", "cik": "0000814453", "fillingDate": "1999-03-19", "acceptedDate": "1999-03-19 00:00:00", "calendarYear": "1998", "period": "FY", "revenue": 3720000000, "costOfRevenue": 2455500000, "grossProfit": 1264500000, "grossProfitRatio": 0.3399193548, "researchAndDevelopmentExpenses": 0, "generalAndAdministrativeExpenses": 583000000, "sellingAndMarketingExpenses": 0, "sellingGeneralAndAdministrativeExpenses": 583000000, "otherExpenses": 147500000, "operatingExpenses": 730500000, "costAndExpenses": 3186000000, "interestIncome": 0, "interestExpense": 0, "depreciationAndAmortization": 147500000, "ebitda": 470400000, "ebitdaratio": 0.1264516129, "operatingIncome": 534000000, "operatingIncomeRatio": 0.1435483871, "totalOtherIncomeExpensesNet": 211100000, "incomeBeforeTax": 684900000, "incomeBeforeTaxRatio": 0.1841129032, "incomeTaxExpense": 288700000, "netIncome": 396200000, "netIncomeRatio": 0.1065053763, "eps": 1.72, "epsdiluted": 1.7, "weightedAverageShsOut": 280731000, "weightedAverageShsOutDil": 291883000, "link": "https://www.sec.gov/Archives/edgar/data/814453/0000895813-99-000143-index.html", "finalLink": "https://www.sec.gov/Archives/edgar/data/814453/0000895813-99-000143.txt", "calculatedOtherExpenses": 147500000, "calculatedOperatingExpenses": 730500000, "calculatedNetInterest": 0, "calculatedOtherIncome": 150900000, "calculatedIncomeNonControlling": 0, "calculatedEbitda": 681500000}, {"date": "1997-12-31", "symbol": "NWL", "reportedCurrency": "USD", "cik": "0000814453", "fillingDate": "1998-03-26", "acceptedDate": "1998-03-26 00:00:00", "calendarYear": "1997", "period": "FY", "revenue": 3234300000, "costOfRevenue": 2058400000, "grossProfit": 1175900000, "grossProfitRatio": 0.3635717157, "researchAndDevelopmentExpenses": 0, "generalAndAdministrativeExpenses": 474300000, "sellingAndMarketingExpenses": 0, "sellingGeneralAndAdministrativeExpenses": 474300000, "otherExpenses": 129900000, "operatingExpenses": 604200000, "costAndExpenses": 2662600000, "interestIncome": 0, "interestExpense": 0, "depreciationAndAmortization": 129900000, "ebitda": 718800000, "ebitdaratio": 0.2222428346, "operatingIncome": 571700000, "operatingIncomeRatio": 0.1767615867, "totalOtherIncomeExpensesNet": -17200000, "incomeBeforeTax": 480800000, "incomeBeforeTaxRatio": 0.1486565872, "incomeTaxExpense": 190400000, "netIncome": 290400000, "netIncomeRatio": 0.0897875893, "eps": 1.15, "epsdiluted": 1.14, "weightedAverageShsOut": 158571429, "weightedAverageShsOutDil": 158571429, "link": "https://www.sec.gov/Archives/edgar/data/814453/000089581398000081/0000895813-98-000081-index.html", "finalLink": "https://www.sec.gov/Archives/edgar/data/814453/", "calculatedOtherExpenses": 129900000, "calculatedOperatingExpenses": 604200000, "calculatedNetInterest": 0, "calculatedOtherIncome": -90900000, "calculatedIncomeNonControlling": 0, "calculatedEbitda": 701600000}, {"date": "1996-12-31", "symbol": "NWL", "reportedCurrency": "USD", "cik": "0000814453", "fillingDate": "1997-03-26", "acceptedDate": "1997-03-26 00:00:00", "calendarYear": "1996", "period": "FY", "revenue": 2872800000, "costOfRevenue": 1849100000, "grossProfit": 1023700000, "grossProfitRatio": 0.3563422445, "researchAndDevelopmentExpenses": 0, "generalAndAdministrativeExpenses": 421600000, "sellingAndMarketingExpenses": 0, "sellingGeneralAndAdministrativeExpenses": 421600000, "otherExpenses": 116400000, "operatingExpenses": 538000000, "costAndExpenses": 2387100000, "interestIncome": 0, "interestExpense": 0, "depreciationAndAmortization": 116400000, "ebitda": 606200000, "ebitdaratio": 0.2110136452, "operatingIncome": 485700000, "operatingIncomeRatio": 0.1690685046, "totalOtherIncomeExpensesNet": -4100000, "incomeBeforeTax": 424700000, "incomeBeforeTaxRatio": 0.1478348649, "incomeTaxExpense": 168200000, "netIncome": 256500000, "netIncomeRatio": 0.0892857143, "eps": 1.6, "epsdiluted": 1.6, "weightedAverageShsOut": 161875000, "weightedAverageShsOutDil": 161875000, "link": "https://www.sec.gov/Archives/edgar/data/814453/000089581397000049/0000895813-97-000049-index.html", "finalLink": "https://www.sec.gov/Archives/edgar/data/814453/", "calculatedOtherExpenses": 116400000, "calculatedOperatingExpenses": 538000000, "calculatedNetInterest": 0, "calculatedOtherIncome": -61000000, "calculatedIncomeNonControlling": 0, "calculatedEbitda": 602100000}, {"date": "1995-12-31", "symbol": "NWL", "reportedCurrency": "USD", "cik": "0000814453", "fillingDate": "1996-03-13", "acceptedDate": "1996-03-13 00:00:00", "calendarYear": "1995", "period": "FY", "revenue": 2498400000, "costOfRevenue": 1613900000, "grossProfit": 884500000, "grossProfitRatio": 0.354026577, "researchAndDevelopmentExpenses": 0, "generalAndAdministrativeExpenses": 363400000, "sellingAndMarketingExpenses": 0, "sellingGeneralAndAdministrativeExpenses": 363400000, "otherExpenses": 101700000, "operatingExpenses": 465100000, "costAndExpenses": 2079000000, "interestIncome": 0, "interestExpense": 0, "depreciationAndAmortization": 101700000, "ebitda": 520000000, "ebitdaratio": 0.2081332053, "operatingIncome": 419400000, "operatingIncomeRatio": 0.1678674352, "totalOtherIncomeExpensesNet": 1100000, "incomeBeforeTax": 370800000, "incomeBeforeTaxRatio": 0.1484149856, "incomeTaxExpense": 148300000, "netIncome": 222500000, "netIncomeRatio": 0.0890569965, "eps": 1.41, "epsdiluted": 1.4, "weightedAverageShsOut": 157801418, "weightedAverageShsOutDil": 158928571, "link": "https://www.sec.gov/Archives/edgar/data/814453/000089581396000011/0000895813-96-000011-index.html", "finalLink": "https://www.sec.gov/Archives/edgar/data/814453/", "calculatedOtherExpenses": 101700000, "calculatedOperatingExpenses": 465100000, "calculatedNetInterest": 0, "calculatedOtherIncome": -48600000, "calculatedIncomeNonControlling": 0, "calculatedEbitda": 521100000}, {"date": "1994-12-31", "symbol": "NWL", "reportedCurrency": "USD", "cik": "0000814453", "fillingDate": "1995-03-29", "acceptedDate": "1995-03-29 00:00:00", "calendarYear": "1994", "period": "FY", "revenue": 2074900000, "costOfRevenue": 1331300000, "grossProfit": 743600000, "grossProfitRatio": 0.358378717, "researchAndDevelopmentExpenses": 0, "generalAndAdministrativeExpenses": 0, "sellingAndMarketingExpenses": 0, "sellingGeneralAndAdministrativeExpenses": 313300000, "otherExpenses": 72500000, "operatingExpenses": 385800000, "costAndExpenses": 1717100000, "interestIncome": 0, "interestExpense": 0, "depreciationAndAmortization": 72500000, "ebitda": 428900000, "ebitdaratio": 0.206708757, "operatingIncome": 357800000, "operatingIncomeRatio": 0.1724420454, "totalOtherIncomeExpensesNet": 1400000, "incomeBeforeTax": 329300000, "incomeBeforeTaxRatio": 0.1587064437, "incomeTaxExpense": 133700000, "netIncome": 195600000, "netIncomeRatio": 0.0942696034, "eps": 1.24, "epsdiluted": 1.24, "weightedAverageShsOut": 157774000, "weightedAverageShsOutDil": 157774000, "link": "https://www.sec.gov/Archives/edgar/data/814453/000089581395000029/0000895813-95-000029-index.html", "finalLink": "https://www.sec.gov/Archives/edgar/data/814453/", "calculatedOtherExpenses": 72500000, "calculatedOperatingExpenses": 385800000, "calculatedNetInterest": 0, "calculatedOtherIncome": -28500000, "calculatedIncomeNonControlling": 0, "calculatedEbitda": 430300000}, {"date": "1993-12-31", "symbol": "NWL", "reportedCurrency": "USD", "cik": "0000814453", "fillingDate": "1993-12-31", "acceptedDate": "1993-12-30 19:00:00", "calendarYear": "1993", "period": "FY", "revenue": 1645000000, "costOfRevenue": 1037400000, "grossProfit": 607600000, "grossProfitRatio": 0.3693617021, "researchAndDevelopmentExpenses": 0, "generalAndAdministrativeExpenses": 0, "sellingAndMarketingExpenses": 0, "sellingGeneralAndAdministrativeExpenses": 257200000, "otherExpenses": 64300000, "operatingExpenses": 321500000, "costAndExpenses": 1358900000, "interestIncome": 0, "interestExpense": 0, "depreciationAndAmortization": 64300000, "ebitda": 341900000, "ebitdaratio": 0.2078419453, "operatingIncome": 286100000, "operatingIncomeRatio": 0.1739209726, "totalOtherIncomeExpensesNet": 8500000, "incomeBeforeTax": 275500000, "incomeBeforeTaxRatio": 0.1674772036, "incomeTaxExpense": 110200000, "netIncome": 165300000, "netIncomeRatio": 0.1004863222, "eps": 1.05, "epsdiluted": 1.05, "weightedAverageShsOut": 157428571, "weightedAverageShsOutDil": 157428571, "link": "", "finalLink": "", "calculatedOtherExpenses": 64300000, "calculatedOperatingExpenses": 321500000, "calculatedNetInterest": 0, "calculatedOtherIncome": -10600000, "calculatedIncomeNonControlling": 0, "calculatedEbitda": 350400000}, {"date": "1992-12-31", "symbol": "NWL", "reportedCurrency": "USD", "cik": "0000814453", "fillingDate": "1992-12-31", "acceptedDate": "1992-12-30 19:00:00", "calendarYear": "1992", "period": "FY", "revenue": 1451700000, "costOfRevenue": 943400000, "grossProfit": 508300000, "grossProfitRatio": 0.3501412137, "researchAndDevelopmentExpenses": 0, "generalAndAdministrativeExpenses": 0, "sellingAndMarketingExpenses": 0, "sellingGeneralAndAdministrativeExpenses": 222000000, "otherExpenses": 53900000, "operatingExpenses": 275900000, "costAndExpenses": 1219300000, "interestIncome": 0, "interestExpense": 0, "depreciationAndAmortization": 53900000, "ebitda": 220700000, "ebitdaratio": 0.1520286561, "operatingIncome": 232400000, "operatingIncomeRatio": 0.1600881725, "totalOtherIncomeExpensesNet": 65600000, "incomeBeforeTax": 277600000, "incomeBeforeTaxRatio": 0.1912240821, "incomeTaxExpense": 114300000, "netIncome": 119200000, "netIncomeRatio": 0.0821106289, "eps": 0.76, "epsdiluted": 0.76, "weightedAverageShsOut": 156842105, "weightedAverageShsOutDil": 156842105, "link": "", "finalLink": "", "calculatedOtherExpenses": 53900000, "calculatedOperatingExpenses": 275900000, "calculatedNetInterest": 0, "calculatedOtherIncome": 45200000, "calculatedIncomeNonControlling": 44100000, "calculatedEbitda": 286300000}, {"date": "1991-12-31", "symbol": "NWL", "reportedCurrency": "USD", "cik": "0000814453", "fillingDate": "1991-12-31", "acceptedDate": "1991-12-30 19:00:00", "calendarYear": "1991", "period": "FY", "revenue": 1118900000, "costOfRevenue": 723300000, "grossProfit": 395600000, "grossProfitRatio": 0.3535615336, "researchAndDevelopmentExpenses": 0, "generalAndAdministrativeExpenses": 0, "sellingAndMarketingExpenses": 0, "sellingGeneralAndAdministrativeExpenses": 158800000, "otherExpenses": 39500000, "operatingExpenses": 198300000, "costAndExpenses": 921600000, "interestIncome": 0, "interestExpense": 0, "depreciationAndAmortization": 39500000, "ebitda": 231100000, "ebitdaratio": 0.2065421396, "operatingIncome": 197300000, "operatingIncomeRatio": 0.1763338994, "totalOtherIncomeExpensesNet": 5700000, "incomeBeforeTax": 186500000, "incomeBeforeTaxRatio": 0.1666815622, "incomeTaxExpense": 74300000, "netIncome": 112200000, "netIncomeRatio": 0.1002770578, "eps": 0.91, "epsdiluted": 0.89, "weightedAverageShsOut": 122857143, "weightedAverageShsOutDil": 125617978, "link": "", "finalLink": "", "calculatedOtherExpenses": 39500000, "calculatedOperatingExpenses": 198300000, "calculatedNetInterest": 0, "calculatedOtherIncome": -10800000, "calculatedIncomeNonControlling": 0, "calculatedEbitda": 236800000}, {"date": "1990-12-31", "symbol": "NWL", "reportedCurrency": "USD", "cik": "0000814453", "fillingDate": "1990-12-31", "acceptedDate": "1990-12-30 19:00:00", "calendarYear": "1990", "period": "FY", "revenue": 1072600000, "costOfRevenue": 710000000, "grossProfit": 362600000, "grossProfitRatio": 0.3380570576, "researchAndDevelopmentExpenses": 0, "generalAndAdministrativeExpenses": 0, "sellingAndMarketingExpenses": 0, "sellingGeneralAndAdministrativeExpenses": 150300000, "otherExpenses": 38400000, "operatingExpenses": 188700000, "costAndExpenses": 898700000, "interestIncome": 0, "interestExpense": 0, "depreciationAndAmortization": 38400000, "ebitda": 215300000, "ebitdaratio": 0.2007272049, "operatingIncome": 173900000, "operatingIncomeRatio": 0.1621294052, "totalOtherIncomeExpensesNet": -3000000, "incomeBeforeTax": 170900000, "incomeBeforeTaxRatio": 0.1593324632, "incomeTaxExpense": 69500000, "netIncome": 101400000, "netIncomeRatio": 0.0945366399, "eps": 0.84, "epsdiluted": 0.83, "weightedAverageShsOut": 120000000, "weightedAverageShsOutDil": 121445783, "link": "", "finalLink": "", "calculatedOtherExpenses": 38400000, "calculatedOperatingExpenses": 188700000, "calculatedNetInterest": 0, "calculatedOtherIncome": -3000000, "calculatedIncomeNonControlling": 0, "calculatedEbitda": 212300000}, {"date": "1989-12-31", "symbol": "NWL", "reportedCurrency": "USD", "cik": "0000814453", "fillingDate": "1989-12-31", "acceptedDate": "1989-12-30 19:00:00", "calendarYear": "1989", "period": "FY", "revenue": 1122900000, "costOfRevenue": 768400000, "grossProfit": 354500000, "grossProfitRatio": 0.3157004186, "researchAndDevelopmentExpenses": 0, "generalAndAdministrativeExpenses": 0, "sellingAndMarketingExpenses": 0, "sellingGeneralAndAdministrativeExpenses": 149200000, "otherExpenses": 40700000, "operatingExpenses": 189900000, "costAndExpenses": 958300000, "interestIncome": 0, "interestExpense": 0, "depreciationAndAmortization": 40700000, "ebitda": 224400000, "ebitdaratio": 0.1998397008, "operatingIncome": 164600000, "operatingIncomeRatio": 0.146584736, "totalOtherIncomeExpensesNet": -19100000, "incomeBeforeTax": 145600000, "incomeBeforeTaxRatio": 0.1296642622, "incomeTaxExpense": 60200000, "netIncome": 85400000, "netIncomeRatio": 0.0760530769, "eps": 0.71, "epsdiluted": 0.71, "weightedAverageShsOut": 119295775, "weightedAverageShsOutDil": 119295775, "link": "", "finalLink": "", "calculatedOtherExpenses": 40700000, "calculatedOperatingExpenses": 189900000, "calculatedNetInterest": 0, "calculatedOtherIncome": -19000000, "calculatedIncomeNonControlling": 0, "calculatedEbitda": 205300000}, {"date": "1988-12-31", "symbol": "NWL", "reportedCurrency": "USD", "cik": "0000814453", "fillingDate": "1988-12-31", "acceptedDate": "1988-12-30 19:00:00", "calendarYear": "1988", "period": "FY", "revenue": 988200000, "costOfRevenue": 683700000, "grossProfit": 304500000, "grossProfitRatio": 0.3081360049, "researchAndDevelopmentExpenses": 0, "generalAndAdministrativeExpenses": 0, "sellingAndMarketingExpenses": 0, "sellingGeneralAndAdministrativeExpenses": 140500000, "otherExpenses": 39700000, "operatingExpenses": 180200000, "costAndExpenses": 863900000, "interestIncome": 0, "interestExpense": 0, "depreciationAndAmortization": 39700000, "ebitda": 183900000, "ebitdaratio": 0.186095932, "operatingIncome": 124300000, "operatingIncomeRatio": 0.1257842542, "totalOtherIncomeExpensesNet": -19900000, "incomeBeforeTax": 104400000, "incomeBeforeTaxRatio": 0.1056466302, "incomeTaxExpense": 43000000, "netIncome": 61400000, "netIncomeRatio": 0.0621331714, "eps": 0.55, "epsdiluted": 0.53, "weightedAverageShsOut": 111636364, "weightedAverageShsOutDil": 115849057, "link": "", "finalLink": "", "calculatedOtherExpenses": 39700000, "calculatedOperatingExpenses": 180200000, "calculatedNetInterest": 0, "calculatedOtherIncome": -19900000, "calculatedIncomeNonControlling": 0, "calculatedEbitda": 164000000}, {"date": "1987-12-31", "symbol": "NWL", "reportedCurrency": "USD", "cik": "0000814453", "fillingDate": "1987-12-31", "acceptedDate": "1987-12-30 19:00:00", "calendarYear": "1987", "period": "FY", "revenue": 719700000, "costOfRevenue": 508600000, "grossProfit": 211100000, "grossProfitRatio": 0.2933166597, "researchAndDevelopmentExpenses": 0, "generalAndAdministrativeExpenses": 0, "sellingAndMarketingExpenses": 0, "sellingGeneralAndAdministrativeExpenses": 105500000, "otherExpenses": 23500000, "operatingExpenses": 129000000, "costAndExpenses": 637600000, "interestIncome": 0, "interestExpense": 0, "depreciationAndAmortization": 23500000, "ebitda": 120500000, "ebitdaratio": 0.167430874, "operatingIncome": 82100000, "operatingIncomeRatio": 0.1140753092, "totalOtherIncomeExpensesNet": -14900000, "incomeBeforeTax": 67200000, "incomeBeforeTaxRatio": 0.0933722384, "incomeTaxExpense": 30000000, "netIncome": 37200000, "netIncomeRatio": 0.0516882034, "eps": 0.35, "epsdiluted": 0.35, "weightedAverageShsOut": 91428571, "weightedAverageShsOutDil": 91428571, "link": "", "finalLink": "", "calculatedOtherExpenses": 23500000, "calculatedOperatingExpenses": 129000000, "calculatedNetInterest": 0, "calculatedOtherIncome": -14900000, "calculatedIncomeNonControlling": 0, "calculatedEbitda": 105600000}, {"date": "1986-12-31", "symbol": "NWL", "reportedCurrency": "USD", "cik": "0000814453", "fillingDate": "1986-12-31", "acceptedDate": "1986-12-30 19:00:00", "calendarYear": "1986", "period": "FY", "revenue": 401400000, "costOfRevenue": 272000000, "grossProfit": 129400000, "grossProfitRatio": 0.3223716991, "researchAndDevelopmentExpenses": 0, "generalAndAdministrativeExpenses": 0, "sellingAndMarketingExpenses": 0, "sellingGeneralAndAdministrativeExpenses": 71200000, "otherExpenses": 11200000, "operatingExpenses": 82400000, "costAndExpenses": 354400000, "interestIncome": 0, "interestExpense": 0, "depreciationAndAmortization": 11200000, "ebitda": 60200000, "ebitdaratio": 0.1499750872, "operatingIncome": 47000000, "operatingIncomeRatio": 0.1170901844, "totalOtherIncomeExpensesNet": -2000000, "incomeBeforeTax": 44900000, "incomeBeforeTaxRatio": 0.1118584953, "incomeTaxExpense": 20900000, "netIncome": 24000000, "netIncomeRatio": 0.0597907324, "eps": 0.28, "epsdiluted": 0.27, "weightedAverageShsOut": 91640000, "weightedAverageShsOutDil": 91640000, "link": "", "finalLink": "", "calculatedOtherExpenses": 11200000, "calculatedOperatingExpenses": 82400000, "calculatedNetInterest": 0, "calculatedOtherIncome": -2100000, "calculatedIncomeNonControlling": 0, "calculatedEbitda": 58200000}, {"date": "1985-12-31", "symbol": "NWL", "reportedCurrency": "USD", "cik": "0000814453", "fillingDate": "1985-12-31", "acceptedDate": "1985-12-30 19:00:00", "calendarYear": "1985", "period": "FY", "revenue": 350000000, "costOfRevenue": 226900000, "grossProfit": 123100000, "grossProfitRatio": 0.3517142857, "researchAndDevelopmentExpenses": 0, "generalAndAdministrativeExpenses": 0, "sellingAndMarketingExpenses": 0, "sellingGeneralAndAdministrativeExpenses": 81800000, "otherExpenses": 8500000, "operatingExpenses": 90300000, "costAndExpenses": 317200000, "interestIncome": 0, "interestExpense": 0, "depreciationAndAmortization": 8500000, "ebitda": 41300000, "ebitdaratio": 0.118, "operatingIncome": 32800000, "operatingIncomeRatio": 0.0937142857, "totalOtherIncomeExpensesNet": 100000, "incomeBeforeTax": 32900000, "incomeBeforeTaxRatio": 0.094, "incomeTaxExpense": 14000000, "netIncome": 18900000, "netIncomeRatio": 0.054, "eps": 0.27, "epsdiluted": 0.25, "weightedAverageShsOut": 67037037, "weightedAverageShsOutDil": 72400000, "link": "", "finalLink": "", "calculatedOtherExpenses": 8500000, "calculatedOperatingExpenses": 90300000, "calculatedNetInterest": 0, "calculatedOtherIncome": 100000, "calculatedIncomeNonControlling": 0, "calculatedEbitda": 41300000}]}