{"originalCurrency": "USD", "convertedCurrency": "USD", "report": [{"date": "2023-06-30", "symbol": "NWSA", "reportedCurrency": "USD", "cik": "0001564708", "fillingDate": "2023-08-15", "acceptedDate": "2023-08-15 07:04:33", "calendarYear": "2023", "period": "FY", "revenue": 9879000000, "costOfRevenue": 5838000000, "grossProfit": 4041000000, "grossProfitRatio": 0.4090494989, "researchAndDevelopmentExpenses": 0, "generalAndAdministrativeExpenses": 1648000000, "sellingAndMarketingExpenses": 1687000000, "sellingGeneralAndAdministrativeExpenses": 3335000000, "otherExpenses": 1000000, "operatingExpenses": 9173000000, "costAndExpenses": 9173000000, "interestIncome": 90000000, "interestExpense": 100000000, "depreciationAndAmortization": 714000000, "ebitda": 1294000000, "ebitdaratio": 0.1309849175, "operatingIncome": 230000000, "operatingIncomeRatio": 0.0232817087, "totalOtherIncomeExpensesNet": -276000000, "incomeBeforeTax": 330000000, "incomeBeforeTaxRatio": 0.0334041907, "incomeTaxExpense": 143000000, "netIncome": 149000000, "netIncomeRatio": 0.0150824982, "eps": 0.26, "epsdiluted": 0.26, "weightedAverageShsOut": 576400000, "weightedAverageShsOutDil": 578800000, "link": "https://www.sec.gov/Archives/edgar/data/1564708/000156470823000368/0001564708-23-000368-index.htm", "finalLink": "https://www.sec.gov/Archives/edgar/data/1564708/000156470823000368/nws-20230630.htm", "calculatedOtherExpenses": 476000000, "calculatedOperatingExpenses": 3811000000, "calculatedNetInterest": -10000000, "calculatedOtherIncome": 110000000, "calculatedIncomeNonControlling": 38000000, "calculatedEbitda": 944000000}, {"date": "2022-06-30", "symbol": "NWSA", "reportedCurrency": "USD", "cik": "0001564708", "fillingDate": "2022-08-12", "acceptedDate": "2022-08-12 06:59:56", "calendarYear": "2022", "period": "FY", "revenue": 10385000000, "costOfRevenue": 5812000000, "grossProfit": 4573000000, "grossProfitRatio": 0.4403466538, "researchAndDevelopmentExpenses": 0, "generalAndAdministrativeExpenses": 1771000000, "sellingAndMarketingExpenses": 1821000000, "sellingGeneralAndAdministrativeExpenses": 3592000000, "otherExpenses": 5812000000, "operatingExpenses": 9404000000, "costAndExpenses": 9404000000, "interestIncome": 54000000, "interestExpense": 99000000, "depreciationAndAmortization": 688000000, "ebitda": 1708000000, "ebitdaratio": 0.1644679827, "operatingIncome": 1020000000, "operatingIncomeRatio": 0.0982185845, "totalOtherIncomeExpensesNet": -208000000, "incomeBeforeTax": 812000000, "incomeBeforeTaxRatio": 0.0781896967, "incomeTaxExpense": 52000000, "netIncome": 623000000, "netIncomeRatio": 0.0599903707, "eps": 1.06, "epsdiluted": 1.05, "weightedAverageShsOut": 589500000, "weightedAverageShsOutDil": 592500000, "link": "https://www.sec.gov/Archives/edgar/data/1564708/000156470822000265/0001564708-22-000265-index.htm", "finalLink": "https://www.sec.gov/Archives/edgar/data/1564708/000156470822000265/nws-20220630.htm", "calculatedOtherExpenses": -39000000, "calculatedOperatingExpenses": 3553000000, "calculatedNetInterest": -45000000, "calculatedOtherIncome": -163000000, "calculatedIncomeNonControlling": 137000000, "calculatedEbitda": 1708000000}, {"date": "2021-06-30", "symbol": "NWSA", "reportedCurrency": "USD", "cik": "0001564708", "fillingDate": "2021-08-10", "acceptedDate": "2021-08-10 07:08:23", "calendarYear": "2021", "period": "FY", "revenue": 9358000000, "costOfRevenue": 5512000000, "grossProfit": 3846000000, "grossProfitRatio": 0.4109852533, "researchAndDevelopmentExpenses": 0, "generalAndAdministrativeExpenses": 1660000000, "sellingAndMarketingExpenses": 1594000000, "sellingGeneralAndAdministrativeExpenses": 3254000000, "otherExpenses": 5511000000, "operatingExpenses": 8765000000, "costAndExpenses": 8765000000, "interestIncome": 33000000, "interestExpense": 53000000, "depreciationAndAmortization": 680000000, "ebitda": 1351000000, "ebitdaratio": 0.1443684548, "operatingIncome": 671000000, "operatingIncomeRatio": 0.0717033554, "totalOtherIncomeExpensesNet": -221000000, "incomeBeforeTax": 450000000, "incomeBeforeTaxRatio": 0.0480871981, "incomeTaxExpense": 61000000, "netIncome": 330000000, "netIncomeRatio": 0.0352639453, "eps": 0.56, "epsdiluted": 0.56, "weightedAverageShsOut": 590400000, "weightedAverageShsOutDil": 593400000, "link": "https://www.sec.gov/Archives/edgar/data/1564708/000156470821000029/0001564708-21-000029-index.htm", "finalLink": "https://www.sec.gov/Archives/edgar/data/1564708/000156470821000029/nws-20210630.htm", "calculatedOtherExpenses": -79000000, "calculatedOperatingExpenses": 3175000000, "calculatedNetInterest": -20000000, "calculatedOtherIncome": -201000000, "calculatedIncomeNonControlling": 59000000, "calculatedEbitda": 1351000000}, {"date": "2020-06-30", "symbol": "NWSA", "reportedCurrency": "USD", "cik": "0001564708", "fillingDate": "2020-08-11", "acceptedDate": "2020-08-11 06:37:22", "calendarYear": "2020", "period": "FY", "revenue": 9008000000, "costOfRevenue": 5646000000, "grossProfit": 3362000000, "grossProfitRatio": 0.3732238011, "researchAndDevelopmentExpenses": 0, "generalAndAdministrativeExpenses": 802000000, "sellingAndMarketingExpenses": 2193000000, "sellingGeneralAndAdministrativeExpenses": 2995000000, "otherExpenses": 5644000000, "operatingExpenses": 8639000000, "costAndExpenses": 8639000000, "interestIncome": 22000000, "interestExpense": 25000000, "depreciationAndAmortization": 644000000, "ebitda": 2843000000, "ebitdaratio": 0.3156083481, "operatingIncome": 2199000000, "operatingIncomeRatio": 0.244116341, "totalOtherIncomeExpensesNet": -3723000000, "incomeBeforeTax": -1524000000, "incomeBeforeTaxRatio": -0.1691829485, "incomeTaxExpense": 21000000, "netIncome": -1545000000, "netIncomeRatio": -0.1715142096, "eps": -2.63, "epsdiluted": -2.63, "weightedAverageShsOut": 587900000, "weightedAverageShsOutDil": 587900000, "link": "https://www.sec.gov/Archives/edgar/data/1564708/000156470820000022/0001564708-20-000022-index.htm", "finalLink": "https://www.sec.gov/Archives/edgar/data/1564708/000156470820000022/nws-20200630.htm", "calculatedOtherExpenses": -1832000000, "calculatedOperatingExpenses": 1163000000, "calculatedNetInterest": -3000000, "calculatedOtherIncome": -3720000000, "calculatedIncomeNonControlling": 0, "calculatedEbitda": 2843000000}, {"date": "2019-06-30", "symbol": "NWSA", "reportedCurrency": "USD", "cik": "0001564708", "fillingDate": "2019-08-13", "acceptedDate": "2019-08-13 07:10:07", "calendarYear": "2019", "period": "FY", "revenue": 10074000000, "costOfRevenue": 6284000000, "grossProfit": 3790000000, "grossProfitRatio": 0.3762160016, "researchAndDevelopmentExpenses": 0, "generalAndAdministrativeExpenses": 352000000, "sellingAndMarketingExpenses": 2856000000, "sellingGeneralAndAdministrativeExpenses": 3208000000, "otherExpenses": 6281000000, "operatingExpenses": 9489000000, "costAndExpenses": 9489000000, "interestIncome": 35000000, "interestExpense": 59000000, "depreciationAndAmortization": 659000000, "ebitda": 1432000000, "ebitdaratio": 0.142148104, "operatingIncome": 773000000, "operatingIncomeRatio": 0.0767321819, "totalOtherIncomeExpensesNet": -419000000, "incomeBeforeTax": 354000000, "incomeBeforeTaxRatio": 0.0351399643, "incomeTaxExpense": 126000000, "netIncome": 228000000, "netIncomeRatio": 0.0226325194, "eps": 0.39, "epsdiluted": 0.39, "weightedAverageShsOut": 584700000, "weightedAverageShsOutDil": 587900000, "link": "https://www.sec.gov/Archives/edgar/data/1564708/000119312519219463/0001193125-19-219463-index.htm", "finalLink": "https://www.sec.gov/Archives/edgar/data/1564708/000119312519219463/d741099d10k.htm", "calculatedOtherExpenses": -191000000, "calculatedOperatingExpenses": 3017000000, "calculatedNetInterest": -24000000, "calculatedOtherIncome": -395000000, "calculatedIncomeNonControlling": 0, "calculatedEbitda": 1432000000}, {"date": "2018-06-30", "symbol": "NWSA", "reportedCurrency": "USD", "cik": "0001564708", "fillingDate": "2018-08-15", "acceptedDate": "2018-08-15 06:53:36", "calendarYear": "2018", "period": "FY", "revenue": 9024000000, "costOfRevenue": 5374000000, "grossProfit": 3650000000, "grossProfitRatio": 0.4044769504, "researchAndDevelopmentExpenses": 0, "generalAndAdministrativeExpenses": 3049000000, "sellingAndMarketingExpenses": 2799000000, "sellingGeneralAndAdministrativeExpenses": 3049000000, "otherExpenses": -325000000, "operatingExpenses": 8424000000, "costAndExpenses": 8424000000, "interestIncome": 0, "interestExpense": 7000000, "depreciationAndAmortization": 472000000, "ebitda": 1423000000, "ebitdaratio": 0.1576906028, "operatingIncome": 600000000, "operatingIncomeRatio": 0.0664893617, "totalOtherIncomeExpensesNet": -1682000000, "incomeBeforeTax": -1089000000, "incomeBeforeTaxRatio": -0.1206781915, "incomeTaxExpense": 355000000, "netIncome": -1514000000, "netIncomeRatio": -0.1677748227, "eps": -2.6, "epsdiluted": -2.6, "weightedAverageShsOut": 582700000, "weightedAverageShsOutDil": 582700000, "link": "https://www.sec.gov/Archives/edgar/data/1564708/000119312518249117/0001193125-18-249117-index.htm", "finalLink": "https://www.sec.gov/Archives/edgar/data/1564708/000119312518249117/d603651d10k.htm", "calculatedOtherExpenses": 1000000, "calculatedOperatingExpenses": 3050000000, "calculatedNetInterest": -7000000, "calculatedOtherIncome": -1682000000, "calculatedIncomeNonControlling": 70000000, "calculatedEbitda": 1072000000}, {"date": "2017-06-30", "symbol": "NWSA", "reportedCurrency": "USD", "cik": "0001564708", "fillingDate": "2017-08-14", "acceptedDate": "2017-08-14 16:10:24", "calendarYear": "2017", "period": "FY", "revenue": 8139000000, "costOfRevenue": 4978000000, "grossProfit": 3161000000, "grossProfitRatio": 0.3883769505, "researchAndDevelopmentExpenses": 0, "generalAndAdministrativeExpenses": 2725000000, "sellingAndMarketingExpenses": 2860000000, "sellingGeneralAndAdministrativeExpenses": 2725000000, "otherExpenses": 132000000, "operatingExpenses": 7703000000, "costAndExpenses": 7703000000, "interestIncome": 0, "interestExpense": -39000000, "depreciationAndAmortization": 449000000, "ebitda": 1812000000, "ebitdaratio": 0.2226317729, "operatingIncome": 436000000, "operatingIncomeRatio": 0.0535692345, "totalOtherIncomeExpensesNet": -1090000000, "incomeBeforeTax": -615000000, "incomeBeforeTaxRatio": -0.0755621084, "incomeTaxExpense": 28000000, "netIncome": -738000000, "netIncomeRatio": -0.09067453, "eps": -1.27, "epsdiluted": -1.27, "weightedAverageShsOut": 581400000, "weightedAverageShsOutDil": 581400000, "link": "https://www.sec.gov/Archives/edgar/data/1564708/000119312517257248/0001193125-17-257248-index.htm", "finalLink": "https://www.sec.gov/Archives/edgar/data/1564708/000119312517257248/d412501d10k.htm", "calculatedOtherExpenses": 0, "calculatedOperatingExpenses": 2725000000, "calculatedNetInterest": 39000000, "calculatedOtherIncome": -1090000000, "calculatedIncomeNonControlling": 95000000, "calculatedEbitda": 885000000}, {"date": "2016-06-30", "symbol": "NWSA", "reportedCurrency": "USD", "cik": "0001564708", "fillingDate": "2016-08-12", "acceptedDate": "2016-08-12 07:19:00", "calendarYear": "2016", "period": "FY", "revenue": 8292000000, "costOfRevenue": 5233000000, "grossProfit": 3059000000, "grossProfitRatio": 0.3689097926, "researchAndDevelopmentExpenses": 0, "generalAndAdministrativeExpenses": 2722000000, "sellingAndMarketingExpenses": 3644000000, "sellingGeneralAndAdministrativeExpenses": 2722000000, "otherExpenses": 18000000, "operatingExpenses": 7955000000, "costAndExpenses": 7955000000, "interestIncome": 0, "interestExpense": -43000000, "depreciationAndAmortization": 505000000, "ebitda": 1089000000, "ebitdaratio": 0.1313314038, "operatingIncome": 337000000, "operatingIncomeRatio": 0.0406415822, "totalOtherIncomeExpensesNet": -199000000, "incomeBeforeTax": 181000000, "incomeBeforeTaxRatio": 0.0218282682, "incomeTaxExpense": -54000000, "netIncome": 179000000, "netIncomeRatio": 0.0215870719, "eps": 0.3, "epsdiluted": 0.3, "weightedAverageShsOut": 580600000, "weightedAverageShsOutDil": 582500000, "link": "https://www.sec.gov/Archives/edgar/data/1564708/000119312516679975/0001193125-16-679975-index.htm", "finalLink": "https://www.sec.gov/Archives/edgar/data/1564708/000119312516679975/d210462d10k.htm", "calculatedOtherExpenses": 0, "calculatedOperatingExpenses": 2722000000, "calculatedNetInterest": 43000000, "calculatedOtherIncome": -199000000, "calculatedIncomeNonControlling": 56000000, "calculatedEbitda": 842000000}, {"date": "2015-06-30", "symbol": "NWSA", "reportedCurrency": "USD", "cik": "0001564708", "fillingDate": "2015-08-13", "acceptedDate": "2015-08-13 06:41:51", "calendarYear": "2015", "period": "FY", "revenue": 8633000000, "costOfRevenue": 4952000000, "grossProfit": 3681000000, "grossProfitRatio": 0.4263871192, "researchAndDevelopmentExpenses": 0, "generalAndAdministrativeExpenses": 2756000000, "sellingAndMarketingExpenses": 3835000000, "sellingGeneralAndAdministrativeExpenses": 2756000000, "otherExpenses": 75000000, "operatingExpenses": 8311000000, "costAndExpenses": 8311000000, "interestIncome": 0, "interestExpense": -56000000, "depreciationAndAmortization": 530000000, "ebitda": 1307000000, "ebitdaratio": 0.1513958068, "operatingIncome": 322000000, "operatingIncomeRatio": 0.0372987374, "totalOtherIncomeExpensesNet": -322000000, "incomeBeforeTax": 56000000, "incomeBeforeTaxRatio": 0.0064867369, "incomeTaxExpense": 134000000, "netIncome": -147000000, "netIncomeRatio": -0.0170276845, "eps": -0.25, "epsdiluted": -0.25, "weightedAverageShsOut": 581000000, "weightedAverageShsOutDil": 582600000, "link": "https://www.sec.gov/Archives/edgar/data/1564708/000119312515288946/0001193125-15-288946-index.htm", "finalLink": "https://www.sec.gov/Archives/edgar/data/1564708/000119312515288946/d55323d10k.htm", "calculatedOtherExpenses": 603000000, "calculatedOperatingExpenses": 3359000000, "calculatedNetInterest": 56000000, "calculatedOtherIncome": -322000000, "calculatedIncomeNonControlling": 69000000, "calculatedEbitda": 852000000}, {"date": "2014-06-30", "symbol": "NWSA", "reportedCurrency": "USD", "cik": "0001564708", "fillingDate": "2014-08-14", "acceptedDate": "2014-08-14 08:04:41", "calendarYear": "2014", "period": "FY", "revenue": 8574000000, "costOfRevenue": 5074000000, "grossProfit": 3500000000, "grossProfitRatio": 0.4082108701, "researchAndDevelopmentExpenses": 0, "generalAndAdministrativeExpenses": 2665000000, "sellingAndMarketingExpenses": 4019000000, "sellingGeneralAndAdministrativeExpenses": 2665000000, "otherExpenses": -653000000, "operatingExpenses": 8382000000, "costAndExpenses": 8382000000, "interestIncome": 0, "interestExpense": -68000000, "depreciationAndAmortization": 578000000, "ebitda": 864000000, "ebitdaratio": 0.1007697691, "operatingIncome": -529000000, "operatingIncomeRatio": -0.0616981572, "totalOtherIncomeExpensesNet": -657000000, "incomeBeforeTax": -397000000, "incomeBeforeTaxRatio": -0.0463027758, "incomeTaxExpense": -691000000, "netIncome": 239000000, "netIncomeRatio": 0.0278749708, "eps": 0.41, "epsdiluted": 0.41, "weightedAverageShsOut": 579000000, "weightedAverageShsOutDil": 579700000, "link": "https://www.sec.gov/Archives/edgar/data/1564708/000119312514309269/0001193125-14-309269-index.htm", "finalLink": "https://www.sec.gov/Archives/edgar/data/1564708/000119312514309269/d740541d10k.htm", "calculatedOtherExpenses": 1364000000, "calculatedOperatingExpenses": 4029000000, "calculatedNetInterest": 68000000, "calculatedOtherIncome": 64000000, "calculatedIncomeNonControlling": 55000000, "calculatedEbitda": 49000000}, {"date": "2013-06-30", "symbol": "NWSA", "reportedCurrency": "USD", "cik": "0001564708", "fillingDate": "2013-09-20", "acceptedDate": "2013-09-20 17:15:42", "calendarYear": "2013", "period": "FY", "revenue": 8891000000, "costOfRevenue": 5420000000, "grossProfit": 3471000000, "grossProfitRatio": 0.3903947812, "researchAndDevelopmentExpenses": 0, "generalAndAdministrativeExpenses": 2783000000, "sellingAndMarketingExpenses": 4346000000, "sellingGeneralAndAdministrativeExpenses": 2783000000, "otherExpenses": -3000000, "operatingExpenses": 8751000000, "costAndExpenses": 8751000000, "interestIncome": 0, "interestExpense": -77000000, "depreciationAndAmortization": 548000000, "ebitda": 829000000, "ebitdaratio": 0.0932403554, "operatingIncome": 140000000, "operatingIncomeRatio": 0.0157462603, "totalOtherIncomeExpensesNet": -44000000, "incomeBeforeTax": 173000000, "incomeBeforeTaxRatio": 0.0194578788, "incomeTaxExpense": -374000000, "netIncome": 506000000, "netIncomeRatio": 0.0569114835, "eps": 0.87, "epsdiluted": 0.87, "weightedAverageShsOut": 578800000, "weightedAverageShsOutDil": 579400000, "link": "https://www.sec.gov/Archives/edgar/data/1564708/000119312513373501/0001193125-13-373501-index.htm", "finalLink": "https://www.sec.gov/Archives/edgar/data/1564708/000119312513373501/d581644d10k.htm", "calculatedOtherExpenses": 548000000, "calculatedOperatingExpenses": 3331000000, "calculatedNetInterest": 77000000, "calculatedOtherIncome": -44000000, "calculatedIncomeNonControlling": 41000000, "calculatedEbitda": 688000000}, {"date": "2012-06-30", "symbol": "NWSA", "reportedCurrency": "USD", "cik": "0001564708", "fillingDate": "2012-06-30", "acceptedDate": "2012-06-29 20:00:00", "calendarYear": "2012", "period": "FY", "revenue": 8654000000, "costOfRevenue": 0, "grossProfit": 8654000000, "grossProfitRatio": 1, "researchAndDevelopmentExpenses": 0, "generalAndAdministrativeExpenses": 0, "sellingAndMarketingExpenses": 0, "sellingGeneralAndAdministrativeExpenses": 2750000000, "otherExpenses": -7000000, "operatingExpenses": 8355000000, "costAndExpenses": 8355000000, "interestIncome": 0, "interestExpense": -56000000, "depreciationAndAmortization": 483000000, "ebitda": 3597000000, "ebitdaratio": 0.4156459441, "operatingIncome": 299000000, "operatingIncomeRatio": 0.0345504969, "totalOtherIncomeExpensesNet": -2732000000, "incomeBeforeTax": -2377000000, "incomeBeforeTaxRatio": -0.2746706725, "incomeTaxExpense": -337000000, "netIncome": -2075000000, "netIncomeRatio": -0.2397735151, "eps": -3.59, "epsdiluted": -3.59, "weightedAverageShsOut": 578504146, "weightedAverageShsOutDil": 578504146, "link": "", "finalLink": "", "calculatedOtherExpenses": 5605000000, "calculatedOperatingExpenses": 8355000000, "calculatedNetInterest": 56000000, "calculatedOtherIncome": -2732000000, "calculatedIncomeNonControlling": 35000000, "calculatedEbitda": 782000000}, {"date": "2011-06-30", "symbol": "NWSA", "reportedCurrency": "USD", "cik": "0001564708", "fillingDate": "2011-06-30", "acceptedDate": "2011-06-29 20:00:00", "calendarYear": "2011", "period": "FY", "revenue": 9095000000, "costOfRevenue": 0, "grossProfit": 9095000000, "grossProfitRatio": 1, "researchAndDevelopmentExpenses": 0, "generalAndAdministrativeExpenses": 0, "sellingAndMarketingExpenses": 0, "sellingGeneralAndAdministrativeExpenses": 2648000000, "otherExpenses": 4000000, "operatingExpenses": 8312000000, "costAndExpenses": 8312000000, "interestIncome": 0, "interestExpense": -47000000, "depreciationAndAmortization": 430000000, "ebitda": 1195000000, "ebitdaratio": 0.1313908741, "operatingIncome": 783000000, "operatingIncomeRatio": 0.0860912589, "totalOtherIncomeExpensesNet": 131000000, "incomeBeforeTax": 961000000, "incomeBeforeTaxRatio": 0.1056624519, "incomeTaxExpense": 257000000, "netIncome": 678000000, "netIncomeRatio": 0.0745464541, "eps": 1.17, "epsdiluted": 1.17, "weightedAverageShsOut": 578504146, "weightedAverageShsOutDil": 578504146, "link": "", "finalLink": "", "calculatedOtherExpenses": 5664000000, "calculatedOperatingExpenses": 8312000000, "calculatedNetInterest": 47000000, "calculatedOtherIncome": 131000000, "calculatedIncomeNonControlling": 26000000, "calculatedEbitda": 1213000000}, {"date": "2010-06-30", "symbol": "NWSA", "reportedCurrency": "USD", "cik": "0001564708", "fillingDate": "2010-06-30", "acceptedDate": "2010-06-29 20:00:00", "calendarYear": "2010", "period": "FY", "revenue": 8752000000, "costOfRevenue": 0, "grossProfit": 8752000000, "grossProfitRatio": 1, "researchAndDevelopmentExpenses": 0, "generalAndAdministrativeExpenses": 0, "sellingAndMarketingExpenses": 0, "sellingGeneralAndAdministrativeExpenses": 2931000000, "otherExpenses": -16000000, "operatingExpenses": 8353000000, "costAndExpenses": 8353000000, "interestIncome": 0, "interestExpense": -28000000, "depreciationAndAmortization": 414000000, "ebitda": 858000000, "ebitdaratio": 0.0980347349, "operatingIncome": 399000000, "operatingIncomeRatio": 0.0455895795, "totalOtherIncomeExpensesNet": 34000000, "incomeBeforeTax": 461000000, "incomeBeforeTaxRatio": 0.0526736746, "incomeTaxExpense": 202000000, "netIncome": 243000000, "netIncomeRatio": 0.0277650823, "eps": 0.42, "epsdiluted": 0.42, "weightedAverageShsOut": 578504146, "weightedAverageShsOutDil": 578504146, "link": "", "finalLink": "", "calculatedOtherExpenses": 5422000000, "calculatedOperatingExpenses": 8353000000, "calculatedNetInterest": 28000000, "calculatedOtherIncome": 34000000, "calculatedIncomeNonControlling": 16000000, "calculatedEbitda": 813000000}]}