{"originalCurrency": "USD", "convertedCurrency": "USD", "report": [{"date": "2023-12-31", "symbol": "NXST", "reportedCurrency": "USD", "cik": "0001142417", "fillingDate": "2024-02-28", "acceptedDate": "2024-02-28 15:33:06", "calendarYear": "2023", "period": "FY", "revenue": 4933000000, "costOfRevenue": 3094000000, "grossProfit": 1839000000, "grossProfitRatio": 0.3727954592, "researchAndDevelopmentExpenses": 0, "generalAndAdministrativeExpenses": 0, "sellingAndMarketingExpenses": 0, "sellingGeneralAndAdministrativeExpenses": 1096000000, "otherExpenses": 36000000, "operatingExpenses": 1096000000, "costAndExpenses": 4190000000, "interestIncome": 0, "interestExpense": 447000000, "depreciationAndAmortization": 941000000, "ebitda": 1684000000, "ebitdaratio": 0.3413744172, "operatingIncome": 743000000, "operatingIncomeRatio": 0.150618285, "totalOtherIncomeExpensesNet": -342000000, "incomeBeforeTax": 401000000, "incomeBeforeTaxRatio": 0.0812892763, "incomeTaxExpense": 131000000, "netIncome": 346000000, "netIncomeRatio": 0.0701398743, "eps": 9.8, "epsdiluted": 9.66, "weightedAverageShsOut": 35317000, "weightedAverageShsOutDil": 35834000, "link": "https://www.sec.gov/Archives/edgar/data/1142417/000095017024021979/0000950170-24-021979-index.htm", "finalLink": "https://www.sec.gov/Archives/edgar/data/1142417/000095017024021979/nxst-20231231.htm", "calculatedOtherExpenses": 0, "calculatedOperatingExpenses": 1096000000, "calculatedNetInterest": -447000000, "calculatedOtherIncome": 105000000, "calculatedIncomeNonControlling": -76000000, "calculatedEbitda": 1684000000}, {"date": "2022-12-31", "symbol": "NXST", "reportedCurrency": "USD", "cik": "0001142417", "fillingDate": "2023-02-28", "acceptedDate": "2023-02-28 17:11:45", "calendarYear": "2022", "period": "FY", "revenue": 5211000000, "costOfRevenue": 2004800000, "grossProfit": 3206200000, "grossProfitRatio": 0.615275379, "researchAndDevelopmentExpenses": 0, "generalAndAdministrativeExpenses": 0, "sellingAndMarketingExpenses": 0, "sellingGeneralAndAdministrativeExpenses": 903500000, "otherExpenses": 860500000, "operatingExpenses": 1764000000, "costAndExpenses": 3768800000, "interestIncome": 336600000, "interestExpense": 336600000, "depreciationAndAmortization": 981000000, "ebitda": 2293100000, "ebitdaratio": 0.4400498945, "operatingIncome": 1312100000, "operatingIncomeRatio": 0.2517942813, "totalOtherIncomeExpensesNet": -95000000, "incomeBeforeTax": 1217100000, "incomeBeforeTaxRatio": 0.2335636154, "incomeTaxExpense": 273600000, "netIncome": 971000000, "netIncomeRatio": 0.1863365957, "eps": 24.68, "epsdiluted": 24.16, "weightedAverageShsOut": 39349000, "weightedAverageShsOutDil": 40187000, "link": "https://www.sec.gov/Archives/edgar/data/1142417/000095017023005209/0000950170-23-005209-index.htm", "finalLink": "https://www.sec.gov/Archives/edgar/data/1142417/000095017023005209/nxst-20221231.htm", "calculatedOtherExpenses": 990600000, "calculatedOperatingExpenses": 1894100000, "calculatedNetInterest": 0, "calculatedOtherIncome": -95000000, "calculatedIncomeNonControlling": -27500000, "calculatedEbitda": 2293100000}, {"date": "2021-12-31", "symbol": "NXST", "reportedCurrency": "USD", "cik": "0001142417", "fillingDate": "2022-02-28", "acceptedDate": "2022-02-28 10:24:15", "calendarYear": "2021", "period": "FY", "revenue": 4648371000, "costOfRevenue": 1849502000, "grossProfit": 2798869000, "grossProfitRatio": 0.6021182474, "researchAndDevelopmentExpenses": 0, "generalAndAdministrativeExpenses": 861315000, "sellingAndMarketingExpenses": 0, "sellingGeneralAndAdministrativeExpenses": 861315000, "otherExpenses": 764374000, "operatingExpenses": 1625689000, "costAndExpenses": 3475191000, "interestIncome": 4132000, "interestExpense": 282651000, "depreciationAndAmortization": 809852000, "ebitda": 1985245000, "ebitdaratio": 0.4270840258, "operatingIncome": 1175393000, "operatingIncomeRatio": 0.2528612712, "totalOtherIncomeExpensesNet": -82079000, "incomeBeforeTax": 1093314000, "incomeBeforeTaxRatio": 0.2352036875, "incomeTaxExpense": 262878000, "netIncome": 834000000, "netIncomeRatio": 0.1794176928, "eps": 19.81, "epsdiluted": 18.98, "weightedAverageShsOut": 42133000, "weightedAverageShsOutDil": 43982000, "link": "https://www.sec.gov/Archives/edgar/data/1142417/000095017022002187/0000950170-22-002187-index.htm", "finalLink": "https://www.sec.gov/Archives/edgar/data/1142417/000095017022002187/nxst-20211231.htm", "calculatedOtherExpenses": 762161000, "calculatedOperatingExpenses": 1623476000, "calculatedNetInterest": -278519000, "calculatedOtherIncome": 196440000, "calculatedIncomeNonControlling": -3564000, "calculatedEbitda": 1985245000}, {"date": "2020-12-31", "symbol": "NXST", "reportedCurrency": "USD", "cik": "0001142417", "fillingDate": "2021-03-01", "acceptedDate": "2021-03-01 13:16:47", "calendarYear": "2020", "period": "FY", "revenue": 4501269000, "costOfRevenue": 1708124000, "grossProfit": 2793145000, "grossProfitRatio": 0.6205239011, "researchAndDevelopmentExpenses": 0, "generalAndAdministrativeExpenses": 741493000, "sellingAndMarketingExpenses": 0, "sellingGeneralAndAdministrativeExpenses": 741493000, "otherExpenses": 747848000, "operatingExpenses": 1489341000, "costAndExpenses": 3197465000, "interestIncome": 335300000, "interestExpense": 335303000, "depreciationAndAmortization": 665777000, "ebitda": 2041173000, "ebitdaratio": 0.4534661226, "operatingIncome": 1375396000, "operatingIncomeRatio": 0.3055573884, "totalOtherIncomeExpensesNet": -270828000, "incomeBeforeTax": 1104568000, "incomeBeforeTaxRatio": 0.2453903555, "incomeTaxExpense": 296508000, "netIncome": 811500000, "netIncomeRatio": 0.1802824937, "eps": 18.06, "epsdiluted": 17.37, "weightedAverageShsOut": 44921000, "weightedAverageShsOutDil": 46720000, "link": "https://www.sec.gov/Archives/edgar/data/1142417/000156459021009747/0001564590-21-009747-index.htm", "finalLink": "https://www.sec.gov/Archives/edgar/data/1142417/000156459021009747/nxst-10k_20201231.htm", "calculatedOtherExpenses": 676256000, "calculatedOperatingExpenses": 1417749000, "calculatedNetInterest": -3000, "calculatedOtherIncome": -270825000, "calculatedIncomeNonControlling": -3440000, "calculatedEbitda": 2041173000}, {"date": "2019-12-31", "symbol": "NXST", "reportedCurrency": "USD", "cik": "0001142417", "fillingDate": "2020-03-02", "acceptedDate": "2020-03-02 15:52:15", "calendarYear": "2019", "period": "FY", "revenue": 3039324000, "costOfRevenue": 1331248000, "grossProfit": 1708076000, "grossProfitRatio": 0.5619920746, "researchAndDevelopmentExpenses": 0, "generalAndAdministrativeExpenses": 557817000, "sellingAndMarketingExpenses": 0, "sellingGeneralAndAdministrativeExpenses": 557817000, "otherExpenses": 598258000, "operatingExpenses": 1156075000, "costAndExpenses": 2487323000, "interestIncome": -6036000, "interestExpense": 304350000, "depreciationAndAmortization": 408777000, "ebitda": 1063908000, "ebitdaratio": 0.3500475764, "operatingIncome": 655131000, "operatingIncomeRatio": 0.2155515503, "totalOtherIncomeExpensesNet": -281810000, "incomeBeforeTax": 373321000, "incomeBeforeTaxRatio": 0.1228302741, "incomeTaxExpense": 137026000, "netIncome": 230259000, "netIncomeRatio": 0.0757599387, "eps": 5.01, "epsdiluted": 4.8, "weightedAverageShsOut": 45986000, "weightedAverageShsOutDil": 47923000, "link": "https://www.sec.gov/Archives/edgar/data/1142417/000156459020008129/0001564590-20-008129-index.htm", "finalLink": "https://www.sec.gov/Archives/edgar/data/1142417/000156459020008129/nxst-10k_20191231.htm", "calculatedOtherExpenses": 495128000, "calculatedOperatingExpenses": 1052945000, "calculatedNetInterest": -310386000, "calculatedOtherIncome": 28576000, "calculatedIncomeNonControlling": 6036000, "calculatedEbitda": 1063908000}, {"date": "2018-12-31", "symbol": "NXST", "reportedCurrency": "USD", "cik": "0001142417", "fillingDate": "2019-02-27", "acceptedDate": "2019-02-26 17:36:20", "calendarYear": "2018", "period": "FY", "revenue": 2766696000, "costOfRevenue": 1117917000, "grossProfit": 1648779000, "grossProfitRatio": 0.5959378985, "researchAndDevelopmentExpenses": 0, "generalAndAdministrativeExpenses": 469012000, "sellingAndMarketingExpenses": 0, "sellingGeneralAndAdministrativeExpenses": 469012000, "otherExpenses": 37661000, "operatingExpenses": 900470000, "costAndExpenses": 2018387000, "interestIncome": 0, "interestExpense": 220994000, "depreciationAndAmortization": 320537000, "ebitda": 1106507000, "ebitdaratio": 0.3999380488, "operatingIncome": 757779000, "operatingIncomeRatio": 0.2738931202, "totalOtherIncomeExpensesNet": 5630000, "incomeBeforeTax": 532945000, "incomeBeforeTaxRatio": 0.1926286806, "incomeTaxExpense": 144680000, "netIncome": 389477000, "netIncomeRatio": 0.1407733267, "eps": 8.52, "epsdiluted": 8.21, "weightedAverageShsOut": 45718000, "weightedAverageShsOutDil": 47412000, "link": "https://www.sec.gov/Archives/edgar/data/1142417/000156459019004527/0001564590-19-004527-index.htm", "finalLink": "https://www.sec.gov/Archives/edgar/data/1142417/000156459019004527/nxst-10k_20181231.htm", "calculatedOtherExpenses": 421988000, "calculatedOperatingExpenses": 891000000, "calculatedNetInterest": -220994000, "calculatedOtherIncome": -3840000, "calculatedIncomeNonControlling": -1212000, "calculatedEbitda": 1078316000}, {"date": "2017-12-31", "symbol": "NXST", "reportedCurrency": "USD", "cik": "0001142417", "fillingDate": "2018-03-01", "acceptedDate": "2018-02-28 20:37:54", "calendarYear": "2017", "period": "FY", "revenue": 2431966000, "costOfRevenue": 1035900000, "grossProfit": 1396066000, "grossProfitRatio": 0.5740483214, "researchAndDevelopmentExpenses": 0, "generalAndAdministrativeExpenses": 466712000, "sellingAndMarketingExpenses": 0, "sellingGeneralAndAdministrativeExpenses": 466712000, "otherExpenses": -1284000, "operatingExpenses": 915052000, "costAndExpenses": 1950952000, "interestIncome": 0, "interestExpense": 241195000, "depreciationAndAmortization": 323066000, "ebitda": 802796000, "ebitdaratio": 0.3301016544, "operatingIncome": 518745000, "operatingIncomeRatio": 0.2133027353, "totalOtherIncomeExpensesNet": 1565000, "incomeBeforeTax": 241384000, "incomeBeforeTaxRatio": 0.0992546771, "incomeTaxExpense": -233943000, "netIncome": 474997000, "netIncomeRatio": 0.195313997, "eps": 10.38, "epsdiluted": 10.07, "weightedAverageShsOut": 45754000, "weightedAverageShsOutDil": 45754000, "link": "https://www.sec.gov/Archives/edgar/data/1142417/000156459018003921/0001564590-18-003921-index.htm", "finalLink": "https://www.sec.gov/Archives/edgar/data/1142417/000156459018003921/nxst-10k_20171231.htm", "calculatedOtherExpenses": 410609000, "calculatedOperatingExpenses": 877321000, "calculatedNetInterest": -241195000, "calculatedOtherIncome": -36166000, "calculatedIncomeNonControlling": 330000, "calculatedEbitda": 841811000}, {"date": "2016-12-31", "symbol": "NXST", "reportedCurrency": "USD", "cik": "0001142417", "fillingDate": "2017-02-28", "acceptedDate": "2017-02-28 17:30:29", "calendarYear": "2016", "period": "FY", "revenue": 1103190000, "costOfRevenue": 416681000, "grossProfit": 686509000, "grossProfitRatio": 0.622294437, "researchAndDevelopmentExpenses": 0, "generalAndAdministrativeExpenses": 212429000, "sellingAndMarketingExpenses": 0, "sellingGeneralAndAdministrativeExpenses": 212429000, "otherExpenses": -555000, "operatingExpenses": 383939000, "costAndExpenses": 800620000, "interestIncome": 1082000, "interestExpense": 116081000, "depreciationAndAmortization": 120333000, "ebitda": 422348000, "ebitdaratio": 0.3828424841, "operatingIncome": 287308000, "operatingIncomeRatio": 0.2604338328, "totalOtherIncomeExpensesNet": -15817000, "incomeBeforeTax": 170672000, "incomeBeforeTaxRatio": 0.1547077113, "incomeTaxExpense": 77572000, "netIncome": 91537000, "netIncomeRatio": 0.0829748275, "eps": 2.98, "epsdiluted": 2.89, "weightedAverageShsOut": 30687000, "weightedAverageShsOutDil": 31664000, "link": "https://www.sec.gov/Archives/edgar/data/1142417/000156459017002905/0001564590-17-002905-index.htm", "finalLink": "https://www.sec.gov/Archives/edgar/data/1142417/000156459017002905/nxst-10k_20161231.htm", "calculatedOtherExpenses": 186772000, "calculatedOperatingExpenses": 399201000, "calculatedNetInterest": -114999000, "calculatedOtherIncome": -1637000, "calculatedIncomeNonControlling": 1563000, "calculatedEbitda": 407641000}, {"date": "2015-12-31", "symbol": "NXST", "reportedCurrency": "USD", "cik": "0001142417", "fillingDate": "2016-02-29", "acceptedDate": "2016-02-26 22:00:42", "calendarYear": "2015", "period": "FY", "revenue": 896377000, "costOfRevenue": 339939000, "grossProfit": 556438000, "grossProfitRatio": 0.6207633618, "researchAndDevelopmentExpenses": 0, "generalAndAdministrativeExpenses": 187624000, "sellingAndMarketingExpenses": 0, "sellingGeneralAndAdministrativeExpenses": 187624000, "otherExpenses": -517000, "operatingExpenses": 350331000, "costAndExpenses": 690270000, "interestIncome": 0, "interestExpense": 80520000, "depreciationAndAmortization": 117851000, "ebitda": 323441000, "ebitdaratio": 0.3608314359, "operatingIncome": 206107000, "operatingIncomeRatio": 0.2299333874, "totalOtherIncomeExpensesNet": -517000, "incomeBeforeTax": 125070000, "incomeBeforeTaxRatio": 0.1395283458, "incomeTaxExpense": 48687000, "netIncome": 77684000, "netIncomeRatio": 0.086664428, "eps": 2.5, "epsdiluted": 2.42, "weightedAverageShsOut": 31100000, "weightedAverageShsOutDil": 32091000, "link": "https://www.sec.gov/Archives/edgar/data/1142417/000156459016013630/0001564590-16-013630-index.htm", "finalLink": "https://www.sec.gov/Archives/edgar/data/1142417/000156459016013630/nxst-10k_20151231.htm", "calculatedOtherExpenses": 162707000, "calculatedOperatingExpenses": 350331000, "calculatedNetInterest": -80520000, "calculatedOtherIncome": -517000, "calculatedIncomeNonControlling": -1301000, "calculatedEbitda": 323958000}, {"date": "2014-12-31", "symbol": "NXST", "reportedCurrency": "USD", "cik": "0001142417", "fillingDate": "2015-03-02", "acceptedDate": "2015-02-27 21:48:22", "calendarYear": "2014", "period": "FY", "revenue": 631311000, "costOfRevenue": 210150000, "grossProfit": 421161000, "grossProfitRatio": 0.6671212762, "researchAndDevelopmentExpenses": 0, "generalAndAdministrativeExpenses": 139581000, "sellingAndMarketingExpenses": 0, "sellingGeneralAndAdministrativeExpenses": 139581000, "otherExpenses": -556000, "operatingExpenses": 247286000, "costAndExpenses": 457436000, "interestIncome": 0, "interestExpense": 61959000, "depreciationAndAmortization": 72531000, "ebitda": 245850000, "ebitdaratio": 0.3894277147, "operatingIncome": 173237000, "operatingIncomeRatio": 0.2744083344, "totalOtherIncomeExpensesNet": -1265000, "incomeBeforeTax": 110651000, "incomeBeforeTaxRatio": 0.1752717757, "incomeTaxExpense": 46101000, "netIncome": 64550000, "netIncomeRatio": 0.1022475452, "eps": 2.1, "epsdiluted": 2.02, "weightedAverageShsOut": 30774000, "weightedAverageShsOutDil": 32003000, "link": "https://www.sec.gov/Archives/edgar/data/1142417/000156459015001137/0001564590-15-001137-index.htm", "finalLink": "https://www.sec.gov/Archives/edgar/data/1142417/000156459015001137/nxst-10k_20141231.htm", "calculatedOtherExpenses": 108343000, "calculatedOperatingExpenses": 247924000, "calculatedNetInterest": -61959000, "calculatedOtherIncome": -627000, "calculatedIncomeNonControlling": 0, "calculatedEbitda": 245768000}, {"date": "2013-12-31", "symbol": "NXST", "reportedCurrency": "USD", "cik": "0001142417", "fillingDate": "2014-03-03", "acceptedDate": "2014-03-03 10:15:38", "calendarYear": "2013", "period": "FY", "revenue": 502330000, "costOfRevenue": 170537000, "grossProfit": 331793000, "grossProfitRatio": 0.6605080326, "researchAndDevelopmentExpenses": 0, "generalAndAdministrativeExpenses": 124594000, "sellingAndMarketingExpenses": 30730000, "sellingGeneralAndAdministrativeExpenses": 124594000, "otherExpenses": -1459000, "operatingExpenses": 227272000, "costAndExpenses": 397809000, "interestIncome": 0, "interestExpense": 66243000, "depreciationAndAmortization": 76339000, "ebitda": 179401000, "ebitdaratio": 0.3571377381, "operatingIncome": 103241000, "operatingIncomeRatio": 0.205524257, "totalOtherIncomeExpensesNet": -37463000, "incomeBeforeTax": 815000, "incomeBeforeTaxRatio": 0.0016224394, "incomeTaxExpense": 2600000, "netIncome": -1785000, "netIncomeRatio": -0.003553441, "eps": -0.06, "epsdiluted": -0.0597, "weightedAverageShsOut": 29750000, "weightedAverageShsOutDil": 29897000, "link": "https://www.sec.gov/Archives/edgar/data/1142417/000114241714000012/0001142417-14-000012-index.htm", "finalLink": "https://www.sec.gov/Archives/edgar/data/1142417/000114241714000012/form10k.htm", "calculatedOtherExpenses": 103958000, "calculatedOperatingExpenses": 228552000, "calculatedNetInterest": -66243000, "calculatedOtherIncome": -36183000, "calculatedIncomeNonControlling": 0, "calculatedEbitda": 179580000}, {"date": "2012-12-31", "symbol": "NXST", "reportedCurrency": "USD", "cik": "0001142417", "fillingDate": "2013-03-15", "acceptedDate": "2013-03-15 10:15:54", "calendarYear": "2012", "period": "FY", "revenue": 378632000, "costOfRevenue": 105584000, "grossProfit": 273048000, "grossProfitRatio": 0.721143485, "researchAndDevelopmentExpenses": 0, "generalAndAdministrativeExpenses": 92899000, "sellingAndMarketingExpenses": 20841000, "sellingGeneralAndAdministrativeExpenses": 92899000, "otherExpenses": 68960000, "operatingExpenses": 172675000, "costAndExpenses": 278259000, "interestIncome": 0, "interestExpense": 51559000, "depreciationAndAmortization": 55140000, "ebitda": 155513000, "ebitdaratio": 0.4107233409, "operatingIncome": 99905000, "operatingIncomeRatio": 0.2638577828, "totalOtherIncomeExpensesNet": -3740000, "incomeBeforeTax": 45074000, "incomeBeforeTaxRatio": 0.1190443491, "incomeTaxExpense": -132279000, "netIncome": 182492000, "netIncomeRatio": 0.4819772233, "eps": 6.31, "epsdiluted": 5.94, "weightedAverageShsOut": 28940000, "weightedAverageShsOutDil": 30732000, "link": "https://www.sec.gov/Archives/edgar/data/1142417/000114241713000006/0001142417-13-000006-index.htm", "finalLink": "https://www.sec.gov/Archives/edgar/data/1142417/000114241713000006/nxst201210k.htm", "calculatedOtherExpenses": 80244000, "calculatedOperatingExpenses": 173143000, "calculatedNetInterest": -51559000, "calculatedOtherIncome": -3272000, "calculatedIncomeNonControlling": -5139000, "calculatedEbitda": 155045000}, {"date": "2011-12-31", "symbol": "NXST", "reportedCurrency": "USD", "cik": "0001142417", "fillingDate": "2012-03-15", "acceptedDate": "2012-03-15 17:27:03", "calendarYear": "2011", "period": "FY", "revenue": 306491000, "costOfRevenue": 81657000, "grossProfit": 224834000, "grossProfitRatio": 0.7335745585, "researchAndDevelopmentExpenses": 0, "generalAndAdministrativeExpenses": 105167000, "sellingAndMarketingExpenses": 0, "sellingGeneralAndAdministrativeExpenses": 105167000, "otherExpenses": 71213000, "operatingExpenses": 176380000, "costAndExpenses": 258037000, "interestIncome": 0, "interestExpense": 0, "depreciationAndAmortization": 47824000, "ebitda": 121283000, "ebitdaratio": 0.3957147192, "operatingIncome": 47993000, "operatingIncomeRatio": 0.1565886111, "totalOtherIncomeExpensesNet": -1616000, "incomeBeforeTax": -6166000, "incomeBeforeTaxRatio": -0.0201180459, "incomeTaxExpense": 5725000, "netIncome": -11891000, "netIncomeRatio": -0.0387972241, "eps": -0.42, "epsdiluted": -0.42, "weightedAverageShsOut": 28626000, "weightedAverageShsOutDil": 28626000, "link": "https://www.sec.gov/Archives/edgar/data/1142417/000114241712000010/0001142417-12-000010-index.htm", "finalLink": "https://www.sec.gov/Archives/edgar/data/1142417/000114241712000010/nxst201110k.htm", "calculatedOtherExpenses": 71674000, "calculatedOperatingExpenses": 176841000, "calculatedNetInterest": 0, "calculatedOtherIncome": -54159000, "calculatedIncomeNonControlling": 0, "calculatedEbitda": 95817000}, {"date": "2010-12-31", "symbol": "NXST", "reportedCurrency": "USD", "cik": "0001142417", "fillingDate": "2011-03-16", "acceptedDate": "2011-03-16 08:26:39", "calendarYear": "2010", "period": "FY", "revenue": 313350000, "costOfRevenue": 78322000, "grossProfit": 235028000, "grossProfitRatio": 0.7500494655, "researchAndDevelopmentExpenses": 0, "generalAndAdministrativeExpenses": 100891000, "sellingAndMarketingExpenses": 0, "sellingGeneralAndAdministrativeExpenses": 100891000, "otherExpenses": 66589000, "operatingExpenses": 167480000, "costAndExpenses": 245802000, "interestIncome": 7000, "interestExpense": 54273000, "depreciationAndAmortization": 54371000, "ebitda": 133880000, "ebitdaratio": 0.4272538695, "operatingIncome": 67548000, "operatingIncomeRatio": 0.2155672571, "totalOtherIncomeExpensesNet": -8356000, "incomeBeforeTax": 4926000, "incomeBeforeTaxRatio": 0.0157204404, "incomeTaxExpense": 6741000, "netIncome": -1815000, "netIncomeRatio": -0.0057922451, "eps": -0.0638, "epsdiluted": -0.0638, "weightedAverageShsOut": 28434000, "weightedAverageShsOutDil": 28434000, "link": "https://www.sec.gov/Archives/edgar/data/1142417/000114241711000018/0001142417-11-000018-index.htm", "finalLink": "https://www.sec.gov/Archives/edgar/data/1142417/000114241711000018/nxst201110k.htm", "calculatedOtherExpenses": 66589000, "calculatedOperatingExpenses": 167480000, "calculatedNetInterest": -54266000, "calculatedOtherIncome": -8356000, "calculatedIncomeNonControlling": 0, "calculatedEbitda": 121919000}, {"date": "2009-12-31", "symbol": "NXST", "reportedCurrency": "USD", "cik": "0001142417", "fillingDate": "2010-03-15", "acceptedDate": "2010-03-15 17:00:15", "calendarYear": "2009", "period": "FY", "revenue": 251979000, "costOfRevenue": 70549000, "grossProfit": 181430000, "grossProfitRatio": 0.7200203192, "researchAndDevelopmentExpenses": 0, "generalAndAdministrativeExpenses": 89525000, "sellingAndMarketingExpenses": 18699000, "sellingGeneralAndAdministrativeExpenses": 108224000, "otherExpenses": 68088000, "operatingExpenses": 156204000, "costAndExpenses": 226753000, "interestIncome": 54000, "interestExpense": 39236000, "depreciationAndAmortization": 58633000, "ebitda": 83913000, "ebitdaratio": 0.3330158466, "operatingIncome": 8201000, "operatingIncomeRatio": 0.032546363, "totalOtherIncomeExpensesNet": 1542000, "incomeBeforeTax": -12414000, "incomeBeforeTaxRatio": -0.0492660103, "incomeTaxExpense": 200000, "netIncome": -12614000, "netIncomeRatio": -0.0500597272, "eps": -0.44, "epsdiluted": -0.44, "weightedAverageShsOut": 28427000, "weightedAverageShsOutDil": 28427000, "link": "https://www.sec.gov/Archives/edgar/data/1142417/000114241710000007/0001142417-10-000007-index.htm", "finalLink": "https://www.sec.gov/Archives/edgar/data/1142417/000114241710000007/nxst200910k.htm", "calculatedOtherExpenses": 65005000, "calculatedOperatingExpenses": 173229000, "calculatedNetInterest": -39182000, "calculatedOtherIncome": 18567000, "calculatedIncomeNonControlling": 0, "calculatedEbitda": 66834000}, {"date": "2008-12-31", "symbol": "NXST", "reportedCurrency": "USD", "cik": "0001142417", "fillingDate": "2009-03-31", "acceptedDate": "2009-03-30 21:56:09", "calendarYear": "2008", "period": "FY", "revenue": 284919000, "costOfRevenue": 78287000, "grossProfit": 206632000, "grossProfitRatio": 0.7252306796, "researchAndDevelopmentExpenses": 0, "generalAndAdministrativeExpenses": 90468000, "sellingAndMarketingExpenses": 0, "sellingGeneralAndAdministrativeExpenses": 90468000, "otherExpenses": 64757000, "operatingExpenses": 155225000, "costAndExpenses": 233512000, "interestIncome": 715000, "interestExpense": 48832000, "depreciationAndAmortization": 57871000, "ebitda": 121698000, "ebitdaratio": 0.4271319217, "operatingIncome": -38155000, "operatingIncomeRatio": -0.1339152531, "totalOtherIncomeExpensesNet": -86665000, "incomeBeforeTax": -83375000, "incomeBeforeTaxRatio": -0.2926270273, "incomeTaxExpense": -5316000, "netIncome": -78059000, "netIncomeRatio": -0.273969093, "eps": -2.75, "epsdiluted": -2.75, "weightedAverageShsOut": 28423000, "weightedAverageShsOutDil": 28423000, "link": "https://www.sec.gov/Archives/edgar/data/1142417/000119312509068206/0001193125-09-068206-index.htm", "finalLink": "https://www.sec.gov/Archives/edgar/data/1142417/000119312509068206/d10k.htm", "calculatedOtherExpenses": 154319000, "calculatedOperatingExpenses": 244787000, "calculatedNetInterest": -48117000, "calculatedOtherIncome": 2897000, "calculatedIncomeNonControlling": 0, "calculatedEbitda": 19716000}, {"date": "2007-12-31", "symbol": "NXST", "reportedCurrency": "USD", "cik": "0001142417", "fillingDate": "2008-03-11", "acceptedDate": "2008-03-11 12:16:39", "calendarYear": "2007", "period": "FY", "revenue": 266801000, "costOfRevenue": 74128000, "grossProfit": 192673000, "grossProfitRatio": 0.7221599619, "researchAndDevelopmentExpenses": 0, "generalAndAdministrativeExpenses": 86773000, "sellingAndMarketingExpenses": 0, "sellingGeneralAndAdministrativeExpenses": 86773000, "otherExpenses": 65358000, "operatingExpenses": 152131000, "costAndExpenses": 226259000, "interestIncome": 113000, "interestExpense": 55040000, "depreciationAndAmortization": 69523000, "ebitda": 108086000, "ebitdaratio": 0.4051184216, "operatingIncome": 40542000, "operatingIncomeRatio": 0.1519559522, "totalOtherIncomeExpensesNet": 1979000, "incomeBeforeTax": -13966000, "incomeBeforeTaxRatio": -0.0523461306, "incomeTaxExpense": 5807000, "netIncome": -19773000, "netIncomeRatio": -0.0741114164, "eps": -0.7, "epsdiluted": -0.7, "weightedAverageShsOut": 28401000, "weightedAverageShsOutDil": 28401000, "link": "https://www.sec.gov/Archives/edgar/data/1142417/000119312508052568/0001193125-08-052568-index.htm", "finalLink": "https://www.sec.gov/Archives/edgar/data/1142417/000119312508052568/d10k.htm", "calculatedOtherExpenses": 65358000, "calculatedOperatingExpenses": 152131000, "calculatedNetInterest": -54927000, "calculatedOtherIncome": 419000, "calculatedIncomeNonControlling": 0, "calculatedEbitda": 110065000}, {"date": "2006-12-31", "symbol": "NXST", "reportedCurrency": "USD", "cik": "0001142417", "fillingDate": "2007-03-14", "acceptedDate": "2007-03-14 17:08:50", "calendarYear": "2006", "period": "FY", "revenue": 265169000, "costOfRevenue": 71465000, "grossProfit": 193704000, "grossProfitRatio": 0.7304926292, "researchAndDevelopmentExpenses": 0, "generalAndAdministrativeExpenses": 85293000, "sellingAndMarketingExpenses": 0, "sellingGeneralAndAdministrativeExpenses": 85293000, "otherExpenses": 62561000, "operatingExpenses": 147854000, "costAndExpenses": 219319000, "interestIncome": 606000, "interestExpense": 51783000, "depreciationAndAmortization": 63841000, "ebitda": 110330000, "ebitdaratio": 0.4160742772, "operatingIncome": 45850000, "operatingIncomeRatio": 0.1729085979, "totalOtherIncomeExpensesNet": -639000, "incomeBeforeTax": -5173000, "incomeBeforeTaxRatio": -0.0195083136, "incomeTaxExpense": 3819000, "netIncome": -8992000, "netIncomeRatio": -0.0339104496, "eps": -0.32, "epsdiluted": -0.32, "weightedAverageShsOut": 28376000, "weightedAverageShsOutDil": 28376000, "link": "https://www.sec.gov/Archives/edgar/data/1142417/000119312507054642/0001193125-07-054642-index.htm", "finalLink": "https://www.sec.gov/Archives/edgar/data/1142417/000119312507054642/d10k.htm", "calculatedOtherExpenses": 62561000, "calculatedOperatingExpenses": 147854000, "calculatedNetInterest": -51177000, "calculatedOtherIncome": 154000, "calculatedIncomeNonControlling": 0, "calculatedEbitda": 109691000}, {"date": "2005-12-31", "symbol": "NXST", "reportedCurrency": "USD", "cik": "0001142417", "fillingDate": "2006-03-16", "acceptedDate": "2006-03-15 18:46:11", "calendarYear": "2005", "period": "FY", "revenue": 226053000, "costOfRevenue": 68117000, "grossProfit": 157936000, "grossProfitRatio": 0.6986680115, "researchAndDevelopmentExpenses": 0, "generalAndAdministrativeExpenses": 72977000, "sellingAndMarketingExpenses": 0, "sellingGeneralAndAdministrativeExpenses": 72977000, "otherExpenses": 66349000, "operatingExpenses": 139326000, "costAndExpenses": 207443000, "interestIncome": 606000, "interestExpense": 47260000, "depreciationAndAmortization": 65402000, "ebitda": 100294000, "ebitdaratio": 0.4436747135, "operatingIncome": 18610000, "operatingIncomeRatio": 0.0823258262, "totalOtherIncomeExpensesNet": -16183000, "incomeBeforeTax": -43772000, "incomeBeforeTaxRatio": -0.1936360057, "incomeTaxExpense": 4958000, "netIncome": -48730000, "netIncomeRatio": -0.2155689153, "eps": -1.72, "epsdiluted": -1.72, "weightedAverageShsOut": 28363000, "weightedAverageShsOutDil": 28363000, "link": "https://www.sec.gov/Archives/edgar/data/1142417/000119312506055276/0001193125-06-055276-index.htm", "finalLink": "https://www.sec.gov/Archives/edgar/data/1142417/000119312506055276/d10k.htm", "calculatedOtherExpenses": 66349000, "calculatedOperatingExpenses": 139326000, "calculatedNetInterest": -46654000, "calculatedOtherIncome": -15728000, "calculatedIncomeNonControlling": 0, "calculatedEbitda": 84012000}, {"date": "2004-12-31", "symbol": "NXST", "reportedCurrency": "USD", "cik": "0001142417", "fillingDate": "2005-03-15", "acceptedDate": "2005-03-15 17:00:50", "calendarYear": "2004", "period": "FY", "revenue": 245740000, "costOfRevenue": 66044000, "grossProfit": 179696000, "grossProfitRatio": 0.7312444047, "researchAndDevelopmentExpenses": 0, "generalAndAdministrativeExpenses": 72319000, "sellingAndMarketingExpenses": 0, "sellingGeneralAndAdministrativeExpenses": 72319000, "otherExpenses": 69217000, "operatingExpenses": 141536000, "costAndExpenses": 207580000, "interestIncome": 113000, "interestExpense": 52265000, "depreciationAndAmortization": 71286000, "ebitda": 113675000, "ebitdaratio": 0.4625824042, "operatingIncome": 37704000, "operatingIncomeRatio": 0.153430455, "totalOtherIncomeExpensesNet": -4229000, "incomeBeforeTax": -18221000, "incomeBeforeTaxRatio": -0.0741474729, "incomeTaxExpense": 4385000, "netIncome": -20500000, "netIncomeRatio": -0.0834215024, "eps": -0.72, "epsdiluted": -0.72, "weightedAverageShsOut": 28363000, "weightedAverageShsOutDil": 28363000, "link": "https://www.sec.gov/Archives/edgar/data/1142417/000119312505051192/0001193125-05-051192-index.htm", "finalLink": "https://www.sec.gov/Archives/edgar/data/1142417/000119312505051192/d10k.htm", "calculatedOtherExpenses": 69673000, "calculatedOperatingExpenses": 141992000, "calculatedNetInterest": -52152000, "calculatedOtherIncome": -3773000, "calculatedIncomeNonControlling": -2106000, "calculatedEbitda": 108990000}, {"date": "2003-12-31", "symbol": "NXST", "reportedCurrency": "USD", "cik": "0001142417", "fillingDate": "2004-03-31", "acceptedDate": "2004-03-31 10:40:44", "calendarYear": "2003", "period": "FY", "revenue": 214332000, "costOfRevenue": 60808000, "grossProfit": 153524000, "grossProfitRatio": 0.7162906146, "researchAndDevelopmentExpenses": 0, "generalAndAdministrativeExpenses": 0, "sellingAndMarketingExpenses": 0, "sellingGeneralAndAdministrativeExpenses": 74439000, "otherExpenses": 71295000, "operatingExpenses": 145734000, "costAndExpenses": 206542000, "interestIncome": 606000, "interestExpense": 68342000, "depreciationAndAmortization": 82187000, "ebitda": 108638000, "ebitdaratio": 0.5068678499, "operatingIncome": -3964000, "operatingIncomeRatio": -0.0184946718, "totalOtherIncomeExpensesNet": -18661000, "incomeBeforeTax": -78607000, "incomeBeforeTaxRatio": -0.3667534479, "incomeTaxExpense": -14920000, "netIncome": -71799000, "netIncomeRatio": -0.3349896422, "eps": -4.61, "epsdiluted": -4.61, "weightedAverageShsOut": 15576000, "weightedAverageShsOutDil": 15576000, "link": "https://www.sec.gov/Archives/edgar/data/1142417/000119312504054578/0001193125-04-054578-index.htm", "finalLink": "https://www.sec.gov/Archives/edgar/data/1142417/000119312504054578/d10k.htm", "calculatedOtherExpenses": 83049000, "calculatedOperatingExpenses": 157488000, "calculatedNetInterest": -67736000, "calculatedOtherIncome": -6907000, "calculatedIncomeNonControlling": 8112000, "calculatedEbitda": 78223000}, {"date": "2002-12-31", "symbol": "NXST", "reportedCurrency": "USD", "cik": "0001142417", "fillingDate": "2002-12-31", "acceptedDate": "2002-12-30 19:00:00", "calendarYear": "2002", "period": "FY", "revenue": 133839000, "costOfRevenue": 35147000, "grossProfit": 98692000, "grossProfitRatio": 0.7373934354, "researchAndDevelopmentExpenses": 0, "generalAndAdministrativeExpenses": 0, "sellingAndMarketingExpenses": 0, "sellingGeneralAndAdministrativeExpenses": 35821000, "otherExpenses": 41433000, "operatingExpenses": 77254000, "costAndExpenses": 112401000, "interestIncome": 0, "interestExpense": 38941000, "depreciationAndAmortization": 41709000, "ebitda": 65503000, "ebitdaratio": 0.4894163883, "operatingIncome": 21438000, "operatingIncomeRatio": 0.1601775267, "totalOtherIncomeExpensesNet": -2356000, "incomeBeforeTax": -19707000, "incomeBeforeTaxRatio": -0.1472440768, "incomeTaxExpense": 5178000, "netIncome": -52304000, "netIncomeRatio": -0.390797899, "eps": -8.41, "epsdiluted": -8.41, "weightedAverageShsOut": 6216000, "weightedAverageShsOutDil": 6216000, "link": "", "finalLink": "", "calculatedOtherExpenses": 41433000, "calculatedOperatingExpenses": 77254000, "calculatedNetInterest": -38941000, "calculatedOtherIncome": -2204000, "calculatedIncomeNonControlling": 27419000, "calculatedEbitda": 63147000}, {"date": "2001-12-31", "symbol": "NXST", "reportedCurrency": "USD", "cik": "0001142417", "fillingDate": "2001-12-31", "acceptedDate": "2001-12-30 19:00:00", "calendarYear": "2001", "period": "FY", "revenue": 176719000, "costOfRevenue": 46877000, "grossProfit": 129842000, "grossProfitRatio": 0.7347370685, "researchAndDevelopmentExpenses": 0, "generalAndAdministrativeExpenses": 0, "sellingAndMarketingExpenses": 0, "sellingGeneralAndAdministrativeExpenses": 52897000, "otherExpenses": 88141000, "operatingExpenses": 141038000, "costAndExpenses": 187915000, "interestIncome": 0, "interestExpense": 62091000, "depreciationAndAmortization": 2829000, "ebitda": -8367000, "ebitdaratio": -0.0473463521, "operatingIncome": -11196000, "operatingIncomeRatio": -0.0633548175, "totalOtherIncomeExpensesNet": -2829000, "incomeBeforeTax": -77621000, "incomeBeforeTaxRatio": -0.4392340382, "incomeTaxExpense": -670000, "netIncome": -79374000, "netIncomeRatio": -0.4491537413, "eps": -15.58, "epsdiluted": -15.58, "weightedAverageShsOut": 5094000, "weightedAverageShsOutDil": 5094000, "link": "", "finalLink": "", "calculatedOtherExpenses": 88141000, "calculatedOperatingExpenses": 141038000, "calculatedNetInterest": -62091000, "calculatedOtherIncome": -4334000, "calculatedIncomeNonControlling": 2423000, "calculatedEbitda": -8367000}, {"date": "2000-12-31", "symbol": "NXST", "reportedCurrency": "USD", "cik": "0001142417", "fillingDate": "2000-12-31", "acceptedDate": "2000-12-30 19:00:00", "calendarYear": "2000", "period": "FY", "revenue": 192615000, "costOfRevenue": 43310000, "grossProfit": 149305000, "grossProfitRatio": 0.7751473146, "researchAndDevelopmentExpenses": 0, "generalAndAdministrativeExpenses": 0, "sellingAndMarketingExpenses": 0, "sellingGeneralAndAdministrativeExpenses": 54215000, "otherExpenses": 121693000, "operatingExpenses": 175908000, "costAndExpenses": 219218000, "interestIncome": 0, "interestExpense": 42861000, "depreciationAndAmortization": -43177000, "ebitda": -26470000, "ebitdaratio": -0.1374243958, "operatingIncome": 16707000, "operatingIncomeRatio": 0.086737793, "totalOtherIncomeExpensesNet": -133000, "incomeBeforeTax": -30486000, "incomeBeforeTaxRatio": -0.1582742777, "incomeTaxExpense": 2041000, "netIncome": -32527000, "netIncomeRatio": -0.1688705449, "eps": -2.25, "epsdiluted": -2.25, "weightedAverageShsOut": 14432000, "weightedAverageShsOutDil": 14432000, "link": "", "finalLink": "", "calculatedOtherExpenses": 78383000, "calculatedOperatingExpenses": 132598000, "calculatedNetInterest": -42861000, "calculatedOtherIncome": -4332000, "calculatedIncomeNonControlling": 0, "calculatedEbitda": -26470000}, {"date": "1999-12-31", "symbol": "NXST", "reportedCurrency": "USD", "cik": "0001142417", "fillingDate": "1999-12-31", "acceptedDate": "1999-12-30 19:00:00", "calendarYear": "1999", "period": "FY", "revenue": 157452000, "costOfRevenue": 38287000, "grossProfit": 119165000, "grossProfitRatio": 0.7568338287, "researchAndDevelopmentExpenses": 0, "generalAndAdministrativeExpenses": 0, "sellingAndMarketingExpenses": 0, "sellingGeneralAndAdministrativeExpenses": 47598000, "otherExpenses": 114191000, "operatingExpenses": 161789000, "costAndExpenses": 200076000, "interestIncome": 0, "interestExpense": 0, "depreciationAndAmortization": -38038000, "ebitda": -42375000, "ebitdaratio": -0.2691296395, "operatingIncome": -4337000, "operatingIncomeRatio": -0.0275449026, "totalOtherIncomeExpensesNet": -249000, "incomeBeforeTax": -45873000, "incomeBeforeTaxRatio": -0.291345934, "incomeTaxExpense": 1764000, "netIncome": -47637000, "netIncomeRatio": -0.3025493484, "eps": -3.3, "epsdiluted": -3.3, "weightedAverageShsOut": 14432000, "weightedAverageShsOutDil": 14432000, "link": "", "finalLink": "", "calculatedOtherExpenses": 75904000, "calculatedOperatingExpenses": 123502000, "calculatedNetInterest": 0, "calculatedOtherIncome": -41536000, "calculatedIncomeNonControlling": 0, "calculatedEbitda": -42375000}]}