{"originalCurrency": "USD", "convertedCurrency": "USD", "report": [{"date": "2023-12-31", "symbol": "NYCB", "reportedCurrency": "USD", "cik": "0000910073", "fillingDate": "2024-03-14", "acceptedDate": "2024-03-14 10:00:42", "calendarYear": "2023", "period": "FY", "revenue": 5491000000, "costOfRevenue": 1149000000, "grossProfit": 4342000000, "grossProfitRatio": 0.7907484975, "researchAndDevelopmentExpenses": 0, "generalAndAdministrativeExpenses": 750000000, "sellingAndMarketingExpenses": 399000000, "sellingGeneralAndAdministrativeExpenses": 1149000000, "otherExpenses": 2088000000, "operatingExpenses": 2088000000, "costAndExpenses": 3237000000, "interestIncome": 2706000000, "interestExpense": 2414000000, "depreciationAndAmortization": 126000000, "ebitda": 2254000000, "ebitdaratio": 0.4104898926, "operatingIncome": 2254000000, "operatingIncomeRatio": 0.4104898926, "totalOtherIncomeExpensesNet": 152000000, "incomeBeforeTax": 2406000000, "incomeBeforeTaxRatio": 0.4381715535, "incomeTaxExpense": 32000000, "netIncome": 2374000000, "netIncomeRatio": 0.4323438354, "eps": 3.33, "epsdiluted": 3.33, "weightedAverageShsOut": 713643550, "weightedAverageShsOutDil": 713643550, "link": "https://www.sec.gov/Archives/edgar/data/910073/000091007324000077/0000910073-24-000077-index.htm", "finalLink": "https://www.sec.gov/Archives/edgar/data/910073/000091007324000077/fbc-20231231.htm", "calculatedOtherExpenses": 939000000, "calculatedOperatingExpenses": 2088000000, "calculatedNetInterest": 292000000, "calculatedOtherIncome": -140000000, "calculatedIncomeNonControlling": 0, "calculatedEbitda": 2380000000}, {"date": "2022-12-31", "symbol": "NYCB", "reportedCurrency": "USD", "cik": "0000910073", "fillingDate": "2023-03-01", "acceptedDate": "2023-03-01 16:03:35", "calendarYear": "2022", "period": "FY", "revenue": 1484000000, "costOfRevenue": 446000000, "grossProfit": 1038000000, "grossProfitRatio": 0.6994609164, "researchAndDevelopmentExpenses": 0, "generalAndAdministrativeExpenses": 354000000, "sellingAndMarketingExpenses": 0, "sellingGeneralAndAdministrativeExpenses": 354000000, "otherExpenses": 446000000, "operatingExpenses": 604000000, "costAndExpenses": 604000000, "interestIncome": 2092000000, "interestExpense": 696000000, "depreciationAndAmortization": 5000000, "ebitda": 1512000000, "ebitdaratio": 1.0188679245, "operatingIncome": 1507000000, "operatingIncomeRatio": 1.0154986523, "totalOtherIncomeExpensesNet": -681000000, "incomeBeforeTax": 826000000, "incomeBeforeTaxRatio": 0.5566037736, "incomeTaxExpense": 176000000, "netIncome": 650000000, "netIncomeRatio": 0.4380053908, "eps": 1.26, "epsdiluted": 1.26, "weightedAverageShsOut": 483603395, "weightedAverageShsOutDil": 485134345, "link": "https://www.sec.gov/Archives/edgar/data/910073/000095017023005505/0000950170-23-005505-index.htm", "finalLink": "https://www.sec.gov/Archives/edgar/data/910073/000095017023005505/nycb-20221231.htm", "calculatedOtherExpenses": -823000000, "calculatedOperatingExpenses": -469000000, "calculatedNetInterest": 1396000000, "calculatedOtherIncome": -2077000000, "calculatedIncomeNonControlling": 0, "calculatedEbitda": 1512000000}, {"date": "2021-12-31", "symbol": "NYCB", "reportedCurrency": "USD", "cik": "0000910073", "fillingDate": "2022-02-25", "acceptedDate": "2022-02-25 17:19:08", "calendarYear": "2021", "period": "FY", "revenue": 1350000000, "costOfRevenue": 391000000, "grossProfit": 959000000, "grossProfitRatio": 0.7103703704, "researchAndDevelopmentExpenses": 0, "generalAndAdministrativeExpenses": 430000000, "sellingAndMarketingExpenses": 0, "sellingGeneralAndAdministrativeExpenses": 430000000, "otherExpenses": -974000000, "operatingExpenses": -544000000, "costAndExpenses": -544000000, "interestIncome": 1689000000, "interestExpense": 400000000, "depreciationAndAmortization": 21000000, "ebitda": 827000000, "ebitdaratio": 0.6125925926, "operatingIncome": 806000000, "operatingIncomeRatio": 0.597037037, "totalOtherIncomeExpensesNet": -365000000, "incomeBeforeTax": 806000000, "incomeBeforeTaxRatio": 0.597037037, "incomeTaxExpense": 210000000, "netIncome": 596000000, "netIncomeRatio": 0.4414814815, "eps": 1.2, "epsdiluted": 1.2, "weightedAverageShsOut": 463865661, "weightedAverageShsOutDil": 464632719, "link": "https://www.sec.gov/Archives/edgar/data/910073/000095017022002118/0000950170-22-002118-index.htm", "finalLink": "https://www.sec.gov/Archives/edgar/data/910073/000095017022002118/nycb-20211231.htm", "calculatedOtherExpenses": -277000000, "calculatedOperatingExpenses": 153000000, "calculatedNetInterest": 1289000000, "calculatedOtherIncome": -1289000000, "calculatedIncomeNonControlling": 0, "calculatedEbitda": 827000000}, {"date": "2020-12-31", "symbol": "NYCB", "reportedCurrency": "USD", "cik": "0000910073", "fillingDate": "2021-02-26", "acceptedDate": "2021-02-26 16:45:28", "calendarYear": "2020", "period": "FY", "revenue": 1161222000, "costOfRevenue": 386801000, "grossProfit": 774421000, "grossProfitRatio": 0.6669017638, "researchAndDevelopmentExpenses": 0, "generalAndAdministrativeExpenses": 425303000, "sellingAndMarketingExpenses": 0, "sellingGeneralAndAdministrativeExpenses": 425303000, "otherExpenses": -998721000, "operatingExpenses": -573418000, "costAndExpenses": -573418000, "interestIncome": 1707993000, "interestExpense": 607851000, "depreciationAndAmortization": 23871000, "ebitda": 611675000, "ebitdaratio": 0.5267511294, "operatingIncome": 587804000, "operatingIncomeRatio": 0.5061943367, "totalOtherIncomeExpensesNet": -608999000, "incomeBeforeTax": 587804000, "incomeBeforeTaxRatio": 0.5061943367, "incomeTaxExpense": 76695000, "netIncome": 511000000, "netIncomeRatio": 0.4400536676, "eps": 1.02, "epsdiluted": 1.02, "weightedAverageShsOut": 462605341, "weightedAverageShsOutDil": 463281402, "link": "https://www.sec.gov/Archives/edgar/data/910073/000156459021009479/0001564590-21-009479-index.htm", "finalLink": "https://www.sec.gov/Archives/edgar/data/910073/000156459021009479/nycb-10k_20201231.htm", "calculatedOtherExpenses": -238686000, "calculatedOperatingExpenses": 186617000, "calculatedNetInterest": 1100142000, "calculatedOtherIncome": -1100142000, "calculatedIncomeNonControlling": 109000, "calculatedEbitda": 611675000}, {"date": "2019-12-31", "symbol": "NYCB", "reportedCurrency": "USD", "cik": "0000910073", "fillingDate": "2020-02-28", "acceptedDate": "2020-02-28 15:41:09", "calendarYear": "2019", "period": "FY", "revenue": 1033730000, "costOfRevenue": 390871000, "grossProfit": 642859000, "grossProfitRatio": 0.6218828901, "researchAndDevelopmentExpenses": 0, "generalAndAdministrativeExpenses": 422044000, "sellingAndMarketingExpenses": 0, "sellingGeneralAndAdministrativeExpenses": 422044000, "otherExpenses": -932467000, "operatingExpenses": -510423000, "costAndExpenses": -510423000, "interestIncome": 1805160000, "interestExpense": 847760000, "depreciationAndAmortization": 27096000, "ebitda": 550403000, "ebitdaratio": 0.5324436748, "operatingIncome": 523307000, "operatingIncomeRatio": 0.5062318013, "totalOtherIncomeExpensesNet": -770635000, "incomeBeforeTax": 523307000, "incomeBeforeTaxRatio": 0.5062318013, "incomeTaxExpense": 128264000, "netIncome": 395043000, "netIncomeRatio": 0.38215298, "eps": 0.77, "epsdiluted": 0.77, "weightedAverageShsOut": 465380010, "weightedAverageShsOutDil": 465663332, "link": "https://www.sec.gov/Archives/edgar/data/910073/000119312520056118/0001193125-20-056118-index.htm", "finalLink": "https://www.sec.gov/Archives/edgar/data/910073/000119312520056118/d865413d10k.htm", "calculatedOtherExpenses": -302492000, "calculatedOperatingExpenses": 119552000, "calculatedNetInterest": 957400000, "calculatedOtherIncome": -957400000, "calculatedIncomeNonControlling": 0, "calculatedEbitda": 550403000}, {"date": "2018-12-31", "symbol": "NYCB", "reportedCurrency": "USD", "cik": "0000910073", "fillingDate": "2019-03-01", "acceptedDate": "2019-02-28 19:08:43", "calendarYear": "2018", "period": "FY", "revenue": 1122553000, "costOfRevenue": 417603000, "grossProfit": 704950000, "grossProfitRatio": 0.6279881663, "researchAndDevelopmentExpenses": 0, "generalAndAdministrativeExpenses": 446521000, "sellingAndMarketingExpenses": 0, "sellingGeneralAndAdministrativeExpenses": 446521000, "otherExpenses": -352727000, "operatingExpenses": 93794000, "costAndExpenses": 93794000, "interestIncome": 1689673000, "interestExpense": 658678000, "depreciationAndAmortization": 32323000, "ebitda": 1248670000, "ebitdaratio": 1.1123483702, "operatingIncome": 1216347000, "operatingIncomeRatio": 1.0835541841, "totalOtherIncomeExpensesNet": -658678000, "incomeBeforeTax": 557669000, "incomeBeforeTaxRatio": 0.4967863433, "incomeTaxExpense": 135252000, "netIncome": 422417000, "netIncomeRatio": 0.3763002727, "eps": 0.87, "epsdiluted": 0.87, "weightedAverageShsOut": 487287872, "weightedAverageShsOutDil": 487287872, "link": "https://www.sec.gov/Archives/edgar/data/910073/000119312519058546/0001193125-19-058546-index.htm", "finalLink": "https://www.sec.gov/Archives/edgar/data/910073/000119312519058546/d681753d10k.htm", "calculatedOtherExpenses": -957918000, "calculatedOperatingExpenses": -511397000, "calculatedNetInterest": 1030995000, "calculatedOtherIncome": -1689673000, "calculatedIncomeNonControlling": 0, "calculatedEbitda": 1248670000}, {"date": "2017-12-31", "symbol": "NYCB", "reportedCurrency": "USD", "cik": "0000910073", "fillingDate": "2018-03-02", "acceptedDate": "2018-03-02 06:13:00", "calendarYear": "2017", "period": "FY", "revenue": 1365844000, "costOfRevenue": 459948000, "grossProfit": 905896000, "grossProfitRatio": 0.6632499758, "researchAndDevelopmentExpenses": 0, "generalAndAdministrativeExpenses": 561216000, "sellingAndMarketingExpenses": 0, "sellingGeneralAndAdministrativeExpenses": 561216000, "otherExpenses": -165078000, "operatingExpenses": 181270000, "costAndExpenses": 641218000, "interestIncome": 1582239000, "interestExpense": 452236000, "depreciationAndAmortization": 208000, "ebitda": 1153462000, "ebitdaratio": 0.8445049361, "operatingIncome": 941021000, "operatingIncomeRatio": 0.6889666756, "totalOtherIncomeExpensesNet": -272806000, "incomeBeforeTax": 668215000, "incomeBeforeTaxRatio": 0.4892322989, "incomeTaxExpense": 202014000, "netIncome": 466201000, "netIncomeRatio": 0.3413281458, "eps": 0.9, "epsdiluted": 0.9, "weightedAverageShsOut": 487073951, "weightedAverageShsOutDil": 487073951, "link": "https://www.sec.gov/Archives/edgar/data/910073/000119312518068029/0001193125-18-068029-index.htm", "finalLink": "https://www.sec.gov/Archives/edgar/data/910073/000119312518068029/d517828d10k.htm", "calculatedOtherExpenses": -596341000, "calculatedOperatingExpenses": -35125000, "calculatedNetInterest": 1130003000, "calculatedOtherIncome": -1402809000, "calculatedIncomeNonControlling": 0, "calculatedEbitda": 941229000}, {"date": "2016-12-31", "symbol": "NYCB", "reportedCurrency": "USD", "cik": "0000910073", "fillingDate": "2017-03-01", "acceptedDate": "2017-03-01 16:21:08", "calendarYear": "2016", "period": "FY", "revenue": 1439109000, "costOfRevenue": 449979000, "grossProfit": 989130000, "grossProfitRatio": 0.6873211133, "researchAndDevelopmentExpenses": 0, "generalAndAdministrativeExpenses": 545721000, "sellingAndMarketingExpenses": 0, "sellingGeneralAndAdministrativeExpenses": 545721000, "otherExpenses": -161921000, "operatingExpenses": 188130000, "costAndExpenses": 638109000, "interestIncome": 1674869000, "interestExpense": 387487000, "depreciationAndAmortization": 2391000, "ebitda": 1199817000, "ebitdaratio": 0.8337221156, "operatingIncome": 1036760000, "operatingIncomeRatio": 0.7204179808, "totalOtherIncomeExpensesNet": -259632000, "incomeBeforeTax": 777128000, "incomeBeforeTaxRatio": 0.5400063512, "incomeTaxExpense": 281727000, "netIncome": 495401000, "netIncomeRatio": 0.3442414716, "eps": 1.01, "epsdiluted": 1.01, "weightedAverageShsOut": 485150173, "weightedAverageShsOutDil": 485150173, "link": "https://www.sec.gov/Archives/edgar/data/910073/000119312517065763/0001193125-17-065763-index.htm", "finalLink": "https://www.sec.gov/Archives/edgar/data/910073/000119312517065763/d516467d10k.htm", "calculatedOtherExpenses": -593351000, "calculatedOperatingExpenses": -47630000, "calculatedNetInterest": 1287382000, "calculatedOtherIncome": -1547014000, "calculatedIncomeNonControlling": 0, "calculatedEbitda": 1039151000}, {"date": "2015-12-31", "symbol": "NYCB", "reportedCurrency": "USD", "cik": "0000910073", "fillingDate": "2016-02-29", "acceptedDate": "2016-02-29 17:02:22", "calendarYear": "2015", "period": "FY", "revenue": 614874000, "costOfRevenue": 445059000, "grossProfit": 169815000, "grossProfitRatio": 0.2761785341, "researchAndDevelopmentExpenses": 0, "generalAndAdministrativeExpenses": 522501000, "sellingAndMarketingExpenses": 0, "sellingGeneralAndAdministrativeExpenses": 522501000, "otherExpenses": 0, "operatingExpenses": 170541000, "costAndExpenses": 615600000, "interestIncome": 1691584000, "interestExpense": 1283509000, "depreciationAndAmortization": 5344000, "ebitda": 1188337000, "ebitdaratio": 1.9326512424, "operatingIncome": 1075984000, "operatingIncomeRatio": 1.7499260011, "totalOtherIncomeExpensesNet": -1207997000, "incomeBeforeTax": -132013000, "incomeBeforeTaxRatio": -0.2146992717, "incomeTaxExpense": -84857000, "netIncome": -47156000, "netIncomeRatio": -0.0766921353, "eps": -0.11, "epsdiluted": -0.11, "weightedAverageShsOut": 448982223, "weightedAverageShsOutDil": 448982223, "link": "https://www.sec.gov/Archives/edgar/data/910073/000119312516485605/0001193125-16-485605-index.htm", "finalLink": "https://www.sec.gov/Archives/edgar/data/910073/000119312516485605/d126399d10k.htm", "calculatedOtherExpenses": -1428670000, "calculatedOperatingExpenses": -906169000, "calculatedNetInterest": 408075000, "calculatedOtherIncome": -1616072000, "calculatedIncomeNonControlling": 0, "calculatedEbitda": 1081328000}, {"date": "2014-12-31", "symbol": "NYCB", "reportedCurrency": "USD", "cik": "0000910073", "fillingDate": "2015-03-02", "acceptedDate": "2015-03-02 16:22:19", "calendarYear": "2014", "period": "FY", "revenue": 1356816000, "costOfRevenue": 405864000, "grossProfit": 950952000, "grossProfitRatio": 0.7008702728, "researchAndDevelopmentExpenses": 0, "generalAndAdministrativeExpenses": 495024000, "sellingAndMarketingExpenses": 0, "sellingGeneralAndAdministrativeExpenses": 495024000, "otherExpenses": 0, "operatingExpenses": 173306000, "costAndExpenses": 579170000, "interestIncome": 1683067000, "interestExpense": 542714000, "depreciationAndAmortization": 8297000, "ebitda": 1351869000, "ebitdaratio": 0.996353964, "operatingIncome": 1103897000, "operatingIncomeRatio": 0.8135937371, "totalOtherIncomeExpensesNet": -330831000, "incomeBeforeTax": 773066000, "incomeBeforeTaxRatio": 0.5697648023, "incomeTaxExpense": 287669000, "netIncome": 485397000, "netIncomeRatio": 0.3577471079, "eps": 1.09, "epsdiluted": 1.09, "weightedAverageShsOut": 440988102, "weightedAverageShsOutDil": 440988102, "link": "https://www.sec.gov/Archives/edgar/data/910073/000119312515073319/0001193125-15-073319-index.htm", "finalLink": "https://www.sec.gov/Archives/edgar/data/910073/000119312515073319/d825861d10k.htm", "calculatedOtherExpenses": -647969000, "calculatedOperatingExpenses": -152945000, "calculatedNetInterest": 1140353000, "calculatedOtherIncome": -1471184000, "calculatedIncomeNonControlling": 0, "calculatedEbitda": 1112194000}, {"date": "2013-12-31", "symbol": "NYCB", "reportedCurrency": "USD", "cik": "0000910073", "fillingDate": "2014-02-28", "acceptedDate": "2014-02-28 16:12:34", "calendarYear": "2013", "period": "FY", "revenue": 1375240000, "costOfRevenue": 410448000, "grossProfit": 964792000, "grossProfitRatio": 0.7015444577, "researchAndDevelopmentExpenses": 0, "generalAndAdministrativeExpenses": 484320000, "sellingAndMarketingExpenses": 0, "sellingGeneralAndAdministrativeExpenses": 484320000, "otherExpenses": 0, "operatingExpenses": 181330000, "costAndExpenses": 591778000, "interestIncome": 1708098000, "interestExpense": 541482000, "depreciationAndAmortization": 15784000, "ebitda": 1332484000, "ebitdaratio": 0.9689101539, "operatingIncome": 1116320000, "operatingIncomeRatio": 0.8117274076, "totalOtherIncomeExpensesNet": -369194000, "incomeBeforeTax": 747126000, "incomeBeforeTaxRatio": 0.5432695384, "incomeTaxExpense": 271579000, "netIncome": 475547000, "netIncomeRatio": 0.3457920072, "eps": 1.08, "epsdiluted": 1.08, "weightedAverageShsOut": 439251238, "weightedAverageShsOutDil": 439251238, "link": "https://www.sec.gov/Archives/edgar/data/910073/000119312514077338/0001193125-14-077338-index.htm", "finalLink": "https://www.sec.gov/Archives/edgar/data/910073/000119312514077338/d635138d10k.htm", "calculatedOtherExpenses": -635848000, "calculatedOperatingExpenses": -151528000, "calculatedNetInterest": 1166616000, "calculatedOtherIncome": -1535810000, "calculatedIncomeNonControlling": 0, "calculatedEbitda": 1132104000}, {"date": "2012-12-31", "symbol": "NYCB", "reportedCurrency": "USD", "cik": "0000910073", "fillingDate": "2013-03-01", "acceptedDate": "2013-03-01 16:31:36", "calendarYear": "2012", "period": "FY", "revenue": 1445297000, "costOfRevenue": 387612000, "grossProfit": 1057685000, "grossProfitRatio": 0.7318115239, "researchAndDevelopmentExpenses": 0, "generalAndAdministrativeExpenses": 488705000, "sellingAndMarketingExpenses": 0, "sellingGeneralAndAdministrativeExpenses": 488705000, "otherExpenses": 0, "operatingExpenses": 206221000, "costAndExpenses": 593833000, "interestIncome": 1791101000, "interestExpense": 631080000, "depreciationAndAmortization": 19644000, "ebitda": 1457104000, "ebitdaratio": 1.0081692552, "operatingIncome": 1197268000, "operatingIncomeRatio": 0.8283889055, "totalOtherIncomeExpensesNet": -416359000, "incomeBeforeTax": 780909000, "incomeBeforeTaxRatio": 0.5403103999, "incomeTaxExpense": 279803000, "netIncome": 501106000, "netIncomeRatio": 0.3467148967, "eps": 1.13, "epsdiluted": 1.13, "weightedAverageShsOut": 437706702, "weightedAverageShsOutDil": 437712242, "link": "https://www.sec.gov/Archives/edgar/data/910073/000119312513087798/0001193125-13-087798-index.htm", "finalLink": "https://www.sec.gov/Archives/edgar/data/910073/000119312513087798/d446780d10k.htm", "calculatedOtherExpenses": -628288000, "calculatedOperatingExpenses": -139583000, "calculatedNetInterest": 1160021000, "calculatedOtherIncome": -1576380000, "calculatedIncomeNonControlling": 0, "calculatedEbitda": 1216912000}, {"date": "2011-12-31", "symbol": "NYCB", "reportedCurrency": "USD", "cik": "0000910073", "fillingDate": "2012-02-29", "acceptedDate": "2012-02-29 16:25:05", "calendarYear": "2011", "period": "FY", "revenue": 1408290000, "costOfRevenue": 380247000, "grossProfit": 1028043000, "grossProfitRatio": 0.7299938223, "researchAndDevelopmentExpenses": 0, "generalAndAdministrativeExpenses": 467847000, "sellingAndMarketingExpenses": 0, "sellingGeneralAndAdministrativeExpenses": 467847000, "otherExpenses": 8301000, "operatingExpenses": 194436000, "costAndExpenses": 574683000, "interestIncome": 1866664000, "interestExpense": 666243000, "depreciationAndAmortization": 26066000, "ebitda": 1450421000, "ebitdaratio": 1.0299164235, "operatingIncome": 1291981000, "operatingIncomeRatio": 0.9174111866, "totalOtherIncomeExpensesNet": -557404000, "incomeBeforeTax": 734577000, "incomeBeforeTaxRatio": 0.5216091856, "incomeTaxExpense": 254540000, "netIncome": 480037000, "netIncomeRatio": 0.3408651627, "eps": 1.09, "epsdiluted": 1.09, "weightedAverageShsOut": 436018938, "weightedAverageShsOutDil": 436143134, "link": "https://www.sec.gov/Archives/edgar/data/910073/000119312512089222/0001193125-12-089222-index.htm", "finalLink": "https://www.sec.gov/Archives/edgar/data/910073/000119312512089222/d265423d10k.htm", "calculatedOtherExpenses": -731785000, "calculatedOperatingExpenses": -263938000, "calculatedNetInterest": 1200421000, "calculatedOtherIncome": -1757825000, "calculatedIncomeNonControlling": 0, "calculatedEbitda": 1318047000}, {"date": "2010-12-31", "symbol": "NYCB", "reportedCurrency": "USD", "cik": "0000910073", "fillingDate": "2011-03-01", "acceptedDate": "2011-03-01 17:06:48", "calendarYear": "2010", "period": "FY", "revenue": 1501254000, "costOfRevenue": 362934000, "grossProfit": 1138320000, "grossProfitRatio": 0.7582461063, "researchAndDevelopmentExpenses": 0, "generalAndAdministrativeExpenses": 435323000, "sellingAndMarketingExpenses": 0, "sellingGeneralAndAdministrativeExpenses": 435323000, "otherExpenses": -2883000, "operatingExpenses": 183312000, "costAndExpenses": 546246000, "interestIncome": 1913794000, "interestExpense": 733831000, "depreciationAndAmortization": 31266000, "ebitda": 1622680000, "ebitdaratio": 1.0808830484, "operatingIncome": 1367548000, "operatingIncomeRatio": 0.9109371232, "totalOtherIncomeExpensesNet": -1343063000, "incomeBeforeTax": 837471000, "incomeBeforeTaxRatio": 0.5578476394, "incomeTaxExpense": 296454000, "netIncome": 541017000, "netIncomeRatio": 0.3603767251, "eps": 1.24, "epsdiluted": 1.24, "weightedAverageShsOut": 433740639, "weightedAverageShsOutDil": 434186499, "link": "https://www.sec.gov/Archives/edgar/data/910073/000119312511052335/0001193125-11-052335-index.htm", "finalLink": "https://www.sec.gov/Archives/edgar/data/910073/000119312511052335/d10k.htm", "calculatedOtherExpenses": -664551000, "calculatedOperatingExpenses": -229228000, "calculatedNetInterest": 1179963000, "calculatedOtherIncome": -1710040000, "calculatedIncomeNonControlling": 0, "calculatedEbitda": 1398814000}, {"date": "2009-12-31", "symbol": "NYCB", "reportedCurrency": "USD", "cik": "0000910073", "fillingDate": "2010-03-01", "acceptedDate": "2010-03-01 16:58:57", "calendarYear": "2009", "period": "FY", "revenue": 938369000, "costOfRevenue": 258416000, "grossProfit": 679953000, "grossProfitRatio": 0.7246115334, "researchAndDevelopmentExpenses": 0, "generalAndAdministrativeExpenses": 302749000, "sellingAndMarketingExpenses": 0, "sellingGeneralAndAdministrativeExpenses": 302749000, "otherExpenses": 96533000, "operatingExpenses": 125587000, "costAndExpenses": 384003000, "interestIncome": 1634612000, "interestExpense": 729287000, "depreciationAndAmortization": 22812000, "ebitda": 1365230000, "ebitdaratio": 1.454896741, "operatingIncome": 1250609000, "operatingIncomeRatio": 1.3327475652, "totalOtherIncomeExpensesNet": -1240894000, "incomeBeforeTax": 618215000, "incomeBeforeTaxRatio": 0.6588186524, "incomeTaxExpense": 204264000, "netIncome": 413951000, "netIncomeRatio": 0.441138827, "eps": 1.17, "epsdiluted": 1.17, "weightedAverageShsOut": 351869427, "weightedAverageShsOutDil": 351939053, "link": "https://www.sec.gov/Archives/edgar/data/910073/000119312510044821/0001193125-10-044821-index.htm", "finalLink": "https://www.sec.gov/Archives/edgar/data/910073/000119312510044821/d10k.htm", "calculatedOtherExpenses": -873405000, "calculatedOperatingExpenses": -570656000, "calculatedNetInterest": 905325000, "calculatedOtherIncome": -1537719000, "calculatedIncomeNonControlling": 0, "calculatedEbitda": 1273421000}, {"date": "2008-12-31", "symbol": "NYCB", "reportedCurrency": "USD", "cik": "0000910073", "fillingDate": "2009-03-02", "acceptedDate": "2009-03-02 16:33:38", "calendarYear": "2008", "period": "FY", "revenue": 672415000, "costOfRevenue": 240624000, "grossProfit": 431791000, "grossProfitRatio": 0.6421495654, "researchAndDevelopmentExpenses": 0, "generalAndAdministrativeExpenses": 250164000, "sellingAndMarketingExpenses": 0, "sellingGeneralAndAdministrativeExpenses": 250164000, "otherExpenses": 104317000, "operatingExpenses": 80194000, "costAndExpenses": 320818000, "interestIncome": 1605129000, "interestExpense": 929634000, "depreciationAndAmortization": 23343000, "ebitda": 1026502000, "ebitdaratio": 1.5265899779, "operatingIncome": 1284311000, "operatingIncomeRatio": 1.9099975462, "totalOtherIncomeExpensesNet": -1230517000, "incomeBeforeTax": 53794000, "incomeBeforeTaxRatio": 0.0800011897, "incomeTaxExpense": -24090000, "netIncome": 77884000, "netIncomeRatio": 0.1158272793, "eps": 0.23, "epsdiluted": 0.23, "weightedAverageShsOut": 334657211, "weightedAverageShsOutDil": 335371065, "link": "https://www.sec.gov/Archives/edgar/data/910073/000119312509042616/0001193125-09-042616-index.htm", "finalLink": "https://www.sec.gov/Archives/edgar/data/910073/000119312509042616/d10k.htm", "calculatedOtherExpenses": -1102684000, "calculatedOperatingExpenses": -852520000, "calculatedNetInterest": 675495000, "calculatedOtherIncome": -1906012000, "calculatedIncomeNonControlling": 0, "calculatedEbitda": 1307654000}, {"date": "2007-12-31", "symbol": "NYCB", "reportedCurrency": "USD", "cik": "0000910073", "fillingDate": "2008-02-29", "acceptedDate": "2008-02-29 16:55:14", "calendarYear": "2007", "period": "FY", "revenue": 664589000, "costOfRevenue": 227760000, "grossProfit": 436829000, "grossProfitRatio": 0.6572919504, "researchAndDevelopmentExpenses": 0, "generalAndAdministrativeExpenses": 230032000, "sellingAndMarketingExpenses": 0, "sellingGeneralAndAdministrativeExpenses": 230032000, "otherExpenses": 0, "operatingExpenses": 71815000, "costAndExpenses": 299575000, "interestIncome": 1566745000, "interestExpense": 950215000, "depreciationAndAmortization": 41747000, "ebitda": 1394061000, "ebitdaratio": 2.09762876, "operatingIncome": 1267170000, "operatingIncomeRatio": 1.9066972219, "totalOtherIncomeExpensesNet": -865071000, "incomeBeforeTax": 402099000, "incomeBeforeTaxRatio": 0.6050340887, "incomeTaxExpense": 123017000, "netIncome": 279082000, "netIncomeRatio": 0.4199317172, "eps": 0.9, "epsdiluted": 0.9, "weightedAverageShsOut": 309535954, "weightedAverageShsOutDil": 311102992, "link": "https://www.sec.gov/Archives/edgar/data/910073/000119312508043833/0001193125-08-043833-index.htm", "finalLink": "https://www.sec.gov/Archives/edgar/data/910073/000119312508043833/d10k.htm", "calculatedOtherExpenses": -1060373000, "calculatedOperatingExpenses": -830341000, "calculatedNetInterest": 616530000, "calculatedOtherIncome": -1481601000, "calculatedIncomeNonControlling": 0, "calculatedEbitda": 1308917000}, {"date": "2006-12-31", "symbol": "NYCB", "reportedCurrency": "USD", "cik": "0000910073", "fillingDate": "2007-03-01", "acceptedDate": "2007-03-01 16:18:56", "calendarYear": "2006", "period": "FY", "revenue": 648909000, "costOfRevenue": 195440000, "grossProfit": 453469000, "grossProfitRatio": 0.6988175538, "researchAndDevelopmentExpenses": 0, "generalAndAdministrativeExpenses": 192864000, "sellingAndMarketingExpenses": 0, "sellingGeneralAndAdministrativeExpenses": 192864000, "otherExpenses": 6763000, "operatingExpenses": 60922000, "costAndExpenses": 256362000, "interestIncome": 1408700000, "interestExpense": 847134000, "depreciationAndAmortization": 33334000, "ebitda": 1229182000, "ebitdaratio": 1.8942286207, "operatingIncome": 1152338000, "operatingIncomeRatio": 1.7758083183, "totalOtherIncomeExpensesNet": -803624000, "incomeBeforeTax": 348714000, "incomeBeforeTaxRatio": 0.5373850571, "incomeTaxExpense": 116129000, "netIncome": 232585000, "netIncomeRatio": 0.358424679, "eps": 0.82, "epsdiluted": 0.81, "weightedAverageShsOut": 284877310, "weightedAverageShsOutDil": 286261492, "link": "https://www.sec.gov/Archives/edgar/data/910073/000119312507044391/0001193125-07-044391-index.htm", "finalLink": "https://www.sec.gov/Archives/edgar/data/910073/000119312507044391/d10k.htm", "calculatedOtherExpenses": -891733000, "calculatedOperatingExpenses": -698869000, "calculatedNetInterest": 561566000, "calculatedOtherIncome": -1365190000, "calculatedIncomeNonControlling": 0, "calculatedEbitda": 1185672000}, {"date": "2005-12-31", "symbol": "NYCB", "reportedCurrency": "USD", "cik": "0000910073", "fillingDate": "2006-03-16", "acceptedDate": "2006-03-16 16:06:03", "calendarYear": "2005", "period": "FY", "revenue": 693068000, "costOfRevenue": 182494000, "grossProfit": 510574000, "grossProfitRatio": 0.736686732, "researchAndDevelopmentExpenses": 0, "generalAndAdministrativeExpenses": 138114000, "sellingAndMarketingExpenses": 0, "sellingGeneralAndAdministrativeExpenses": 138114000, "otherExpenses": 6317000, "operatingExpenses": 54127000, "costAndExpenses": 236621000, "interestIncome": 1155654000, "interestExpense": 583651000, "depreciationAndAmortization": 9197000, "ebitda": 1037562000, "ebitdaratio": 1.4970565659, "operatingIncome": 919033000, "operatingIncomeRatio": 1.3260358291, "totalOtherIncomeExpensesNet": -474319000, "incomeBeforeTax": 444714000, "incomeBeforeTaxRatio": 0.6416599814, "incomeTaxExpense": 152629000, "netIncome": 292085000, "netIncomeRatio": 0.4214377233, "eps": 1.12, "epsdiluted": 1.11, "weightedAverageShsOut": 260412409, "weightedAverageShsOutDil": 262497843, "link": "https://www.sec.gov/Archives/edgar/data/910073/000119312506056677/0001193125-06-056677-index.htm", "finalLink": "https://www.sec.gov/Archives/edgar/data/910073/000119312506056677/d10k.htm", "calculatedOtherExpenses": -546573000, "calculatedOperatingExpenses": -408459000, "calculatedNetInterest": 572003000, "calculatedOtherIncome": -1046322000, "calculatedIncomeNonControlling": 0, "calculatedEbitda": 928230000}, {"date": "2004-12-31", "symbol": "NYCB", "reportedCurrency": "USD", "cik": "0000910073", "fillingDate": "2005-03-16", "acceptedDate": "2005-03-16 16:59:46", "calendarYear": "2004", "period": "FY", "revenue": 737040000, "costOfRevenue": 0, "grossProfit": 737040000, "grossProfitRatio": 1, "researchAndDevelopmentExpenses": 0, "generalAndAdministrativeExpenses": 97818000, "sellingAndMarketingExpenses": 0, "sellingGeneralAndAdministrativeExpenses": 97818000, "otherExpenses": 88012000, "operatingExpenses": 185830000, "costAndExpenses": 185830000, "interestIncome": 1172159000, "interestExpense": 390902000, "depreciationAndAmortization": -46717000, "ebitda": 876153000, "ebitdaratio": 1.1887455226, "operatingIncome": 922870000, "operatingIncomeRatio": 1.2521301422, "totalOtherIncomeExpensesNet": -390902000, "incomeBeforeTax": 531968000, "incomeBeforeTaxRatio": 0.7217627266, "incomeTaxExpense": 176882000, "netIncome": 355086000, "netIncomeRatio": 0.4817730381, "eps": 1.37, "epsdiluted": 1.33, "weightedAverageShsOut": 259825261, "weightedAverageShsOutDil": 266837651, "link": "https://www.sec.gov/Archives/edgar/data/910073/000119312505052864/0001193125-05-052864-index.htm", "finalLink": "https://www.sec.gov/Archives/edgar/data/910073/000119312505052864/d10k.htm", "calculatedOtherExpenses": -283648000, "calculatedOperatingExpenses": -185830000, "calculatedNetInterest": 781257000, "calculatedOtherIncome": -1172159000, "calculatedIncomeNonControlling": 0, "calculatedEbitda": 876153000}, {"date": "2003-12-31", "symbol": "NYCB", "reportedCurrency": "USD", "cik": "0000910073", "fillingDate": "2004-03-15", "acceptedDate": "2004-03-15 14:52:44", "calendarYear": "2003", "period": "FY", "revenue": 668962000, "costOfRevenue": 0, "grossProfit": 668962000, "grossProfitRatio": 1, "researchAndDevelopmentExpenses": 0, "generalAndAdministrativeExpenses": 102683000, "sellingAndMarketingExpenses": 0, "sellingGeneralAndAdministrativeExpenses": 102683000, "otherExpenses": -34778000, "operatingExpenses": 67905000, "costAndExpenses": 67905000, "interestIncome": 749160000, "interestExpense": 244185000, "depreciationAndAmortization": 31627000, "ebitda": 768494000, "ebitdaratio": 1.1487857307, "operatingIncome": 736867000, "operatingIncomeRatio": 1.1015080079, "totalOtherIncomeExpensesNet": -244185000, "incomeBeforeTax": 492682000, "incomeBeforeTaxRatio": 0.7364872743, "incomeTaxExpense": 169311000, "netIncome": 323371000, "netIncomeRatio": 0.4833921807, "eps": 1.7, "epsdiluted": 1.65, "weightedAverageShsOut": 190218235, "weightedAverageShsOutDil": 195982424, "link": "https://www.sec.gov/Archives/edgar/data/910073/000119312504042069/0001193125-04-042069-index.htm", "finalLink": "https://www.sec.gov/Archives/edgar/data/910073/000119312504042069/d10k.htm", "calculatedOtherExpenses": -170588000, "calculatedOperatingExpenses": -67905000, "calculatedNetInterest": 504975000, "calculatedOtherIncome": -749160000, "calculatedIncomeNonControlling": 0, "calculatedEbitda": 768494000}, {"date": "2002-12-31", "symbol": "NYCB", "reportedCurrency": "USD", "cik": "0000910073", "fillingDate": "2003-03-31", "acceptedDate": "2003-03-31 16:03:59", "calendarYear": "2002", "period": "FY", "revenue": 475076000, "costOfRevenue": 0, "grossProfit": 475076000, "grossProfitRatio": 1, "researchAndDevelopmentExpenses": 0, "generalAndAdministrativeExpenses": 72084000, "sellingAndMarketingExpenses": 0, "sellingGeneralAndAdministrativeExpenses": 72084000, "otherExpenses": 15105000, "operatingExpenses": 87189000, "costAndExpenses": 87189000, "interestIncome": 599507000, "interestExpense": 226251000, "depreciationAndAmortization": 23634000, "ebitda": 585899000, "ebitdaratio": 1.2332742551, "operatingIncome": 562265000, "operatingIncomeRatio": 1.1835264252, "totalOtherIncomeExpensesNet": -226251000, "incomeBeforeTax": 336014000, "incomeBeforeTaxRatio": 0.7072847292, "incomeTaxExpense": 106784000, "netIncome": 229230000, "netIncomeRatio": 0.4825122717, "eps": 1.27, "epsdiluted": 1.25, "weightedAverageShsOut": 180496063, "weightedAverageShsOutDil": 183384000, "link": "https://www.sec.gov/Archives/edgar/data/910073/000116923203002589/0001169232-03-002589-index.htm", "finalLink": "https://www.sec.gov/Archives/edgar/data/910073/000116923203002589/d54872_10k.txt", "calculatedOtherExpenses": -159273000, "calculatedOperatingExpenses": -87189000, "calculatedNetInterest": 373256000, "calculatedOtherIncome": -599507000, "calculatedIncomeNonControlling": 0, "calculatedEbitda": 585899000}, {"date": "2001-12-31", "symbol": "NYCB", "reportedCurrency": "USD", "cik": "0000910073", "fillingDate": "2002-04-01", "acceptedDate": "2002-04-01 00:00:00", "calendarYear": "2001", "period": "FY", "revenue": 296431000, "costOfRevenue": 0, "grossProfit": 296431000, "grossProfitRatio": 1, "researchAndDevelopmentExpenses": 0, "generalAndAdministrativeExpenses": 63140000, "sellingAndMarketingExpenses": 0, "sellingGeneralAndAdministrativeExpenses": 63140000, "otherExpenses": 33163000, "operatingExpenses": 96303000, "costAndExpenses": 96303000, "interestIncome": 423304000, "interestExpense": 217488000, "depreciationAndAmortization": 13055000, "ebitda": 405789000, "ebitdaratio": 1.3689155318, "operatingIncome": 392734000, "operatingIncomeRatio": 1.3248749287, "totalOtherIncomeExpensesNet": -217488000, "incomeBeforeTax": 175246000, "incomeBeforeTaxRatio": 0.5911864818, "incomeTaxExpense": 70779000, "netIncome": 104467000, "netIncomeRatio": 0.3524159079, "eps": 0.77, "epsdiluted": 0.75, "weightedAverageShsOut": 136551342, "weightedAverageShsOutDil": 138589422, "link": "https://www.sec.gov/Archives/edgar/data/910073/000100547702001494/0001005477-02-001494-index.htm", "finalLink": "https://www.sec.gov/Archives/edgar/data/910073/000100547702001494/d02-36888.txt", "calculatedOtherExpenses": -159443000, "calculatedOperatingExpenses": -96303000, "calculatedNetInterest": 205816000, "calculatedOtherIncome": -423304000, "calculatedIncomeNonControlling": 0, "calculatedEbitda": 405789000}, {"date": "2000-12-31", "symbol": "NYCB", "reportedCurrency": "USD", "cik": "0000910073", "fillingDate": "2001-03-27", "acceptedDate": "2001-03-27 00:00:00", "calendarYear": "2000", "period": "FY", "revenue": 94726000, "costOfRevenue": 0, "grossProfit": 94726000, "grossProfitRatio": 1, "researchAndDevelopmentExpenses": 0, "generalAndAdministrativeExpenses": 44427000, "sellingAndMarketingExpenses": 0, "sellingGeneralAndAdministrativeExpenses": 44427000, "otherExpenses": 7500000, "operatingExpenses": 51927000, "costAndExpenses": 51927000, "interestIncome": 174832000, "interestExpense": 101751000, "depreciationAndAmortization": 6763000, "ebitda": 153416000, "ebitdaratio": 1.6195764626, "operatingIncome": 146653000, "operatingIncomeRatio": 1.5481810696, "totalOtherIncomeExpensesNet": -101751000, "incomeBeforeTax": 44902000, "incomeBeforeTaxRatio": 0.4740198045, "incomeTaxExpense": 20425000, "netIncome": 24477000, "netIncomeRatio": 0.2583979055, "eps": 0.33, "epsdiluted": 0.32, "weightedAverageShsOut": 75021536, "weightedAverageShsOutDil": 77700877, "link": "https://www.sec.gov/Archives/edgar/data/910073/000100547701002195/0001005477-01-002195-index.htm", "finalLink": "https://www.sec.gov/Archives/edgar/data/910073/000100547701002195/0001005477-01-002195-0001.txt", "calculatedOtherExpenses": -96354000, "calculatedOperatingExpenses": -51927000, "calculatedNetInterest": 73081000, "calculatedOtherIncome": -174832000, "calculatedIncomeNonControlling": 0, "calculatedEbitda": 153416000}, {"date": "1999-12-31", "symbol": "NYCB", "reportedCurrency": "USD", "cik": "0000910073", "fillingDate": "2000-03-29", "acceptedDate": "2000-03-29 00:00:00", "calendarYear": "1999", "period": "FY", "revenue": 71400000, "costOfRevenue": 0, "grossProfit": 71400000, "grossProfitRatio": 1, "researchAndDevelopmentExpenses": 0, "generalAndAdministrativeExpenses": 13500000, "sellingAndMarketingExpenses": 0, "sellingGeneralAndAdministrativeExpenses": 13500000, "otherExpenses": 41800000, "operatingExpenses": 55300000, "costAndExpenses": 55300000, "interestIncome": 143100000, "interestExpense": 74200000, "depreciationAndAmortization": 2300000, "ebitda": 129000000, "ebitdaratio": 1.8067226891, "operatingIncome": 126700000, "operatingIncomeRatio": 1.7745098039, "totalOtherIncomeExpensesNet": -74200000, "incomeBeforeTax": 52500000, "incomeBeforeTaxRatio": 0.7352941176, "incomeTaxExpense": 20800000, "netIncome": 31700000, "netIncomeRatio": 0.443977591, "eps": 0.43, "epsdiluted": 0.42, "weightedAverageShsOut": 74148339, "weightedAverageShsOutDil": 75924347, "link": "https://www.sec.gov/Archives/edgar/data/910073/000100547700002589/0001005477-00-002589-index.html", "finalLink": "https://www.sec.gov/Archives/edgar/data/910073/000100547700002589/", "calculatedOtherExpenses": -68800000, "calculatedOperatingExpenses": -55300000, "calculatedNetInterest": 68900000, "calculatedOtherIncome": -143100000, "calculatedIncomeNonControlling": 0, "calculatedEbitda": 129000000}, {"date": "1998-12-31", "symbol": "NYCB", "reportedCurrency": "USD", "cik": "0000910073", "fillingDate": "1999-03-30", "acceptedDate": "1999-03-30 00:00:00", "calendarYear": "1998", "period": "FY", "revenue": 71100000, "costOfRevenue": 0, "grossProfit": 71100000, "grossProfitRatio": 1, "researchAndDevelopmentExpenses": 0, "generalAndAdministrativeExpenses": 18500000, "sellingAndMarketingExpenses": 0, "sellingGeneralAndAdministrativeExpenses": 18500000, "otherExpenses": 21300000, "operatingExpenses": 39800000, "costAndExpenses": 39800000, "interestIncome": 134300000, "interestExpense": 65800000, "depreciationAndAmortization": 1300000, "ebitda": 112200000, "ebitdaratio": 1.5780590717, "operatingIncome": 110900000, "operatingIncomeRatio": 1.5597749648, "totalOtherIncomeExpensesNet": -65800000, "incomeBeforeTax": 45100000, "incomeBeforeTaxRatio": 0.6343178622, "incomeTaxExpense": 18200000, "netIncome": 26900000, "netIncomeRatio": 0.3783403657, "eps": 0.35, "epsdiluted": 0.34, "weightedAverageShsOut": 76308241, "weightedAverageShsOutDil": 80294493, "link": "https://www.sec.gov/Archives/edgar/data/910073/000100547799001486/0001005477-99-001486-index.html", "finalLink": "https://www.sec.gov/Archives/edgar/data/910073/", "calculatedOtherExpenses": -58300000, "calculatedOperatingExpenses": -39800000, "calculatedNetInterest": 68500000, "calculatedOtherIncome": -134300000, "calculatedIncomeNonControlling": 0, "calculatedEbitda": 112200000}, {"date": "1997-12-31", "symbol": "NYCB", "reportedCurrency": "USD", "cik": "0000910073", "fillingDate": "1998-03-30", "acceptedDate": "1998-03-30 00:00:00", "calendarYear": "1997", "period": "FY", "revenue": 64700000, "costOfRevenue": 0, "grossProfit": 64700000, "grossProfitRatio": 1, "researchAndDevelopmentExpenses": 0, "generalAndAdministrativeExpenses": 18900000, "sellingAndMarketingExpenses": 0, "sellingGeneralAndAdministrativeExpenses": 18900000, "otherExpenses": 9400000, "operatingExpenses": 28300000, "costAndExpenses": 28300000, "interestIncome": 117700000, "interestExpense": 55300000, "depreciationAndAmortization": 1300000, "ebitda": 94300000, "ebitdaratio": 1.457496136, "operatingIncome": 93000000, "operatingIncomeRatio": 1.4374034003, "totalOtherIncomeExpensesNet": -55300000, "incomeBeforeTax": 37700000, "incomeBeforeTaxRatio": 0.5826893354, "incomeTaxExpense": 14400000, "netIncome": 23300000, "netIncomeRatio": 0.3601236476, "eps": 0.29, "epsdiluted": 0.27, "weightedAverageShsOut": 81750298, "weightedAverageShsOutDil": 87370631, "link": "https://www.sec.gov/Archives/edgar/data/910073/000095012398003092/0000950123-98-003092-index.html", "finalLink": "https://www.sec.gov/Archives/edgar/data/910073/", "calculatedOtherExpenses": -47200000, "calculatedOperatingExpenses": -28300000, "calculatedNetInterest": 62400000, "calculatedOtherIncome": -117700000, "calculatedIncomeNonControlling": 0, "calculatedEbitda": 94300000}, {"date": "1996-12-31", "symbol": "NYCB", "reportedCurrency": "USD", "cik": "0000910073", "fillingDate": "1997-03-28", "acceptedDate": "1997-03-28 00:00:00", "calendarYear": "1996", "period": "FY", "revenue": 59900000, "costOfRevenue": 0, "grossProfit": 59900000, "grossProfitRatio": 1, "researchAndDevelopmentExpenses": 0, "generalAndAdministrativeExpenses": 16200000, "sellingAndMarketingExpenses": 0, "sellingGeneralAndAdministrativeExpenses": 16200000, "otherExpenses": 7400000, "operatingExpenses": 23600000, "costAndExpenses": 23600000, "interestIncome": 102300000, "interestExpense": 44800000, "depreciationAndAmortization": 1400000, "ebitda": 84900000, "ebitdaratio": 1.4173622705, "operatingIncome": 83500000, "operatingIncomeRatio": 1.3939899833, "totalOtherIncomeExpensesNet": -44800000, "incomeBeforeTax": 38700000, "incomeBeforeTaxRatio": 0.6460767947, "incomeTaxExpense": 17800000, "netIncome": 20900000, "netIncomeRatio": 0.3489148581, "eps": 0.23, "epsdiluted": 0.21, "weightedAverageShsOut": 92842261, "weightedAverageShsOutDil": 97728856, "link": "https://www.sec.gov/Archives/edgar/data/910073/000095012397002691/0000950123-97-002691-index.html", "finalLink": "https://www.sec.gov/Archives/edgar/data/910073/", "calculatedOtherExpenses": -39800000, "calculatedOperatingExpenses": -23600000, "calculatedNetInterest": 57500000, "calculatedOtherIncome": -102300000, "calculatedIncomeNonControlling": 0, "calculatedEbitda": 84900000}, {"date": "1995-12-31", "symbol": "NYCB", "reportedCurrency": "USD", "cik": "0000910073", "fillingDate": "1995-12-31", "acceptedDate": "1995-12-30 19:00:00", "calendarYear": "1995", "period": "FY", "revenue": 54900000, "costOfRevenue": 0, "grossProfit": 54900000, "grossProfitRatio": 1, "researchAndDevelopmentExpenses": 0, "generalAndAdministrativeExpenses": 17800000, "sellingAndMarketingExpenses": 0, "sellingGeneralAndAdministrativeExpenses": 17800000, "otherExpenses": -1200000, "operatingExpenses": 16600000, "costAndExpenses": 16600000, "interestIncome": 91500000, "interestExpense": 39600000, "depreciationAndAmortization": 900000, "ebitda": 72400000, "ebitdaratio": 1.3187613843, "operatingIncome": 71500000, "operatingIncomeRatio": 1.3023679417, "totalOtherIncomeExpensesNet": -39600000, "incomeBeforeTax": 31900000, "incomeBeforeTaxRatio": 0.5810564663, "incomeTaxExpense": 11700000, "netIncome": 20200000, "netIncomeRatio": 0.3679417122, "eps": 0.2, "epsdiluted": 0.19, "weightedAverageShsOut": 99703358, "weightedAverageShsOutDil": 105567924, "link": "", "finalLink": "", "calculatedOtherExpenses": -34400000, "calculatedOperatingExpenses": -16600000, "calculatedNetInterest": 51900000, "calculatedOtherIncome": -91500000, "calculatedIncomeNonControlling": 0, "calculatedEbitda": 72400000}, {"date": "1994-12-31", "symbol": "NYCB", "reportedCurrency": "USD", "cik": "0000910073", "fillingDate": "1994-12-31", "acceptedDate": "1994-12-30 19:00:00", "calendarYear": "1994", "period": "FY", "revenue": 56600000, "costOfRevenue": 0, "grossProfit": 56600000, "grossProfitRatio": 1, "researchAndDevelopmentExpenses": 0, "generalAndAdministrativeExpenses": 17700000, "sellingAndMarketingExpenses": 0, "sellingGeneralAndAdministrativeExpenses": 17700000, "otherExpenses": -13400000, "operatingExpenses": 4300000, "costAndExpenses": 4300000, "interestIncome": 83100000, "interestExpense": 28500000, "depreciationAndAmortization": 1100000, "ebitda": 62000000, "ebitdaratio": 1.0954063604, "operatingIncome": 60900000, "operatingIncomeRatio": 1.0759717314, "totalOtherIncomeExpensesNet": -28500000, "incomeBeforeTax": 32400000, "incomeBeforeTaxRatio": 0.5724381625, "incomeTaxExpense": 13600000, "netIncome": 18800000, "netIncomeRatio": 0.332155477, "eps": 0.18, "epsdiluted": 0.17, "weightedAverageShsOut": 106612831, "weightedAverageShsOutDil": 111351319, "link": "", "finalLink": "", "calculatedOtherExpenses": -22000000, "calculatedOperatingExpenses": -4300000, "calculatedNetInterest": 54600000, "calculatedOtherIncome": -83100000, "calculatedIncomeNonControlling": 0, "calculatedEbitda": 62000000}, {"date": "1993-12-31", "symbol": "NYCB", "reportedCurrency": "USD", "cik": "0000910073", "fillingDate": "1993-12-31", "acceptedDate": "1993-12-30 19:00:00", "calendarYear": "1993", "period": "FY", "revenue": 48300000, "costOfRevenue": 0, "grossProfit": 48300000, "grossProfitRatio": 1, "researchAndDevelopmentExpenses": 0, "generalAndAdministrativeExpenses": 16300000, "sellingAndMarketingExpenses": 0, "sellingGeneralAndAdministrativeExpenses": 16300000, "otherExpenses": -13800000, "operatingExpenses": 2500000, "costAndExpenses": 2500000, "interestIncome": 75100000, "interestExpense": 28700000, "depreciationAndAmortization": 2000000, "ebitda": 52800000, "ebitdaratio": 1.0931677019, "operatingIncome": 50800000, "operatingIncomeRatio": 1.0517598344, "totalOtherIncomeExpensesNet": -28700000, "incomeBeforeTax": 22100000, "incomeBeforeTaxRatio": 0.4575569358, "incomeTaxExpense": 10000000, "netIncome": 12100000, "netIncomeRatio": 0.2505175983, "eps": 0.12, "epsdiluted": 0.12, "weightedAverageShsOut": 100782942, "weightedAverageShsOutDil": 100782942, "link": "", "finalLink": "", "calculatedOtherExpenses": -18800000, "calculatedOperatingExpenses": -2500000, "calculatedNetInterest": 46400000, "calculatedOtherIncome": -75100000, "calculatedIncomeNonControlling": 0, "calculatedEbitda": 52800000}, {"date": "1992-12-31", "symbol": "NYCB", "reportedCurrency": "USD", "cik": "0000910073", "fillingDate": "1992-12-31", "acceptedDate": "1992-12-30 19:00:00", "calendarYear": "1992", "period": "FY", "revenue": 40800000, "costOfRevenue": 0, "grossProfit": 40800000, "grossProfitRatio": 1, "researchAndDevelopmentExpenses": 0, "generalAndAdministrativeExpenses": 21200000, "sellingAndMarketingExpenses": 0, "sellingGeneralAndAdministrativeExpenses": 21200000, "otherExpenses": 37300000, "operatingExpenses": 58500000, "costAndExpenses": 95800000, "interestIncome": 0, "interestExpense": 37300000, "depreciationAndAmortization": 2100000, "ebitda": 58200000, "ebitdaratio": 1.4264705882, "operatingIncome": 19700000, "operatingIncomeRatio": 0.4828431373, "totalOtherIncomeExpensesNet": 0, "incomeBeforeTax": 19700000, "incomeBeforeTaxRatio": 0.4828431373, "incomeTaxExpense": 8300000, "netIncome": 10500000, "netIncomeRatio": 0.2573529412, "eps": 0.0848, "epsdiluted": 0.0848, "weightedAverageShsOut": 123800000, "weightedAverageShsOutDil": 123800000, "link": "", "finalLink": "", "calculatedOtherExpenses": -100000, "calculatedOperatingExpenses": 21100000, "calculatedNetInterest": -37300000, "calculatedOtherIncome": 37300000, "calculatedIncomeNonControlling": 900000, "calculatedEbitda": 21800000}, {"date": "1991-12-31", "symbol": "NYCB", "reportedCurrency": "USD", "cik": "0000910073", "fillingDate": "1991-12-31", "acceptedDate": "1991-12-30 19:00:00", "calendarYear": "1991", "period": "FY", "revenue": 28500000, "costOfRevenue": 0, "grossProfit": 28500000, "grossProfitRatio": 1, "researchAndDevelopmentExpenses": 0, "generalAndAdministrativeExpenses": 17700000, "sellingAndMarketingExpenses": 0, "sellingGeneralAndAdministrativeExpenses": 17700000, "otherExpenses": 49400000, "operatingExpenses": 67100000, "costAndExpenses": 116500000, "interestIncome": 0, "interestExpense": 49400000, "depreciationAndAmortization": 1200000, "ebitda": 61500000, "ebitdaratio": 2.1578947368, "operatingIncome": 10900000, "operatingIncomeRatio": 0.3824561404, "totalOtherIncomeExpensesNet": 0, "incomeBeforeTax": 10900000, "incomeBeforeTaxRatio": 0.3824561404, "incomeTaxExpense": 4500000, "netIncome": 6400000, "netIncomeRatio": 0.2245614035, "eps": 0.0517, "epsdiluted": 0.0517, "weightedAverageShsOut": 123800000, "weightedAverageShsOutDil": 123800000, "link": "", "finalLink": "", "calculatedOtherExpenses": -100000, "calculatedOperatingExpenses": 17600000, "calculatedNetInterest": -49400000, "calculatedOtherIncome": 49400000, "calculatedIncomeNonControlling": 0, "calculatedEbitda": 12100000}]}