{"originalCurrency": "USD", "convertedCurrency": "USD", "report": [{"date": "2023-12-31", "symbol": "NYMTM", "reportedCurrency": "USD", "cik": "0001273685", "fillingDate": "2024-02-23", "acceptedDate": "2024-02-23 16:59:38", "calendarYear": "2023", "period": "FY", "revenue": 390586000, "costOfRevenue": 227028000, "grossProfit": 163558000, "grossProfitRatio": 0.418750288, "researchAndDevelopmentExpenses": 0, "generalAndAdministrativeExpenses": 44817000, "sellingAndMarketingExpenses": 0, "sellingGeneralAndAdministrativeExpenses": 44817000, "otherExpenses": 18258000, "operatingExpenses": -18258000, "costAndExpenses": 208770000, "interestIncome": 258660000, "interestExpense": 192134000, "depreciationAndAmortization": 24620000, "ebitda": 206436000, "ebitdaratio": 0.5285289283, "operatingIncome": 181816000, "operatingIncomeRatio": 0.4654954351, "totalOtherIncomeExpensesNet": -259540000, "incomeBeforeTax": -77724000, "incomeBeforeTaxRatio": -0.1989933075, "incomeTaxExpense": 75000, "netIncome": -48665000, "netIncomeRatio": -0.1245948395, "eps": -0.53, "epsdiluted": -0.53, "weightedAverageShsOut": 91042000, "weightedAverageShsOutDil": 91042000, "link": "https://www.sec.gov/Archives/edgar/data/1273685/000127368524000033/0001273685-24-000033-index.htm", "finalLink": "https://www.sec.gov/Archives/edgar/data/1273685/000127368524000033/nymt-20231231.htm", "calculatedOtherExpenses": -63075000, "calculatedOperatingExpenses": -18258000, "calculatedNetInterest": 66526000, "calculatedOtherIncome": -326066000, "calculatedIncomeNonControlling": -29134000, "calculatedEbitda": 206436000}, {"date": "2022-12-31", "symbol": "NYMTM", "reportedCurrency": "USD", "cik": "0001273685", "fillingDate": "2023-02-24", "acceptedDate": "2023-02-24 16:53:43", "calendarYear": "2022", "period": "FY", "revenue": 8456000, "costOfRevenue": 383646000, "grossProfit": -375190000, "grossProfitRatio": -44.3696783349, "researchAndDevelopmentExpenses": 0, "generalAndAdministrativeExpenses": 93328000, "sellingAndMarketingExpenses": 0, "sellingGeneralAndAdministrativeExpenses": 93328000, "otherExpenses": 296123000, "operatingExpenses": 348563000, "costAndExpenses": 348563000, "interestIncome": 258388000, "interestExpense": 129419000, "depreciationAndAmortization": 126824000, "ebitda": -184479000, "ebitdaratio": -21.8163434248, "operatingIncome": -311303000, "operatingIncomeRatio": -36.8144512772, "totalOtherIncomeExpensesNet": -28804000, "incomeBeforeTax": -340107000, "incomeBeforeTaxRatio": -40.2207899716, "incomeTaxExpense": 542000, "netIncome": -340649000, "netIncomeRatio": -40.2848864711, "eps": -3.61, "epsdiluted": -3.61, "weightedAverageShsOut": 94321750, "weightedAverageShsOutDil": 94321750, "link": "https://www.sec.gov/Archives/edgar/data/1273685/000127368523000045/0001273685-23-000045-index.htm", "finalLink": "https://www.sec.gov/Archives/edgar/data/1273685/000127368523000045/nymt-20221231.htm", "calculatedOtherExpenses": -157215000, "calculatedOperatingExpenses": -63887000, "calculatedNetInterest": 128969000, "calculatedOtherIncome": -157773000, "calculatedIncomeNonControlling": 0, "calculatedEbitda": -184479000}, {"date": "2021-12-31", "symbol": "NYMTM", "reportedCurrency": "USD", "cik": "0001273685", "fillingDate": "2022-02-25", "acceptedDate": "2022-02-25 17:13:21", "calendarYear": "2021", "period": "FY", "revenue": 266510000, "costOfRevenue": 28849000, "grossProfit": 237661000, "grossProfitRatio": 0.8917526547, "researchAndDevelopmentExpenses": 0, "generalAndAdministrativeExpenses": 48908000, "sellingAndMarketingExpenses": 0, "sellingGeneralAndAdministrativeExpenses": 48908000, "otherExpenses": -26668000, "operatingExpenses": 22240000, "costAndExpenses": 22240000, "interestIncome": 206866000, "interestExpense": 83248000, "depreciationAndAmortization": 51386000, "ebitda": 247044000, "ebitdaratio": 0.9269595888, "operatingIncome": 195658000, "operatingIncomeRatio": 0.7341488124, "totalOtherIncomeExpensesNet": -4724000, "incomeBeforeTax": 190934000, "incomeBeforeTaxRatio": 0.7164233987, "incomeTaxExpense": 2458000, "netIncome": 193200000, "netIncomeRatio": 0.724925894, "eps": 2.03, "epsdiluted": 2.03, "weightedAverageShsOut": 94808000, "weightedAverageShsOutDil": 95242000, "link": "https://www.sec.gov/Archives/edgar/data/1273685/000127368522000028/0001273685-22-000028-index.htm", "finalLink": "https://www.sec.gov/Archives/edgar/data/1273685/000127368522000028/nymt-20211231.htm", "calculatedOtherExpenses": -6905000, "calculatedOperatingExpenses": 42003000, "calculatedNetInterest": 123618000, "calculatedOtherIncome": -128342000, "calculatedIncomeNonControlling": -4724000, "calculatedEbitda": 247044000}, {"date": "2020-12-31", "symbol": "NYMTM", "reportedCurrency": "USD", "cik": "0001273685", "fillingDate": "2021-02-26", "acceptedDate": "2021-02-26 17:23:40", "calendarYear": "2020", "period": "FY", "revenue": -207477000, "costOfRevenue": 12335000, "grossProfit": -219812000, "grossProfitRatio": 1.059452373, "researchAndDevelopmentExpenses": 0, "generalAndAdministrativeExpenses": 42228000, "sellingAndMarketingExpenses": 0, "sellingGeneralAndAdministrativeExpenses": 42228000, "otherExpenses": -12335000, "operatingExpenses": 29893000, "costAndExpenses": 29893000, "interestIncome": 350161000, "interestExpense": 223068000, "depreciationAndAmortization": 14744000, "ebitda": -272785000, "ebitdaratio": 1.3147722398, "operatingIncome": -287529000, "operatingIncomeRatio": 1.3858355384, "totalOtherIncomeExpensesNet": 267000, "incomeBeforeTax": -287262000, "incomeBeforeTaxRatio": 1.3845486488, "incomeTaxExpense": 981000, "netIncome": -288243000, "netIncomeRatio": 1.3892768837, "eps": -3.11, "epsdiluted": -3.11, "weightedAverageShsOut": 92611235, "weightedAverageShsOutDil": 92751000, "link": "https://www.sec.gov/Archives/edgar/data/1273685/000127368521000032/0001273685-21-000032-index.htm", "finalLink": "https://www.sec.gov/Archives/edgar/data/1273685/000127368521000032/nymt-20201231.htm", "calculatedOtherExpenses": 25489000, "calculatedOperatingExpenses": 67717000, "calculatedNetInterest": 127093000, "calculatedOtherIncome": -126826000, "calculatedIncomeNonControlling": 0, "calculatedEbitda": -272785000}, {"date": "2019-12-31", "symbol": "NYMTM", "reportedCurrency": "USD", "cik": "0001273685", "fillingDate": "2020-02-28", "acceptedDate": "2020-02-28 17:21:39", "calendarYear": "2019", "period": "FY", "revenue": 221907000, "costOfRevenue": 14704000, "grossProfit": 207203000, "grossProfitRatio": 0.9337380074, "researchAndDevelopmentExpenses": 0, "generalAndAdministrativeExpenses": 36366000, "sellingAndMarketingExpenses": 0, "sellingGeneralAndAdministrativeExpenses": 36366000, "otherExpenses": -84956000, "operatingExpenses": -48590000, "costAndExpenses": -48590000, "interestIncome": 694614000, "interestExpense": 566750000, "depreciationAndAmortization": -55629000, "ebitda": 117688000, "ebitdaratio": 0.5303482991, "operatingIncome": 173317000, "operatingIncomeRatio": 0.7810343973, "totalOtherIncomeExpensesNet": -840000, "incomeBeforeTax": 172477000, "incomeBeforeTaxRatio": 0.7772490277, "incomeTaxExpense": -419000, "netIncome": 173736000, "netIncomeRatio": 0.7829225757, "eps": 3.14, "epsdiluted": 2.86, "weightedAverageShsOut": 60649000, "weightedAverageShsOutDil": 60649000, "link": "https://www.sec.gov/Archives/edgar/data/1273685/000127368520000022/0001273685-20-000022-index.htm", "finalLink": "https://www.sec.gov/Archives/edgar/data/1273685/000127368520000022/nymt-12312019x10k.htm", "calculatedOtherExpenses": -2480000, "calculatedOperatingExpenses": 33886000, "calculatedNetInterest": 127864000, "calculatedOtherIncome": -128704000, "calculatedIncomeNonControlling": -840000, "calculatedEbitda": 117688000}, {"date": "2018-12-31", "symbol": "NYMTM", "reportedCurrency": "USD", "cik": "0001273685", "fillingDate": "2019-02-25", "acceptedDate": "2019-02-25 17:20:00", "calendarYear": "2018", "period": "FY", "revenue": 142137000, "costOfRevenue": 13598000, "grossProfit": 128539000, "grossProfitRatio": 0.9043317363, "researchAndDevelopmentExpenses": 0, "generalAndAdministrativeExpenses": 28234000, "sellingAndMarketingExpenses": 0, "sellingGeneralAndAdministrativeExpenses": 28234000, "otherExpenses": 323766000, "operatingExpenses": 352000000, "costAndExpenses": 352000000, "interestIncome": 455799000, "interestExpense": 377071000, "depreciationAndAmortization": -29338000, "ebitda": 449562000, "ebitdaratio": 3.1628780683, "operatingIncome": 478900000, "operatingIncomeRatio": 3.3692845635, "totalOtherIncomeExpensesNet": -375162000, "incomeBeforeTax": 103738000, "incomeBeforeTaxRatio": 0.7298451494, "incomeTaxExpense": -1057000, "netIncome": 102886000, "netIncomeRatio": 0.7238509326, "eps": 2.79, "epsdiluted": 2.79, "weightedAverageShsOut": 36862500, "weightedAverageShsOutDil": 36862500, "link": "https://www.sec.gov/Archives/edgar/data/1273685/000127368519000020/0001273685-19-000020-index.htm", "finalLink": "https://www.sec.gov/Archives/edgar/data/1273685/000127368519000020/nymt-12312018x10k.htm", "calculatedOtherExpenses": -378595000, "calculatedOperatingExpenses": -350361000, "calculatedNetInterest": 78728000, "calculatedOtherIncome": -453890000, "calculatedIncomeNonControlling": 1909000, "calculatedEbitda": 449562000}, {"date": "2017-12-31", "symbol": "NYMTM", "reportedCurrency": "USD", "cik": "0001273685", "fillingDate": "2018-02-27", "acceptedDate": "2018-02-27 16:46:58", "calendarYear": "2017", "period": "FY", "revenue": 121803000, "costOfRevenue": 48064000, "grossProfit": 73739000, "grossProfitRatio": 0.6053955978, "researchAndDevelopmentExpenses": 0, "generalAndAdministrativeExpenses": 22874000, "sellingAndMarketingExpenses": 0, "sellingGeneralAndAdministrativeExpenses": 22874000, "otherExpenses": 251126000, "operatingExpenses": 274000000, "costAndExpenses": 274000000, "interestIncome": 366087000, "interestExpense": 308101000, "depreciationAndAmortization": 197000, "ebitda": 403633000, "ebitdaratio": 3.3138182147, "operatingIncome": 7280000, "operatingIncomeRatio": 0.0597686428, "totalOtherIncomeExpensesNet": 84642000, "incomeBeforeTax": 91922000, "incomeBeforeTaxRatio": 0.7546776352, "incomeTaxExpense": 3355000, "netIncome": 91980000, "netIncomeRatio": 0.7551538139, "eps": 2.72, "epsdiluted": 2.64, "weightedAverageShsOut": 27959000, "weightedAverageShsOutDil": 32585750, "link": "https://www.sec.gov/Archives/edgar/data/1273685/000127368518000018/0001273685-18-000018-index.htm", "finalLink": "https://www.sec.gov/Archives/edgar/data/1273685/000127368518000018/nymt-12312017x10k.htm", "calculatedOtherExpenses": 43585000, "calculatedOperatingExpenses": 66459000, "calculatedNetInterest": 57986000, "calculatedOtherIncome": 26656000, "calculatedIncomeNonControlling": -3413000, "calculatedEbitda": 7477000}, {"date": "2016-12-31", "symbol": "NYMTM", "reportedCurrency": "USD", "cik": "0001273685", "fillingDate": "2017-02-28", "acceptedDate": "2017-02-28 15:08:43", "calendarYear": "2016", "period": "FY", "revenue": 105038000, "costOfRevenue": 38482000, "grossProfit": 66556000, "grossProfitRatio": 0.6336373503, "researchAndDevelopmentExpenses": 0, "generalAndAdministrativeExpenses": 24507000, "sellingAndMarketingExpenses": 0, "sellingGeneralAndAdministrativeExpenses": 24507000, "otherExpenses": -8414000, "operatingExpenses": 15246000, "costAndExpenses": 15246000, "interestIncome": 319306000, "interestExpense": 254668000, "depreciationAndAmortization": 7648000, "ebitda": 332962000, "ebitdaratio": 3.1699194577, "operatingIncome": 325314000, "operatingIncomeRatio": 3.0971077134, "totalOtherIncomeExpensesNet": -254659000, "incomeBeforeTax": 70655000, "incomeBeforeTaxRatio": 0.6726613226, "incomeTaxExpense": 3095000, "netIncome": 67551000, "netIncomeRatio": 0.6431101125, "eps": 2, "epsdiluted": 2, "weightedAverageShsOut": 27398500, "weightedAverageShsOutDil": 27398500, "link": "https://www.sec.gov/Archives/edgar/data/1273685/000127368517000020/0001273685-17-000020-index.htm", "finalLink": "https://www.sec.gov/Archives/edgar/data/1273685/000127368517000020/nymt-12312016x10k.htm", "calculatedOtherExpenses": -283265000, "calculatedOperatingExpenses": -258758000, "calculatedNetInterest": 64638000, "calculatedOtherIncome": -319297000, "calculatedIncomeNonControlling": 9000, "calculatedEbitda": 332962000}, {"date": "2015-12-31", "symbol": "NYMTM", "reportedCurrency": "USD", "cik": "0001273685", "fillingDate": "2016-02-25", "acceptedDate": "2016-02-25 16:39:27", "calendarYear": "2015", "period": "FY", "revenue": 123391000, "costOfRevenue": 44908000, "grossProfit": 78483000, "grossProfitRatio": 0.6360512517, "researchAndDevelopmentExpenses": 0, "generalAndAdministrativeExpenses": 29116000, "sellingAndMarketingExpenses": 0, "sellingGeneralAndAdministrativeExpenses": 29116000, "otherExpenses": 224884000, "operatingExpenses": 254000000, "costAndExpenses": 254000000, "interestIncome": 336838000, "interestExpense": 260651000, "depreciationAndAmortization": 542000, "ebitda": 343741000, "ebitdaratio": 2.7857866457, "operatingIncome": 343199000, "operatingIncomeRatio": 2.7813941049, "totalOtherIncomeExpensesNet": -260651000, "incomeBeforeTax": 82548000, "incomeBeforeTaxRatio": 0.6689953076, "incomeTaxExpense": 4535000, "netIncome": 78013000, "netIncomeRatio": 0.6322422219, "eps": 2.48, "epsdiluted": 2.48, "weightedAverageShsOut": 27099750, "weightedAverageShsOutDil": 27099750, "link": "https://www.sec.gov/Archives/edgar/data/1273685/000127368516000021/0001273685-16-000021-index.htm", "finalLink": "https://www.sec.gov/Archives/edgar/data/1273685/000127368516000021/nymt-12312015x10k.htm", "calculatedOtherExpenses": -293832000, "calculatedOperatingExpenses": -264716000, "calculatedNetInterest": 76187000, "calculatedOtherIncome": -336838000, "calculatedIncomeNonControlling": 0, "calculatedEbitda": 343741000}, {"date": "2014-12-31", "symbol": "NYMTM", "reportedCurrency": "USD", "cik": "0001273685", "fillingDate": "2015-02-27", "acceptedDate": "2015-02-27 16:48:54", "calendarYear": "2014", "period": "FY", "revenue": 188381000, "costOfRevenue": 6429000, "grossProfit": 181952000, "grossProfitRatio": 0.9658723544, "researchAndDevelopmentExpenses": 0, "generalAndAdministrativeExpenses": 34030000, "sellingAndMarketingExpenses": 0, "sellingGeneralAndAdministrativeExpenses": 34030000, "otherExpenses": 201970000, "operatingExpenses": 236000000, "costAndExpenses": 236000000, "interestIncome": 378847000, "interestExpense": 301010000, "depreciationAndAmortization": -2671000, "ebitda": 440925000, "ebitdaratio": 2.34060229, "operatingIncome": 136191000, "operatingIncomeRatio": 0.7229550751, "totalOtherIncomeExpensesNet": 6395000, "incomeBeforeTax": 142586000, "incomeBeforeTaxRatio": 0.7569022354, "incomeTaxExpense": 6395000, "netIncome": 136191000, "netIncomeRatio": 0.7229550751, "eps": 5.92, "epsdiluted": 5.92, "weightedAverageShsOut": 21966750, "weightedAverageShsOutDil": 21966750, "link": "https://www.sec.gov/Archives/edgar/data/1273685/000143774915003681/0001437749-15-003681-index.htm", "finalLink": "https://www.sec.gov/Archives/edgar/data/1273685/000143774915003681/nymt20141231_10k.htm", "calculatedOtherExpenses": 11731000, "calculatedOperatingExpenses": 45761000, "calculatedNetInterest": 77837000, "calculatedOtherIncome": -71442000, "calculatedIncomeNonControlling": 0, "calculatedEbitda": 133520000}, {"date": "2013-12-31", "symbol": "NYMTM", "reportedCurrency": "USD", "cik": "0001273685", "fillingDate": "2014-03-10", "acceptedDate": "2014-03-10 17:13:32", "calendarYear": "2013", "period": "FY", "revenue": 90873000, "costOfRevenue": 3868000, "grossProfit": 87005000, "grossProfitRatio": 0.9574351017, "researchAndDevelopmentExpenses": 0, "generalAndAdministrativeExpenses": 16049000, "sellingAndMarketingExpenses": 0, "sellingGeneralAndAdministrativeExpenses": 16049000, "otherExpenses": 205951000, "operatingExpenses": 222000000, "costAndExpenses": 222000000, "interestIncome": 291727000, "interestExpense": 231178000, "depreciationAndAmortization": 13424000, "ebitda": 314296000, "ebitdaratio": 3.4586290757, "operatingIncome": 68955000, "operatingIncomeRatio": 0.7588062461, "totalOtherIncomeExpensesNet": 739000, "incomeBeforeTax": 69694000, "incomeBeforeTaxRatio": 0.7669384746, "incomeTaxExpense": 739000, "netIncome": 68955000, "netIncomeRatio": 0.7588062461, "eps": 4.44, "epsdiluted": 4.44, "weightedAverageShsOut": 14775500, "weightedAverageShsOutDil": 14775500, "link": "https://www.sec.gov/Archives/edgar/data/1273685/000143774914003776/0001437749-14-003776-index.htm", "finalLink": "https://www.sec.gov/Archives/edgar/data/1273685/000143774914003776/nymt20131231_10k.htm", "calculatedOtherExpenses": 2001000, "calculatedOperatingExpenses": 18050000, "calculatedNetInterest": 60549000, "calculatedOtherIncome": -59810000, "calculatedIncomeNonControlling": 0, "calculatedEbitda": 82379000}, {"date": "2012-12-31", "symbol": "NYMTM", "reportedCurrency": "USD", "cik": "0001273685", "fillingDate": "2013-03-18", "acceptedDate": "2013-03-18 14:02:02", "calendarYear": "2012", "period": "FY", "revenue": 40669000, "costOfRevenue": 0, "grossProfit": 40669000, "grossProfitRatio": 1, "researchAndDevelopmentExpenses": 0, "generalAndAdministrativeExpenses": 11385000, "sellingAndMarketingExpenses": 0, "sellingGeneralAndAdministrativeExpenses": 11385000, "otherExpenses": 96615000, "operatingExpenses": 108000000, "costAndExpenses": 108000000, "interestIncome": 137527000, "interestExpense": 105926000, "depreciationAndAmortization": 10486000, "ebitda": 145623000, "ebitdaratio": 3.5806879933, "operatingIncome": 28168000, "operatingIncomeRatio": 0.6926159974, "totalOtherIncomeExpensesNet": 932000, "incomeBeforeTax": 29100000, "incomeBeforeTaxRatio": 0.7155327153, "incomeTaxExpense": 932000, "netIncome": 28279000, "netIncomeRatio": 0.695345349, "eps": 4.32, "epsdiluted": 4.32, "weightedAverageShsOut": 6516750, "weightedAverageShsOutDil": 6516750, "link": "https://www.sec.gov/Archives/edgar/data/1273685/000143774913003120/0001437749-13-003120-index.htm", "finalLink": "https://www.sec.gov/Archives/edgar/data/1273685/000143774913003120/nymt_10k-123112.htm", "calculatedOtherExpenses": 1116000, "calculatedOperatingExpenses": 12501000, "calculatedNetInterest": 31601000, "calculatedOtherIncome": -30669000, "calculatedIncomeNonControlling": -111000, "calculatedEbitda": 38654000}, {"date": "2011-12-31", "symbol": "NYMTM", "reportedCurrency": "USD", "cik": "0001273685", "fillingDate": "2012-03-12", "acceptedDate": "2012-03-12 17:16:02", "calendarYear": "2011", "period": "FY", "revenue": 15537000, "costOfRevenue": 0, "grossProfit": 15537000, "grossProfitRatio": 1, "researchAndDevelopmentExpenses": 0, "generalAndAdministrativeExpenses": 10518000, "sellingAndMarketingExpenses": 0, "sellingGeneralAndAdministrativeExpenses": 10518000, "otherExpenses": 250000, "operatingExpenses": 19000000, "costAndExpenses": 19000000, "interestIncome": 24291000, "interestExpense": 4837000, "depreciationAndAmortization": 126000, "ebitda": 10172000, "ebitdaratio": 0.6546952436, "operatingIncome": 4810000, "operatingIncomeRatio": 0.3095835747, "totalOtherIncomeExpensesNet": 433000, "incomeBeforeTax": 5243000, "incomeBeforeTaxRatio": 0.3374525327, "incomeTaxExpense": 433000, "netIncome": 4776000, "netIncomeRatio": 0.30739525, "eps": 1.84, "epsdiluted": 1.84, "weightedAverageShsOut": 2623750, "weightedAverageShsOutDil": 2623750, "link": "https://www.sec.gov/Archives/edgar/data/1273685/000143774912002196/0001437749-12-002196-index.htm", "finalLink": "https://www.sec.gov/Archives/edgar/data/1273685/000143774912002196/nymt_10k-123111.htm", "calculatedOtherExpenses": 209000, "calculatedOperatingExpenses": 10727000, "calculatedNetInterest": 19454000, "calculatedOtherIncome": -19021000, "calculatedIncomeNonControlling": 34000, "calculatedEbitda": 4936000}, {"date": "2010-12-31", "symbol": "NYMTM", "reportedCurrency": "USD", "cik": "0001273685", "fillingDate": "2011-03-04", "acceptedDate": "2011-03-03 19:42:17", "calendarYear": "2010", "period": "FY", "revenue": 15650000, "costOfRevenue": 0, "grossProfit": 15650000, "grossProfitRatio": 1, "researchAndDevelopmentExpenses": 0, "generalAndAdministrativeExpenses": 7950000, "sellingAndMarketingExpenses": 0, "sellingGeneralAndAdministrativeExpenses": 7950000, "otherExpenses": 6050000, "operatingExpenses": 14000000, "costAndExpenses": 14000000, "interestIncome": 19899000, "interestExpense": 9611000, "depreciationAndAmortization": 669000, "ebitda": 17085000, "ebitdaratio": 1.0916932907, "operatingIncome": 16416000, "operatingIncomeRatio": 1.0489456869, "totalOtherIncomeExpensesNet": -15281000, "incomeBeforeTax": 1135000, "incomeBeforeTaxRatio": 0.0725239617, "incomeTaxExpense": -5670000, "netIncome": 6805000, "netIncomeRatio": 0.4348242812, "eps": 2.88, "epsdiluted": 2.88, "weightedAverageShsOut": 2355500, "weightedAverageShsOutDil": 2355500, "link": "https://www.sec.gov/Archives/edgar/data/1273685/000143774911001288/0001437749-11-001288-index.htm", "finalLink": "https://www.sec.gov/Archives/edgar/data/1273685/000143774911001288/nymt_10k-123110.htm", "calculatedOtherExpenses": -8716000, "calculatedOperatingExpenses": -766000, "calculatedNetInterest": 10288000, "calculatedOtherIncome": -25569000, "calculatedIncomeNonControlling": 0, "calculatedEbitda": 17085000}, {"date": "2009-12-31", "symbol": "NYMTM", "reportedCurrency": "USD", "cik": "0001273685", "fillingDate": "2010-03-08", "acceptedDate": "2010-03-08 17:24:20", "calendarYear": "2009", "period": "FY", "revenue": 20142000, "costOfRevenue": 2118000, "grossProfit": 18024000, "grossProfitRatio": 0.8948465892, "researchAndDevelopmentExpenses": 0, "generalAndAdministrativeExpenses": 3894000, "sellingAndMarketingExpenses": 0, "sellingGeneralAndAdministrativeExpenses": 3894000, "otherExpenses": 119000, "operatingExpenses": 20000000, "costAndExpenses": 3402000, "interestIncome": 31095000, "interestExpense": 14235000, "depreciationAndAmortization": 692000, "ebitda": 26597000, "ebitdaratio": 1.3204746301, "operatingIncome": 10884000, "operatingIncomeRatio": 0.5403634197, "totalOtherIncomeExpensesNet": 786000, "incomeBeforeTax": 11670000, "incomeBeforeTaxRatio": 0.5793863569, "incomeTaxExpense": 15021000, "netIncome": 11670000, "netIncomeRatio": 0.5793863569, "eps": 5, "epsdiluted": 4.76, "weightedAverageShsOut": 2341750, "weightedAverageShsOutDil": 2966750, "link": "https://www.sec.gov/Archives/edgar/data/1273685/000143774910000606/0001437749-10-000606-index.htm", "finalLink": "https://www.sec.gov/Archives/edgar/data/1273685/000143774910000606/nymt_10k-123109.htm", "calculatedOtherExpenses": 3246000, "calculatedOperatingExpenses": 7140000, "calculatedNetInterest": 16860000, "calculatedOtherIncome": -16074000, "calculatedIncomeNonControlling": -15021000, "calculatedEbitda": 11576000}, {"date": "2008-12-31", "symbol": "NYMTM", "reportedCurrency": "USD", "cik": "0001273685", "fillingDate": "2009-03-31", "acceptedDate": "2009-03-31 12:21:00", "calendarYear": "2008", "period": "FY", "revenue": -12114000, "costOfRevenue": 13983000, "grossProfit": -26097000, "grossProfitRatio": 2.1542842992, "researchAndDevelopmentExpenses": 0, "generalAndAdministrativeExpenses": 3482000, "sellingAndMarketingExpenses": 0, "sellingGeneralAndAdministrativeExpenses": 3482000, "otherExpenses": 5278000, "operatingExpenses": 70000000, "costAndExpenses": 6910000, "interestIncome": 44123000, "interestExpense": 36260000, "depreciationAndAmortization": 1423000, "ebitda": 13576000, "ebitdaratio": -1.1206868087, "operatingIncome": -25764000, "operatingIncomeRatio": 2.1267954433, "totalOtherIncomeExpensesNet": 1657000, "incomeBeforeTax": -24107000, "incomeBeforeTaxRatio": 1.9900115569, "incomeTaxExpense": 37917000, "netIncome": -24107000, "netIncomeRatio": 1.9900115569, "eps": -11.66, "epsdiluted": -11.66, "weightedAverageShsOut": 2068000, "weightedAverageShsOutDil": 2068000, "link": "https://www.sec.gov/Archives/edgar/data/1273685/000114420409017460/0001144204-09-017460-index.htm", "finalLink": "https://www.sec.gov/Archives/edgar/data/1273685/000114420409017460/v143589_10k.htm", "calculatedOtherExpenses": -3815000, "calculatedOperatingExpenses": -333000, "calculatedNetInterest": 7863000, "calculatedOtherIncome": -6206000, "calculatedIncomeNonControlling": -37917000, "calculatedEbitda": -24341000}, {"date": "2007-12-31", "symbol": "NYMTM", "reportedCurrency": "USD", "cik": "0001273685", "fillingDate": "2008-03-31", "acceptedDate": "2008-03-31 17:22:44", "calendarYear": "2007", "period": "FY", "revenue": -9556000, "costOfRevenue": 9556000, "grossProfit": -19112000, "grossProfitRatio": 2, "researchAndDevelopmentExpenses": 0, "generalAndAdministrativeExpenses": 865000, "sellingAndMarketingExpenses": 145000, "sellingGeneralAndAdministrativeExpenses": 1010000, "otherExpenses": 69990000, "operatingExpenses": 71000000, "costAndExpenses": 71000000, "interestIncome": 50564000, "interestExpense": 50087000, "depreciationAndAmortization": 2381000, "ebitda": -2800000, "ebitdaratio": 0.2930096275, "operatingIncome": -5181000, "operatingIncomeRatio": 0.5421724571, "totalOtherIncomeExpensesNet": 0, "incomeBeforeTax": 0, "incomeBeforeTaxRatio": 0, "incomeTaxExpense": 50087000, "netIncome": -55268000, "netIncomeRatio": 5.7835914609, "eps": -121.87, "epsdiluted": -121.87, "weightedAverageShsOut": 453500, "weightedAverageShsOutDil": 453500, "link": "https://www.sec.gov/Archives/edgar/data/1273685/000114420408019344/0001144204-08-019344-index.htm", "finalLink": "https://www.sec.gov/Archives/edgar/data/1273685/000114420408019344/v105287_10k.htm", "calculatedOtherExpenses": -14941000, "calculatedOperatingExpenses": -13931000, "calculatedNetInterest": 477000, "calculatedOtherIncome": 4704000, "calculatedIncomeNonControlling": 5181000, "calculatedEbitda": -2800000}, {"date": "2006-12-31", "symbol": "NYMTM", "reportedCurrency": "USD", "cik": "0001273685", "fillingDate": "2007-04-02", "acceptedDate": "2007-04-02 17:23:12", "calendarYear": "2006", "period": "FY", "revenue": 4198000, "costOfRevenue": 0, "grossProfit": 4198000, "grossProfitRatio": 1, "researchAndDevelopmentExpenses": 0, "generalAndAdministrativeExpenses": 714000, "sellingAndMarketingExpenses": 78000, "sellingGeneralAndAdministrativeExpenses": 792000, "otherExpenses": 62208000, "operatingExpenses": 63000000, "costAndExpenses": 63000000, "interestIncome": 64881000, "interestExpense": 60097000, "depreciationAndAmortization": 4589000, "ebitda": 49655000, "ebitdaratio": 11.8282515484, "operatingIncome": 45066000, "operatingIncomeRatio": 10.7351119581, "totalOtherIncomeExpensesNet": 0, "incomeBeforeTax": 0, "incomeBeforeTaxRatio": 0, "incomeTaxExpense": 60097000, "netIncome": -15031000, "netIncomeRatio": -3.5805145307, "eps": -166.64, "epsdiluted": -166.64, "weightedAverageShsOut": 90200, "weightedAverageShsOutDil": 90200, "link": "https://www.sec.gov/Archives/edgar/data/1273685/000114420407016654/0001144204-07-016654-index.htm", "finalLink": "https://www.sec.gov/Archives/edgar/data/1273685/000114420407016654/v069793_10k.htm", "calculatedOtherExpenses": -41660000, "calculatedOperatingExpenses": -40868000, "calculatedNetInterest": 4784000, "calculatedOtherIncome": -49850000, "calculatedIncomeNonControlling": -45066000, "calculatedEbitda": 49655000}, {"date": "2005-12-31", "symbol": "NYMTM", "reportedCurrency": "USD", "cik": "0001273685", "fillingDate": "2006-03-16", "acceptedDate": "2006-03-16 17:03:43", "calendarYear": "2005", "period": "FY", "revenue": 49145000, "costOfRevenue": 0, "grossProfit": 49145000, "grossProfitRatio": 1, "researchAndDevelopmentExpenses": 0, "generalAndAdministrativeExpenses": 30979000, "sellingAndMarketingExpenses": 4861000, "sellingGeneralAndAdministrativeExpenses": 35840000, "otherExpenses": 23160000, "operatingExpenses": 59000000, "costAndExpenses": 59000000, "interestIncome": 77476000, "interestExpense": 60104000, "depreciationAndAmortization": 7985000, "ebitda": 54200000, "ebitdaratio": 1.102858887, "operatingIncome": 46215000, "operatingIncomeRatio": 0.9403805067, "totalOtherIncomeExpensesNet": -60104000, "incomeBeforeTax": -13889000, "incomeBeforeTaxRatio": -0.2826126768, "incomeTaxExpense": -8549000, "netIncome": -5340000, "netIncomeRatio": -0.1086580527, "eps": -11.95, "epsdiluted": -11.95, "weightedAverageShsOut": 446825, "weightedAverageShsOutDil": 446825, "link": "https://www.sec.gov/Archives/edgar/data/1273685/000114420406010325/0001144204-06-010325-index.htm", "finalLink": "https://www.sec.gov/Archives/edgar/data/1273685/000114420406010325/v037653_10-k.htm", "calculatedOtherExpenses": -32910000, "calculatedOperatingExpenses": 2930000, "calculatedNetInterest": 17372000, "calculatedOtherIncome": -77476000, "calculatedIncomeNonControlling": 0, "calculatedEbitda": 54200000}, {"date": "2004-12-31", "symbol": "NYMTM", "reportedCurrency": "USD", "cik": "0001273685", "fillingDate": "2005-03-31", "acceptedDate": "2005-03-31 13:31:22", "calendarYear": "2004", "period": "FY", "revenue": 40017218, "costOfRevenue": 0, "grossProfit": 40017218, "grossProfitRatio": 1, "researchAndDevelopmentExpenses": 0, "generalAndAdministrativeExpenses": 17118321, "sellingAndMarketingExpenses": 3189969, "sellingGeneralAndAdministrativeExpenses": 20308290, "otherExpenses": -40625419, "operatingExpenses": -20317129, "costAndExpenses": -20317129, "interestIncome": 27298628, "interestExpense": 16012518, "depreciationAndAmortization": 2357351, "ebitda": 22057440, "ebitdaratio": 0.5511987365, "operatingIncome": 19700089, "operatingIncomeRatio": 0.4922903186, "totalOtherIncomeExpensesNet": -16012518, "incomeBeforeTax": 3687571, "incomeBeforeTaxRatio": 0.0921496092, "incomeTaxExpense": -1259534, "netIncome": 4947105, "netIncomeRatio": 0.1236244109, "eps": 56, "epsdiluted": 56, "weightedAverageShsOut": 444934, "weightedAverageShsOutDil": 445000, "link": "https://www.sec.gov/Archives/edgar/data/1273685/000095012305003885/0000950123-05-003885-index.htm", "finalLink": "https://www.sec.gov/Archives/edgar/data/1273685/000095012305003885/y07206e10vk.htm", "calculatedOtherExpenses": 8839, "calculatedOperatingExpenses": 20317129, "calculatedNetInterest": 11286110, "calculatedOtherIncome": -27298628, "calculatedIncomeNonControlling": 0, "calculatedEbitda": 22057440}, {"date": "2003-12-31", "symbol": "NYMTM", "reportedCurrency": "USD", "cik": "0001273685", "fillingDate": "2003-12-31", "acceptedDate": "2003-12-30 19:00:00", "calendarYear": "2003", "period": "FY", "revenue": 4343193, "costOfRevenue": 0, "grossProfit": 4343193, "grossProfitRatio": 1, "researchAndDevelopmentExpenses": 0, "generalAndAdministrativeExpenses": 0, "sellingAndMarketingExpenses": 1008418, "sellingGeneralAndAdministrativeExpenses": 1008418, "otherExpenses": 11640903, "operatingExpenses": 12649321, "costAndExpenses": 12649321, "interestIncome": 7609631, "interestExpense": 3266438, "depreciationAndAmortization": 123571, "ebitda": 17116085, "ebitdaratio": 3.9408990114, "operatingIncome": 16992514, "operatingIncomeRatio": 3.912447363, "totalOtherIncomeExpensesNet": 0, "incomeBeforeTax": 0, "incomeBeforeTaxRatio": 0, "incomeTaxExpense": 3266438, "netIncome": 13726076, "netIncomeRatio": 3.1603651968, "eps": 30.23, "epsdiluted": 30.23, "weightedAverageShsOut": 454053, "weightedAverageShsOutDil": 454053, "link": "", "finalLink": "", "calculatedOtherExpenses": -13657739, "calculatedOperatingExpenses": -12649321, "calculatedNetInterest": 4343193, "calculatedOtherIncome": -21335707, "calculatedIncomeNonControlling": -16992514, "calculatedEbitda": 17116085}, {"date": "2002-12-31", "symbol": "NYMTM", "reportedCurrency": "USD", "cik": "0001273685", "fillingDate": "2002-12-31", "acceptedDate": "2002-12-30 19:00:00", "calendarYear": "2002", "period": "FY", "revenue": 1313140, "costOfRevenue": 0, "grossProfit": 1313140, "grossProfitRatio": 1, "researchAndDevelopmentExpenses": 0, "generalAndAdministrativeExpenses": 0, "sellingAndMarketingExpenses": 488339, "sellingGeneralAndAdministrativeExpenses": 488339, "otherExpenses": 3621908, "operatingExpenses": 4110247, "costAndExpenses": 4110247, "interestIncome": 2986248, "interestExpense": 1673108, "depreciationAndAmortization": 271011, "ebitda": 5694398, "ebitdaratio": 4.3364744049, "operatingIncome": 5423387, "operatingIncomeRatio": 4.1300904702, "totalOtherIncomeExpensesNet": 0, "incomeBeforeTax": 0, "incomeBeforeTaxRatio": 0, "incomeTaxExpense": 1673108, "netIncome": 3750279, "netIncomeRatio": 2.8559628067, "eps": 84.29, "epsdiluted": 84.29, "weightedAverageShsOut": 44493, "weightedAverageShsOutDil": 44493, "link": "", "finalLink": "", "calculatedOtherExpenses": -4598586, "calculatedOperatingExpenses": -4110247, "calculatedNetInterest": 1313140, "calculatedOtherIncome": -6736527, "calculatedIncomeNonControlling": -5423387, "calculatedEbitda": 5694398}, {"date": "2001-12-31", "symbol": "NYMTM", "reportedCurrency": "USD", "cik": "0001273685", "fillingDate": "2001-12-31", "acceptedDate": "2001-12-30 19:00:00", "calendarYear": "2001", "period": "FY", "revenue": 281000, "costOfRevenue": 0, "grossProfit": 281000, "grossProfitRatio": 1, "researchAndDevelopmentExpenses": 0, "generalAndAdministrativeExpenses": 0, "sellingAndMarketingExpenses": 0, "sellingGeneralAndAdministrativeExpenses": 0, "otherExpenses": 2889000, "operatingExpenses": 2889000, "costAndExpenses": 2889000, "interestIncome": 1570000, "interestExpense": 1289000, "depreciationAndAmortization": 0, "ebitda": 3170000, "ebitdaratio": 11.28113879, "operatingIncome": 3170000, "operatingIncomeRatio": 11.28113879, "totalOtherIncomeExpensesNet": -1289000, "incomeBeforeTax": 1881000, "incomeBeforeTaxRatio": 6.6939501779, "incomeTaxExpense": 0, "netIncome": 1881000, "netIncomeRatio": 6.6939501779, "eps": 42.28, "epsdiluted": 42.28, "weightedAverageShsOut": 44493, "weightedAverageShsOutDil": 44493, "link": "", "finalLink": "", "calculatedOtherExpenses": -2889000, "calculatedOperatingExpenses": -2889000, "calculatedNetInterest": 281000, "calculatedOtherIncome": -1570000, "calculatedIncomeNonControlling": 0, "calculatedEbitda": 3170000}, {"date": "2000-12-31", "symbol": "NYMTM", "reportedCurrency": "USD", "cik": "0001273685", "fillingDate": "2000-12-31", "acceptedDate": "2000-12-30 19:00:00", "calendarYear": "2000", "period": "FY", "revenue": 149000, "costOfRevenue": 0, "grossProfit": 149000, "grossProfitRatio": 1, "researchAndDevelopmentExpenses": 0, "generalAndAdministrativeExpenses": 0, "sellingAndMarketingExpenses": 0, "sellingGeneralAndAdministrativeExpenses": 0, "otherExpenses": 854000, "operatingExpenses": 854000, "costAndExpenses": 854000, "interestIncome": 625000, "interestExpense": 476000, "depreciationAndAmortization": 0, "ebitda": 1003000, "ebitdaratio": 6.7315436242, "operatingIncome": 1003000, "operatingIncomeRatio": 6.7315436242, "totalOtherIncomeExpensesNet": -476000, "incomeBeforeTax": 527000, "incomeBeforeTaxRatio": 3.5369127517, "incomeTaxExpense": 0, "netIncome": 527000, "netIncomeRatio": 3.5369127517, "eps": 11.84, "epsdiluted": 11.84, "weightedAverageShsOut": 44493, "weightedAverageShsOutDil": 44493, "link": "", "finalLink": "", "calculatedOtherExpenses": -854000, "calculatedOperatingExpenses": -854000, "calculatedNetInterest": 149000, "calculatedOtherIncome": -625000, "calculatedIncomeNonControlling": 0, "calculatedEbitda": 1003000}]}