{"originalCurrency": "USD", "convertedCurrency": "USD", "report": [{"date": "2023-12-31", "symbol": "NYT", "reportedCurrency": "USD", "cik": "0000071691", "fillingDate": "2024-02-20", "acceptedDate": "2024-02-20 17:19:41", "calendarYear": "2023", "period": "FY", "revenue": 2426152000, "costOfRevenue": 1335176000, "grossProfit": 1090976000, "grossProfitRatio": 0.4496733923, "researchAndDevelopmentExpenses": 228804000, "generalAndAdministrativeExpenses": 311039000, "sellingAndMarketingExpenses": 260227000, "sellingGeneralAndAdministrativeExpenses": 556799000, "otherExpenses": 605000, "operatingExpenses": 784998000, "costAndExpenses": 2120174000, "interestIncome": 22116000, "interestExpense": 1014000, "depreciationAndAmortization": 95347000, "ebitda": 401325000, "ebitdaratio": 0.1654162641, "operatingIncome": 305978000, "operatingIncomeRatio": 0.126116583, "totalOtherIncomeExpensesNet": -3390000, "incomeBeforeTax": 302588000, "incomeBeforeTaxRatio": 0.1247193086, "incomeTaxExpense": 69836000, "netIncome": 232387000, "netIncomeRatio": 0.0957841883, "eps": 1.41, "epsdiluted": 1.4, "weightedAverageShsOut": 164721000, "weightedAverageShsOutDil": 165663000, "link": "https://www.sec.gov/Archives/edgar/data/71691/000007169124000030/0000071691-24-000030-index.htm", "finalLink": "https://www.sec.gov/Archives/edgar/data/71691/000007169124000030/nyt-20231231.htm", "calculatedOtherExpenses": -605000, "calculatedOperatingExpenses": 784998000, "calculatedNetInterest": 21102000, "calculatedOtherIncome": -24492000, "calculatedIncomeNonControlling": 365000, "calculatedEbitda": 401325000}, {"date": "2022-12-31", "symbol": "NYT", "reportedCurrency": "USD", "cik": "0000071691", "fillingDate": "2023-02-28", "acceptedDate": "2023-02-28 16:09:01", "calendarYear": "2022", "period": "FY", "revenue": 2308321000, "costOfRevenue": 1208933000, "grossProfit": 1099388000, "grossProfitRatio": 0.4762717144, "researchAndDevelopmentExpenses": 204185000, "generalAndAdministrativeExpenses": 289259000, "sellingAndMarketingExpenses": 267553000, "sellingGeneralAndAdministrativeExpenses": 556812000, "otherExpenses": 82654000, "operatingExpenses": 843651000, "costAndExpenses": 2052584000, "interestIncome": 7261000, "interestExpense": 40691000, "depreciationAndAmortization": 82654000, "ebitda": 392161000, "ebitdaratio": 0.1698901496, "operatingIncome": 309507000, "operatingIncomeRatio": 0.1340831713, "totalOtherIncomeExpensesNet": -73508000, "incomeBeforeTax": 235999000, "incomeBeforeTaxRatio": 0.1022383802, "incomeTaxExpense": 62094000, "netIncome": 173905000, "netIncomeRatio": 0.0753383087, "eps": 1.04, "epsdiluted": 1.04, "weightedAverageShsOut": 166871000, "weightedAverageShsOutDil": 167141000, "link": "https://www.sec.gov/Archives/edgar/data/71691/000007169123000006/0000071691-23-000006-index.htm", "finalLink": "https://www.sec.gov/Archives/edgar/data/71691/000007169123000006/nyt-20221231.htm", "calculatedOtherExpenses": 28884000, "calculatedOperatingExpenses": 789881000, "calculatedNetInterest": -33430000, "calculatedOtherIncome": -40078000, "calculatedIncomeNonControlling": 0, "calculatedEbitda": 392161000}, {"date": "2021-12-26", "symbol": "NYT", "reportedCurrency": "USD", "cik": "0000071691", "fillingDate": "2022-02-23", "acceptedDate": "2022-02-23 15:18:50", "calendarYear": "2021", "period": "FY", "revenue": 2074877000, "costOfRevenue": 1039568000, "grossProfit": 1035309000, "grossProfitRatio": 0.4989736741, "researchAndDevelopmentExpenses": 160871000, "generalAndAdministrativeExpenses": 250124000, "sellingAndMarketingExpenses": 294947000, "sellingGeneralAndAdministrativeExpenses": 545071000, "otherExpenses": 57502000, "operatingExpenses": 763444000, "costAndExpenses": 1803012000, "interestIncome": 6558000, "interestExpense": 769000, "depreciationAndAmortization": 65164000, "ebitda": 333198000, "ebitdaratio": 0.1605868685, "operatingIncome": 268034000, "operatingIncomeRatio": 0.1291806695, "totalOtherIncomeExpensesNet": 22467000, "incomeBeforeTax": 290501000, "incomeBeforeTaxRatio": 0.1400087812, "incomeTaxExpense": 70530000, "netIncome": 219971000, "netIncomeRatio": 0.1060164048, "eps": 1.31, "epsdiluted": 1.31, "weightedAverageShsOut": 167929000, "weightedAverageShsOutDil": 168533000, "link": "https://www.sec.gov/Archives/edgar/data/71691/000007169122000006/0000071691-22-000006-index.htm", "finalLink": "https://www.sec.gov/Archives/edgar/data/71691/000007169122000006/nyt-20211226.htm", "calculatedOtherExpenses": 61333000, "calculatedOperatingExpenses": 767275000, "calculatedNetInterest": 5789000, "calculatedOtherIncome": 16678000, "calculatedIncomeNonControlling": 0, "calculatedEbitda": 333198000}, {"date": "2020-12-27", "symbol": "NYT", "reportedCurrency": "USD", "cik": "0000071691", "fillingDate": "2021-02-25", "acceptedDate": "2021-02-25 15:46:49", "calendarYear": "2020", "period": "FY", "revenue": 1783639000, "costOfRevenue": 960222000, "grossProfit": 823417000, "grossProfitRatio": 0.4616500312, "researchAndDevelopmentExpenses": 132428000, "generalAndAdministrativeExpenses": 223557000, "sellingAndMarketingExpenses": 229040000, "sellingGeneralAndAdministrativeExpenses": 452597000, "otherExpenses": 62136000, "operatingExpenses": 647161000, "costAndExpenses": 1607383000, "interestIncome": 24057000, "interestExpense": 727000, "depreciationAndAmortization": 62136000, "ebitda": 238392000, "ebitdaratio": 0.1336548483, "operatingIncome": 176256000, "operatingIncomeRatio": 0.0988182026, "totalOtherIncomeExpensesNet": -60824000, "incomeBeforeTax": 115432000, "incomeBeforeTaxRatio": 0.0647171317, "incomeTaxExpense": 14595000, "netIncome": 100103000, "netIncomeRatio": 0.0561229038, "eps": 0.6, "epsdiluted": 0.6, "weightedAverageShsOut": 166973000, "weightedAverageShsOutDil": 168038000, "link": "https://www.sec.gov/Archives/edgar/data/71691/000007169121000006/0000071691-21-000006-index.htm", "finalLink": "https://www.sec.gov/Archives/edgar/data/71691/000007169121000006/nyt-20201227.htm", "calculatedOtherExpenses": 62136000, "calculatedOperatingExpenses": 647161000, "calculatedNetInterest": 23330000, "calculatedOtherIncome": -84154000, "calculatedIncomeNonControlling": 734000, "calculatedEbitda": 238392000}, {"date": "2019-12-29", "symbol": "NYT", "reportedCurrency": "USD", "cik": "0000071691", "fillingDate": "2020-02-27", "acceptedDate": "2020-02-27 15:23:40", "calendarYear": "2019", "period": "FY", "revenue": 1812184000, "costOfRevenue": 706355000, "grossProfit": 1105829000, "grossProfitRatio": 0.6102189402, "researchAndDevelopmentExpenses": 106415000, "generalAndAdministrativeExpenses": 336945000, "sellingAndMarketingExpenses": 530678000, "sellingGeneralAndAdministrativeExpenses": 867623000, "otherExpenses": 60661000, "operatingExpenses": 928284000, "costAndExpenses": 1634639000, "interestIncome": 21580000, "interestExpense": 3820000, "depreciationAndAmortization": 55322000, "ebitda": 230904000, "ebitdaratio": 0.1274175249, "operatingIncome": 175582000, "operatingIncomeRatio": 0.0968897198, "totalOtherIncomeExpensesNet": -11122000, "incomeBeforeTax": 164460000, "incomeBeforeTaxRatio": 0.0907523739, "incomeTaxExpense": 24494000, "netIncome": 139966000, "netIncomeRatio": 0.0772360864, "eps": 0.84, "epsdiluted": 0.84, "weightedAverageShsOut": 166042000, "weightedAverageShsOutDil": 167545000, "link": "https://www.sec.gov/Archives/edgar/data/71691/000007169120000003/0000071691-20-000003-index.htm", "finalLink": "https://www.sec.gov/Archives/edgar/data/71691/000007169120000003/a201910-kq4project.htm", "calculatedOtherExpenses": -43791000, "calculatedOperatingExpenses": 930247000, "calculatedNetInterest": 17760000, "calculatedOtherIncome": -28882000, "calculatedIncomeNonControlling": 0, "calculatedEbitda": 230904000}, {"date": "2018-12-30", "symbol": "NYT", "reportedCurrency": "USD", "cik": "0000071691", "fillingDate": "2019-02-26", "acceptedDate": "2019-02-26 15:29:17", "calendarYear": "2018", "period": "FY", "revenue": 1748598000, "costOfRevenue": 654176000, "grossProfit": 1094422000, "grossProfitRatio": 0.6258854236, "researchAndDevelopmentExpenses": 84098000, "generalAndAdministrativeExpenses": 845591000, "sellingAndMarketingExpenses": 271164000, "sellingGeneralAndAdministrativeExpenses": 845591000, "otherExpenses": -3423000, "operatingExpenses": 904602000, "costAndExpenses": 1558778000, "interestIncome": 14510000, "interestExpense": 16566000, "depreciationAndAmortization": 59011000, "ebitda": 256172000, "ebitdaratio": 0.1465013685, "operatingIncome": 190167000, "operatingIncomeRatio": 0.1087539846, "totalOtherIncomeExpensesNet": 2837000, "incomeBeforeTax": 176091000, "incomeBeforeTaxRatio": 0.1007041069, "incomeTaxExpense": 48631000, "netIncome": 125684000, "netIncomeRatio": 0.0718770123, "eps": 0.76, "epsdiluted": 0.75, "weightedAverageShsOut": 164845000, "weightedAverageShsOutDil": 166939000, "link": "https://www.sec.gov/Archives/edgar/data/71691/000007169119000003/0000071691-19-000003-index.htm", "finalLink": "https://www.sec.gov/Archives/edgar/data/71691/000007169119000003/a201810-k_q4project.htm", "calculatedOtherExpenses": -25434000, "calculatedOperatingExpenses": 904255000, "calculatedNetInterest": -2056000, "calculatedOtherIncome": -12020000, "calculatedIncomeNonControlling": 1776000, "calculatedEbitda": 249178000}, {"date": "2017-12-31", "symbol": "NYT", "reportedCurrency": "USD", "cik": "0000071691", "fillingDate": "2018-02-27", "acceptedDate": "2018-02-27 15:28:24", "calendarYear": "2017", "period": "FY", "revenue": 1675639000, "costOfRevenue": 615406000, "grossProfit": 1060233000, "grossProfitRatio": 0.6327335422, "researchAndDevelopmentExpenses": 0, "generalAndAdministrativeExpenses": 875906000, "sellingAndMarketingExpenses": 118600000, "sellingGeneralAndAdministrativeExpenses": 875906000, "otherExpenses": 61871000, "operatingExpenses": 937777000, "costAndExpenses": 1553183000, "interestIncome": 9897000, "interestExpense": 19783000, "depreciationAndAmortization": 61871000, "ebitda": 202968000, "ebitdaratio": 0.1211287157, "operatingIncome": 112366000, "operatingIncomeRatio": 0.0670585968, "totalOtherIncomeExpensesNet": 8551000, "incomeBeforeTax": 111224000, "incomeBeforeTaxRatio": 0.0663770657, "incomeTaxExpense": 103956000, "netIncome": 4296000, "netIncomeRatio": 0.002563798, "eps": 0.03, "epsdiluted": 0.03, "weightedAverageShsOut": 161926000, "weightedAverageShsOutDil": 164263000, "link": "https://www.sec.gov/Archives/edgar/data/71691/000007169118000004/0000071691-18-000004-index.htm", "finalLink": "https://www.sec.gov/Archives/edgar/data/71691/000007169118000004/a201710-k_q4project.htm", "calculatedOtherExpenses": 71961000, "calculatedOperatingExpenses": 947867000, "calculatedNetInterest": -9886000, "calculatedOtherIncome": 8744000, "calculatedIncomeNonControlling": 2972000, "calculatedEbitda": 174237000}, {"date": "2016-12-25", "symbol": "NYT", "reportedCurrency": "USD", "cik": "0000071691", "fillingDate": "2017-02-22", "acceptedDate": "2017-02-22 17:31:08", "calendarYear": "2016", "period": "FY", "revenue": 1555342000, "costOfRevenue": 628104000, "grossProfit": 927238000, "grossProfitRatio": 0.5961634161, "researchAndDevelopmentExpenses": 0, "generalAndAdministrativeExpenses": 742377000, "sellingAndMarketingExpenses": 580732000, "sellingGeneralAndAdministrativeExpenses": 742377000, "otherExpenses": -6730000, "operatingExpenses": 804100000, "costAndExpenses": 1432204000, "interestIncome": 9020000, "interestExpense": 38928000, "depreciationAndAmortization": 61723000, "ebitda": 145981000, "ebitdaratio": 0.0938578139, "operatingIncome": 101604000, "operatingIncomeRatio": 0.0653258254, "totalOtherIncomeExpensesNet": -57807000, "incomeBeforeTax": 30526000, "incomeBeforeTaxRatio": 0.0196265516, "incomeTaxExpense": 4421000, "netIncome": 29068000, "netIncomeRatio": 0.0186891372, "eps": 0.18, "epsdiluted": 0.18, "weightedAverageShsOut": 161128000, "weightedAverageShsOutDil": 162817000, "link": "https://www.sec.gov/Archives/edgar/data/71691/000007169117000003/0000071691-17-000003-index.htm", "finalLink": "https://www.sec.gov/Archives/edgar/data/71691/000007169117000003/a2016form10-k_q4project.htm", "calculatedOtherExpenses": 83257000, "calculatedOperatingExpenses": 825634000, "calculatedNetInterest": -29908000, "calculatedOtherIncome": -41170000, "calculatedIncomeNonControlling": -2963000, "calculatedEbitda": 163327000}, {"date": "2015-12-27", "symbol": "NYT", "reportedCurrency": "USD", "cik": "0000071691", "fillingDate": "2016-02-24", "acceptedDate": "2016-02-24 12:57:55", "calendarYear": "2015", "period": "FY", "revenue": 1579215000, "costOfRevenue": 617812000, "grossProfit": 961403000, "grossProfitRatio": 0.6087853775, "researchAndDevelopmentExpenses": 0, "generalAndAdministrativeExpenses": 754166000, "sellingAndMarketingExpenses": 83400000, "sellingGeneralAndAdministrativeExpenses": 754166000, "otherExpenses": -9055000, "operatingExpenses": 815763000, "costAndExpenses": 1433575000, "interestIncome": 7341000, "interestExpense": 39050000, "depreciationAndAmortization": 61597000, "ebitda": 197399000, "ebitdaratio": 0.1249981795, "operatingIncome": 136585000, "operatingIncomeRatio": 0.0864891734, "totalOtherIncomeExpensesNet": -9838000, "incomeBeforeTax": 96752000, "incomeBeforeTaxRatio": 0.0612658821, "incomeTaxExpense": 33910000, "netIncome": 63246000, "netIncomeRatio": 0.0400490117, "eps": 0.38, "epsdiluted": 0.38, "weightedAverageShsOut": 164390000, "weightedAverageShsOutDil": 166423000, "link": "https://www.sec.gov/Archives/edgar/data/71691/000007169116000023/0000071691-16-000023-index.htm", "finalLink": "https://www.sec.gov/Archives/edgar/data/71691/000007169116000023/a2015form10-k.htm", "calculatedOtherExpenses": 70652000, "calculatedOperatingExpenses": 824818000, "calculatedNetInterest": -31709000, "calculatedOtherIncome": -8124000, "calculatedIncomeNonControlling": -404000, "calculatedEbitda": 198182000}, {"date": "2014-12-28", "symbol": "NYT", "reportedCurrency": "USD", "cik": "0000071691", "fillingDate": "2015-02-24", "acceptedDate": "2015-02-24 17:17:58", "calendarYear": "2014", "period": "FY", "revenue": 1588528000, "costOfRevenue": 643995000, "grossProfit": 944533000, "grossProfitRatio": 0.5945963811, "researchAndDevelopmentExpenses": 0, "generalAndAdministrativeExpenses": 770580000, "sellingAndMarketingExpenses": 662315000, "sellingGeneralAndAdministrativeExpenses": 770580000, "otherExpenses": 79455000, "operatingExpenses": 850035000, "costAndExpenses": 1494030000, "interestIncome": 5184000, "interestExpense": 53730000, "depreciationAndAmortization": 79455000, "ebitda": 165585000, "ebitdaratio": 0.1042380115, "operatingIncome": 91948000, "operatingIncomeRatio": 0.0578825177, "totalOtherIncomeExpensesNet": -10918000, "incomeBeforeTax": 29850000, "incomeBeforeTaxRatio": 0.0187909813, "incomeTaxExpense": -3541000, "netIncome": 33307000, "netIncomeRatio": 0.0209672099, "eps": 0.22, "epsdiluted": 0.2, "weightedAverageShsOut": 150673000, "weightedAverageShsOutDil": 161323000, "link": "https://www.sec.gov/Archives/edgar/data/71691/000007169115000004/0000071691-15-000004-index.htm", "finalLink": "https://www.sec.gov/Archives/edgar/data/71691/000007169115000004/a2014form10-k.htm", "calculatedOtherExpenses": 82005000, "calculatedOperatingExpenses": 852585000, "calculatedNetInterest": -48546000, "calculatedOtherIncome": -13552000, "calculatedIncomeNonControlling": 84000, "calculatedEbitda": 171403000}, {"date": "2013-12-29", "symbol": "NYT", "reportedCurrency": "USD", "cik": "0000071691", "fillingDate": "2014-02-26", "acceptedDate": "2014-02-26 17:20:35", "calendarYear": "2013", "period": "FY", "revenue": 1577230000, "costOfRevenue": 626913000, "grossProfit": 950317000, "grossProfitRatio": 0.6025227773, "researchAndDevelopmentExpenses": 0, "generalAndAdministrativeExpenses": 709582000, "sellingAndMarketingExpenses": 86000000, "sellingGeneralAndAdministrativeExpenses": 709582000, "otherExpenses": -6171000, "operatingExpenses": 788059000, "costAndExpenses": 1414972000, "interestIncome": 1515000, "interestExpense": 58073000, "depreciationAndAmortization": 78477000, "ebitda": 231349000, "ebitdaratio": 0.1466805729, "operatingIncome": 156087000, "operatingIncomeRatio": 0.0989627385, "totalOtherIncomeExpensesNet": -9386000, "incomeBeforeTax": 94799000, "incomeBeforeTaxRatio": 0.0601047406, "incomeTaxExpense": 37892000, "netIncome": 65105000, "netIncomeRatio": 0.0412780634, "eps": 0.43, "epsdiluted": 0.41, "weightedAverageShsOut": 149755000, "weightedAverageShsOutDil": 157774000, "link": "https://www.sec.gov/Archives/edgar/data/71691/000007169114000004/0000071691-14-000004-index.htm", "finalLink": "https://www.sec.gov/Archives/edgar/data/71691/000007169114000004/a2013form10-k.htm", "calculatedOtherExpenses": 84648000, "calculatedOperatingExpenses": 794230000, "calculatedNetInterest": -56558000, "calculatedOtherIncome": -4730000, "calculatedIncomeNonControlling": -8198000, "calculatedEbitda": 234564000}, {"date": "2012-12-30", "symbol": "NYT", "reportedCurrency": "USD", "cik": "0000071691", "fillingDate": "2013-02-28", "acceptedDate": "2013-02-28 16:38:30", "calendarYear": "2012", "period": "FY", "revenue": 1990080000, "costOfRevenue": 832228000, "grossProfit": 1157852000, "grossProfitRatio": 0.5818117865, "researchAndDevelopmentExpenses": 0, "generalAndAdministrativeExpenses": 950134000, "sellingAndMarketingExpenses": 898078000, "sellingGeneralAndAdministrativeExpenses": 950134000, "otherExpenses": -2620000, "operatingExpenses": 1046892000, "costAndExpenses": 1879120000, "interestIncome": 410000, "interestExpense": 62815000, "depreciationAndAmortization": 96758000, "ebitda": 208102000, "ebitdaratio": 0.1045696655, "operatingIncome": 108340000, "operatingIncomeRatio": 0.0544400225, "totalOtherIncomeExpensesNet": 215159000, "incomeBeforeTax": 263304000, "incomeBeforeTaxRatio": 0.1323082489, "incomeTaxExpense": 103482000, "netIncome": 133173000, "netIncomeRatio": 0.0669184153, "eps": 0.9, "epsdiluted": 0.87, "weightedAverageShsOut": 148147000, "weightedAverageShsOutDil": 152693000, "link": "https://www.sec.gov/Archives/edgar/data/71691/000007169113000004/0000071691-13-000004-index.htm", "finalLink": "https://www.sec.gov/Archives/edgar/data/71691/000007169113000004/a2012form10-k.htm", "calculatedOtherExpenses": 99378000, "calculatedOperatingExpenses": 1049512000, "calculatedNetInterest": -62405000, "calculatedOtherIncome": 217369000, "calculatedIncomeNonControlling": 26649000, "calculatedEbitda": 205098000}, {"date": "2011-12-25", "symbol": "NYT", "reportedCurrency": "USD", "cik": "0000071691", "fillingDate": "2012-02-23", "acceptedDate": "2012-02-23 15:01:36", "calendarYear": "2011", "period": "FY", "revenue": 2323401000, "costOfRevenue": 957467000, "grossProfit": 1365934000, "grossProfitRatio": 0.58790282, "researchAndDevelopmentExpenses": 0, "generalAndAdministrativeExpenses": 0, "sellingAndMarketingExpenses": 0, "sellingGeneralAndAdministrativeExpenses": 1019611000, "otherExpenses": 125182000, "operatingExpenses": 1144793000, "costAndExpenses": 2102260000, "interestIncome": 450000, "interestExpense": 85243000, "depreciationAndAmortization": 116454000, "ebitda": 337651000, "ebitdaratio": 0.1453261835, "operatingIncome": 56707000, "operatingIncomeRatio": 0.0244068932, "totalOtherIncomeExpensesNet": -139672000, "incomeBeforeTax": -3718000, "incomeBeforeTaxRatio": -0.0016002403, "incomeTaxExpense": 36506000, "netIncome": -39669000, "netIncomeRatio": -0.0170736778, "eps": -0.27, "epsdiluted": -0.27, "weightedAverageShsOut": 147190000, "weightedAverageShsOutDil": 147190000, "link": "https://www.sec.gov/Archives/edgar/data/71691/000007169112000003/0000071691-12-000003-index.htm", "finalLink": "https://www.sec.gov/Archives/edgar/data/71691/000007169112000003/a2011form10-k.htm", "calculatedOtherExpenses": 289616000, "calculatedOperatingExpenses": 1309227000, "calculatedNetInterest": -84793000, "calculatedOtherIncome": 24368000, "calculatedIncomeNonControlling": -555000, "calculatedEbitda": 173161000}, {"date": "2010-12-26", "symbol": "NYT", "reportedCurrency": "USD", "cik": "0000071691", "fillingDate": "2011-02-22", "acceptedDate": "2011-02-22 17:02:39", "calendarYear": "2010", "period": "FY", "revenue": 2393463000, "costOfRevenue": 961778000, "grossProfit": 1431685000, "grossProfitRatio": 0.5981646677, "researchAndDevelopmentExpenses": 0, "generalAndAdministrativeExpenses": 0, "sellingAndMarketingExpenses": 0, "sellingGeneralAndAdministrativeExpenses": 1054199000, "otherExpenses": 16148000, "operatingExpenses": 1181417000, "costAndExpenses": 2143195000, "interestIncome": 0, "interestExpense": 85062000, "depreciationAndAmortization": 120950000, "ebitda": 371218000, "ebitdaratio": 0.1550966111, "operatingIncome": 234120000, "operatingIncomeRatio": 0.0978164275, "totalOtherIncomeExpensesNet": 12015000, "incomeBeforeTax": 177221000, "incomeBeforeTaxRatio": 0.07404376, "incomeTaxExpense": 68516000, "netIncome": 107704000, "netIncomeRatio": 0.0449992333, "eps": 0.74, "epsdiluted": 0.71, "weightedAverageShsOut": 145636000, "weightedAverageShsOutDil": 152600000, "link": "https://www.sec.gov/Archives/edgar/data/71691/000119312511042247/0001193125-11-042247-index.htm", "finalLink": "https://www.sec.gov/Archives/edgar/data/71691/000119312511042247/d10k.htm", "calculatedOtherExpenses": 143366000, "calculatedOperatingExpenses": 1197565000, "calculatedNetInterest": -85062000, "calculatedOtherIncome": 28163000, "calculatedIncomeNonControlling": 1001000, "calculatedEbitda": 355070000}, {"date": "2009-12-27", "symbol": "NYT", "reportedCurrency": "USD", "cik": "0000071691", "fillingDate": "2010-02-22", "acceptedDate": "2010-02-22 17:12:00", "calendarYear": "2009", "period": "FY", "revenue": 2440439000, "costOfRevenue": 1021230000, "grossProfit": 1419209000, "grossProfitRatio": 0.5815384035, "researchAndDevelopmentExpenses": 0, "generalAndAdministrativeExpenses": 0, "sellingAndMarketingExpenses": 0, "sellingGeneralAndAdministrativeExpenses": 1152874000, "otherExpenses": 133696000, "operatingExpenses": 1286570000, "costAndExpenses": 2307800000, "interestIncome": 1400, "interestExpense": 81701000, "depreciationAndAmortization": 133696000, "ebitda": 200545000, "ebitdaratio": 0.0821757889, "operatingIncome": 74059000, "operatingIncomeRatio": 0.0303465893, "totalOtherIncomeExpensesNet": 39294000, "incomeBeforeTax": 3775000, "incomeBeforeTaxRatio": 0.0015468528, "incomeTaxExpense": 2206000, "netIncome": 19891000, "netIncomeRatio": 0.0081505827, "eps": 0.14, "epsdiluted": 0.14, "weightedAverageShsOut": 144188000, "weightedAverageShsOutDil": 146367000, "link": "https://www.sec.gov/Archives/edgar/data/71691/000119312510036478/0001193125-10-036478-index.htm", "finalLink": "https://www.sec.gov/Archives/edgar/data/71691/000119312510036478/d10k.htm", "calculatedOtherExpenses": 192276000, "calculatedOperatingExpenses": 1345150000, "calculatedNetInterest": -81699600, "calculatedOtherIncome": 11415600, "calculatedIncomeNonControlling": -18322000, "calculatedEbitda": 207755000}, {"date": "2008-12-28", "symbol": "NYT", "reportedCurrency": "USD", "cik": "0000071691", "fillingDate": "2009-02-26", "acceptedDate": "2009-02-26 11:00:56", "calendarYear": "2008", "period": "FY", "revenue": 2948856000, "costOfRevenue": 1315120000, "grossProfit": 1633736000, "grossProfitRatio": 0.5540236621, "researchAndDevelopmentExpenses": 0, "generalAndAdministrativeExpenses": -447615000, "sellingAndMarketingExpenses": 1779699000, "sellingGeneralAndAdministrativeExpenses": 1332084000, "otherExpenses": 342288000, "operatingExpenses": 1674372000, "costAndExpenses": 2989492000, "interestIncome": 0, "interestExpense": 220808000, "depreciationAndAmortization": 144409000, "ebitda": 301652000, "ebitdaratio": 0.1022945847, "operatingIncome": -40636000, "operatingIncomeRatio": -0.0137802592, "totalOtherIncomeExpensesNet": -180817000, "incomeBeforeTax": -71364000, "incomeBeforeTaxRatio": -0.0242005713, "incomeTaxExpense": -5726000, "netIncome": -57839000, "netIncomeRatio": -0.0196140469, "eps": -0.4, "epsdiluted": -0.4, "weightedAverageShsOut": 143777000, "weightedAverageShsOutDil": 143777000, "link": "https://www.sec.gov/Archives/edgar/data/71691/000110465909012370/0001104659-09-012370-index.htm", "finalLink": "https://www.sec.gov/Archives/edgar/data/71691/000110465909012370/a09-1680_110k.htm", "calculatedOtherExpenses": 342288000, "calculatedOperatingExpenses": 1674372000, "calculatedNetInterest": -220808000, "calculatedOtherIncome": 190080000, "calculatedIncomeNonControlling": -7799000, "calculatedEbitda": 103773000}, {"date": "2007-12-30", "symbol": "NYT", "reportedCurrency": "USD", "cik": "0000071691", "fillingDate": "2008-02-26", "acceptedDate": "2008-02-26 17:20:09", "calendarYear": "2007", "period": "FY", "revenue": 3195077000, "costOfRevenue": 1341096000, "grossProfit": 1853981000, "grossProfitRatio": 0.5802617589, "researchAndDevelopmentExpenses": 0, "generalAndAdministrativeExpenses": -650055000, "sellingAndMarketingExpenses": 2047468000, "sellingGeneralAndAdministrativeExpenses": 1397413000, "otherExpenses": 229139000, "operatingExpenses": 1626552000, "costAndExpenses": 2967648000, "interestIncome": 0, "interestExpense": -17834000, "depreciationAndAmortization": 189561000, "ebitda": 456568000, "ebitdaratio": 0.1428973386, "operatingIncome": 227429000, "operatingIncomeRatio": 0.0711810701, "totalOtherIncomeExpensesNet": -42196000, "incomeBeforeTax": 184969000, "incomeBeforeTaxRatio": 0.0578918755, "incomeTaxExpense": 76137000, "netIncome": 208704000, "netIncomeRatio": 0.0653204915, "eps": 1.45, "epsdiluted": 1.45, "weightedAverageShsOut": 143889000, "weightedAverageShsOutDil": 144158000, "link": "https://www.sec.gov/Archives/edgar/data/71691/000110465908012938/0001104659-08-012938-index.htm", "finalLink": "https://www.sec.gov/Archives/edgar/data/71691/000110465908012938/a08-3879_210k.htm", "calculatedOtherExpenses": 229139000, "calculatedOperatingExpenses": 1626552000, "calculatedNetInterest": 17834000, "calculatedOtherIncome": -60294000, "calculatedIncomeNonControlling": -99872000, "calculatedEbitda": 416990000}, {"date": "2006-12-31", "symbol": "NYT", "reportedCurrency": "USD", "cik": "0000071691", "fillingDate": "2007-03-01", "acceptedDate": "2007-03-01 17:16:39", "calendarYear": "2006", "period": "FY", "revenue": 3289903000, "costOfRevenue": 1529529000, "grossProfit": 1760374000, "grossProfitRatio": 0.5350838611, "researchAndDevelopmentExpenses": 0, "generalAndAdministrativeExpenses": -687384000, "sellingAndMarketingExpenses": 2153936000, "sellingGeneralAndAdministrativeExpenses": 1466552000, "otherExpenses": 814433000, "operatingExpenses": 2280985000, "costAndExpenses": 3810514000, "interestIncome": 0, "interestExpense": 820657000, "depreciationAndAmortization": 169853000, "ebitda": 463675000, "ebitdaratio": 0.1409388058, "operatingIncome": -520611000, "operatingIncomeRatio": -0.1582450911, "totalOtherIncomeExpensesNet": -795093000, "incomeBeforeTax": -551922000, "incomeBeforeTaxRatio": -0.167762393, "incomeTaxExpense": 16608000, "netIncome": -543443000, "netIncomeRatio": -0.1651851134, "eps": -3.76, "epsdiluted": -3.76, "weightedAverageShsOut": 144579000, "weightedAverageShsOutDil": 144579000, "link": "https://www.sec.gov/Archives/edgar/data/71691/000110465907015629/0001104659-07-015629-index.htm", "finalLink": "https://www.sec.gov/Archives/edgar/data/71691/000110465907015629/a07-2276_410k.htm", "calculatedOtherExpenses": 814433000, "calculatedOperatingExpenses": 2280985000, "calculatedNetInterest": -820657000, "calculatedOtherIncome": 789346000, "calculatedIncomeNonControlling": -25087000, "calculatedEbitda": -350758000}, {"date": "2005-12-25", "symbol": "NYT", "reportedCurrency": "USD", "cik": "0000071691", "fillingDate": "2006-02-23", "acceptedDate": "2006-02-23 17:27:09", "calendarYear": "2005", "period": "FY", "revenue": 3372775000, "costOfRevenue": 1540384000, "grossProfit": 1832391000, "grossProfitRatio": 0.5432888349, "researchAndDevelopmentExpenses": 0, "generalAndAdministrativeExpenses": 0, "sellingAndMarketingExpenses": 0, "sellingGeneralAndAdministrativeExpenses": 1474283000, "otherExpenses": -122946000, "operatingExpenses": 1351337000, "costAndExpenses": 2891721000, "interestIncome": 0, "interestExpense": -91338000, "depreciationAndAmortization": 143769000, "ebitda": 492426000, "ebitdaratio": 0.146000252, "operatingIncome": 481054000, "operatingIncomeRatio": 0.1426285477, "totalOtherIncomeExpensesNet": 132397000, "incomeBeforeTax": 446104000, "incomeBeforeTaxRatio": 0.1322661607, "incomeTaxExpense": 180242000, "netIncome": 259753000, "netIncomeRatio": 0.0770146245, "eps": 1.74, "epsdiluted": 1.74, "weightedAverageShsOut": 145440000, "weightedAverageShsOutDil": 145877000, "link": "https://www.sec.gov/Archives/edgar/data/71691/000104746906002366/0001047469-06-002366-index.htm", "finalLink": "https://www.sec.gov/Archives/edgar/data/71691/000104746906002366/a2167394z10-k.htm", "calculatedOtherExpenses": -122946000, "calculatedOperatingExpenses": 1351337000, "calculatedNetInterest": 91338000, "calculatedOtherIncome": -126288000, "calculatedIncomeNonControlling": 6109000, "calculatedEbitda": 624823000}, {"date": "2004-12-26", "symbol": "NYT", "reportedCurrency": "USD", "cik": "0000071691", "fillingDate": "2005-02-24", "acceptedDate": "2005-02-24 15:27:32", "calendarYear": "2004", "period": "FY", "revenue": 3303642000, "costOfRevenue": 1475548000, "grossProfit": 1828094000, "grossProfitRatio": 0.5533571737, "researchAndDevelopmentExpenses": 0, "generalAndAdministrativeExpenses": -876503000, "sellingAndMarketingExpenses": 2194644000, "sellingGeneralAndAdministrativeExpenses": 1318141000, "otherExpenses": 0, "operatingExpenses": 1318141000, "costAndExpenses": 2793689000, "interestIncome": 0, "interestExpense": 25445000, "depreciationAndAmortization": 146788000, "ebitda": 648289000, "ebitdaratio": 0.1962346404, "operatingIncome": 509953000, "operatingIncomeRatio": 0.1543608539, "totalOtherIncomeExpensesNet": 8452000, "incomeBeforeTax": 476645000, "incomeBeforeTaxRatio": 0.1442786476, "incomeTaxExpense": 183499000, "netIncome": 292557000, "netIncomeRatio": 0.0885559028, "eps": 1.95, "epsdiluted": 1.93, "weightedAverageShsOut": 147567000, "weightedAverageShsOutDil": 149357000, "link": "https://www.sec.gov/Archives/edgar/data/71691/000104746905004590/0001047469-05-004590-index.htm", "finalLink": "https://www.sec.gov/Archives/edgar/data/71691/000104746905004590/a2152141z10-k.htm", "calculatedOtherExpenses": 0, "calculatedOperatingExpenses": 1318141000, "calculatedNetInterest": -25445000, "calculatedOtherIncome": -7863000, "calculatedIncomeNonControlling": 589000, "calculatedEbitda": 656741000}, {"date": "2003-12-28", "symbol": "NYT", "reportedCurrency": "USD", "cik": "0000071691", "fillingDate": "2004-02-20", "acceptedDate": "2004-02-20 17:29:06", "calendarYear": "2003", "period": "FY", "revenue": 3227200000, "costOfRevenue": 1428795000, "grossProfit": 1798405000, "grossProfitRatio": 0.5572648116, "researchAndDevelopmentExpenses": 0, "generalAndAdministrativeExpenses": 0, "sellingAndMarketingExpenses": 0, "sellingGeneralAndAdministrativeExpenses": 1258855000, "otherExpenses": 0, "operatingExpenses": 1258855000, "costAndExpenses": 2687650000, "interestIncome": 0, "interestExpense": 34079000, "depreciationAndAmortization": 147747000, "ebitda": 682243000, "ebitdaratio": 0.2114040035, "operatingIncome": 539550000, "operatingIncomeRatio": 0.1671882747, "totalOtherIncomeExpensesNet": 5054000, "incomeBeforeTax": 499847000, "incomeBeforeTaxRatio": 0.1548856594, "incomeTaxExpense": 197762000, "netIncome": 302655000, "netIncomeRatio": 0.0937825359, "eps": 2.01, "epsdiluted": 1.98, "weightedAverageShsOut": 150285000, "weightedAverageShsOutDil": 152840000, "link": "https://www.sec.gov/Archives/edgar/data/71691/000104746904005136/0001047469-04-005136-index.htm", "finalLink": "https://www.sec.gov/Archives/edgar/data/71691/000104746904005136/a2127962z10-k.htm", "calculatedOtherExpenses": 0, "calculatedOperatingExpenses": 1258855000, "calculatedNetInterest": -34079000, "calculatedOtherIncome": -5624000, "calculatedIncomeNonControlling": -570000, "calculatedEbitda": 687297000}, {"date": "2002-12-29", "symbol": "NYT", "reportedCurrency": "USD", "cik": "0000071691", "fillingDate": "2003-02-24", "acceptedDate": "2003-02-24 13:27:35", "calendarYear": "2002", "period": "FY", "revenue": 3079007000, "costOfRevenue": 1352632000, "grossProfit": 1726375000, "grossProfitRatio": 0.5606921322, "researchAndDevelopmentExpenses": 0, "generalAndAdministrativeExpenses": -860704000, "sellingAndMarketingExpenses": 2042211000, "sellingGeneralAndAdministrativeExpenses": 1181507000, "otherExpenses": 0, "operatingExpenses": 1181507000, "costAndExpenses": 2534139000, "interestIncome": 0, "interestExpense": 61527000, "depreciationAndAmortization": 153347000, "ebitda": 706261000, "ebitdaratio": 0.229379472, "operatingIncome": 544868000, "operatingIncomeRatio": 0.1769622479, "totalOtherIncomeExpensesNet": -8046000, "incomeBeforeTax": 491387000, "incomeBeforeTaxRatio": 0.1595926869, "incomeTaxExpense": 191640000, "netIncome": 299747000, "netIncomeRatio": 0.097351841, "eps": 1.98, "epsdiluted": 1.94, "weightedAverageShsOut": 151563000, "weightedAverageShsOutDil": 154805000, "link": "https://www.sec.gov/Archives/edgar/data/71691/000104746903006543/0001047469-03-006543-index.htm", "finalLink": "https://www.sec.gov/Archives/edgar/data/71691/000104746903006543/a2100471z10-k.htm", "calculatedOtherExpenses": 0, "calculatedOperatingExpenses": 1181507000, "calculatedNetInterest": -61527000, "calculatedOtherIncome": 8046000, "calculatedIncomeNonControlling": 0, "calculatedEbitda": 698215000}, {"date": "2001-12-30", "symbol": "NYT", "reportedCurrency": "USD", "cik": "0000071691", "fillingDate": "2002-02-22", "acceptedDate": "2002-02-22 00:00:00", "calendarYear": "2001", "period": "FY", "revenue": 3015958000, "costOfRevenue": 1362864000, "grossProfit": 1653094000, "grossProfitRatio": 0.5481157231, "researchAndDevelopmentExpenses": 0, "generalAndAdministrativeExpenses": 0, "sellingAndMarketingExpenses": 0, "sellingGeneralAndAdministrativeExpenses": 1278691000, "otherExpenses": 0, "operatingExpenses": 1278691000, "costAndExpenses": 2641555000, "interestIncome": 0, "interestExpense": -220551000, "depreciationAndAmortization": 194008000, "ebitda": 555761000, "ebitdaratio": 0.1842734547, "operatingIncome": 374403000, "operatingIncomeRatio": 0.1241406545, "totalOtherIncomeExpensesNet": 12650000, "incomeBeforeTax": 339854000, "incomeBeforeTaxRatio": 0.1126852562, "incomeTaxExpense": 137632000, "netIncome": 444672000, "netIncomeRatio": 0.147439719, "eps": 2.83, "epsdiluted": 2.78, "weightedAverageShsOut": 157082000, "weightedAverageShsOutDil": 160081000, "link": "https://www.sec.gov/Archives/edgar/data/71691/000100547702000811/0001005477-02-000811-index.htm", "finalLink": "https://www.sec.gov/Archives/edgar/data/71691/000100547702000811/d02-35767.txt", "calculatedOtherExpenses": 0, "calculatedOperatingExpenses": 1278691000, "calculatedNetInterest": 220551000, "calculatedOtherIncome": -255100000, "calculatedIncomeNonControlling": -242450000, "calculatedEbitda": 568411000}, {"date": "2000-12-31", "symbol": "NYT", "reportedCurrency": "USD", "cik": "0000071691", "fillingDate": "2001-02-21", "acceptedDate": "2001-02-21 00:00:00", "calendarYear": "2000", "period": "FY", "revenue": 3489455000, "costOfRevenue": 1230077000, "grossProfit": 2259378000, "grossProfitRatio": 0.6474873583, "researchAndDevelopmentExpenses": 0, "generalAndAdministrativeExpenses": 0, "sellingAndMarketingExpenses": 0, "sellingGeneralAndAdministrativeExpenses": 1395484000, "otherExpenses": 227973000, "operatingExpenses": 1623457000, "costAndExpenses": 2853534000, "interestIncome": 0, "interestExpense": -138428000, "depreciationAndAmortization": 227973000, "ebitda": 762631000, "ebitdaratio": 0.2185530405, "operatingIncome": 635921000, "operatingIncomeRatio": 0.1822407797, "totalOtherIncomeExpensesNet": 101263000, "incomeBeforeTax": 673086000, "incomeBeforeTaxRatio": 0.1928914401, "incomeTaxExpense": 275550000, "netIncome": 397536000, "netIncomeRatio": 0.1139249539, "eps": 2.37, "epsdiluted": 2.32, "weightedAverageShsOut": 167987000, "weightedAverageShsOutDil": 171597000, "link": "https://www.sec.gov/Archives/edgar/data/71691/000100547701001357/0001005477-01-001357-index.htm", "finalLink": "https://www.sec.gov/Archives/edgar/data/71691/000100547701001357/0001005477-01-001357-0001.txt", "calculatedOtherExpenses": 227973000, "calculatedOperatingExpenses": 1623457000, "calculatedNetInterest": 138428000, "calculatedOtherIncome": -101263000, "calculatedIncomeNonControlling": 0, "calculatedEbitda": 863894000}, {"date": "1999-12-26", "symbol": "NYT", "reportedCurrency": "USD", "cik": "0000071691", "fillingDate": "2000-03-14", "acceptedDate": "2000-03-14 00:00:00", "calendarYear": "1999", "period": "FY", "revenue": 3130600000, "costOfRevenue": 1181300000, "grossProfit": 1949300000, "grossProfitRatio": 0.6226601929, "researchAndDevelopmentExpenses": 0, "generalAndAdministrativeExpenses": 0, "sellingAndMarketingExpenses": 0, "sellingGeneralAndAdministrativeExpenses": 1180500000, "otherExpenses": 197500000, "operatingExpenses": 1378000000, "costAndExpenses": 2559300000, "interestIncome": 0, "interestExpense": 14900000, "depreciationAndAmortization": 197500000, "ebitda": 750900000, "ebitdaratio": 0.2398581742, "operatingIncome": 571300000, "operatingIncomeRatio": 0.1824889797, "totalOtherIncomeExpensesNet": 17900000, "incomeBeforeTax": 538500000, "incomeBeforeTaxRatio": 0.1720117549, "incomeTaxExpense": 228300000, "netIncome": 310200000, "netIncomeRatio": 0.0990864371, "eps": 1.77, "epsdiluted": 1.73, "weightedAverageShsOut": 175587000, "weightedAverageShsOutDil": 179244000, "link": "https://www.sec.gov/Archives/edgar/data/71691/000100547700002185/0001005477-00-002185-index.html", "finalLink": "https://www.sec.gov/Archives/edgar/data/71691/000100547700002185/", "calculatedOtherExpenses": 197500000, "calculatedOperatingExpenses": 1378000000, "calculatedNetInterest": -14900000, "calculatedOtherIncome": -17900000, "calculatedIncomeNonControlling": 0, "calculatedEbitda": 768800000}, {"date": "1998-12-27", "symbol": "NYT", "reportedCurrency": "USD", "cik": "0000071691", "fillingDate": "1999-02-26", "acceptedDate": "1999-02-26 00:00:00", "calendarYear": "1998", "period": "FY", "revenue": 2936700000, "costOfRevenue": 1273400000, "grossProfit": 1663300000, "grossProfitRatio": 0.5663840365, "researchAndDevelopmentExpenses": 0, "generalAndAdministrativeExpenses": 0, "sellingAndMarketingExpenses": 0, "sellingGeneralAndAdministrativeExpenses": 959800000, "otherExpenses": 188200000, "operatingExpenses": 1148000000, "costAndExpenses": 2421400000, "interestIncome": 0, "interestExpense": -16100000, "depreciationAndAmortization": 188200000, "ebitda": 669900000, "ebitdaratio": 0.2281131883, "operatingIncome": 515300000, "operatingIncomeRatio": 0.1754690639, "totalOtherIncomeExpensesNet": 33600000, "incomeBeforeTax": 505500000, "incomeBeforeTaxRatio": 0.1721319849, "incomeTaxExpense": 218900000, "netIncome": 278900000, "netIncomeRatio": 0.0949705452, "eps": 1.48, "epsdiluted": 1.45, "weightedAverageShsOut": 188762000, "weightedAverageShsOutDil": 192846000, "link": "https://www.sec.gov/Archives/edgar/data/71691/0001005477-99-000896-index.html", "finalLink": "https://www.sec.gov/Archives/edgar/data/71691/0001005477-99-000896.txt", "calculatedOtherExpenses": 188200000, "calculatedOperatingExpenses": 1148000000, "calculatedNetInterest": 16100000, "calculatedOtherIncome": -25900000, "calculatedIncomeNonControlling": 7700000, "calculatedEbitda": 703500000}, {"date": "1997-12-28", "symbol": "NYT", "reportedCurrency": "USD", "cik": "0000071691", "fillingDate": "1998-03-02", "acceptedDate": "1998-03-02 00:00:00", "calendarYear": "1997", "period": "FY", "revenue": 2866400000, "costOfRevenue": 1238400000, "grossProfit": 1628000000, "grossProfitRatio": 0.5679598102, "researchAndDevelopmentExpenses": 0, "generalAndAdministrativeExpenses": 0, "sellingAndMarketingExpenses": 0, "sellingGeneralAndAdministrativeExpenses": 999100000, "otherExpenses": 173900000, "operatingExpenses": 1173000000, "costAndExpenses": 2411400000, "interestIncome": 0, "interestExpense": -6800000, "depreciationAndAmortization": 173900000, "ebitda": 604500000, "ebitdaratio": 0.2108917109, "operatingIncome": 455000000, "operatingIncomeRatio": 0.1587356963, "totalOtherIncomeExpensesNet": 24400000, "incomeBeforeTax": 437400000, "incomeBeforeTaxRatio": 0.1525955903, "incomeTaxExpense": 175100000, "netIncome": 262300000, "netIncomeRatio": 0.0915085124, "eps": 1.36, "epsdiluted": 1.33, "weightedAverageShsOut": 192794118, "weightedAverageShsOutDil": 197142857, "link": "https://www.sec.gov/Archives/edgar/data/71691/000104746998008282/0001047469-98-008282-index.html", "finalLink": "https://www.sec.gov/Archives/edgar/data/71691/", "calculatedOtherExpenses": 173900000, "calculatedOperatingExpenses": 1173000000, "calculatedNetInterest": 6800000, "calculatedOtherIncome": -24400000, "calculatedIncomeNonControlling": 0, "calculatedEbitda": 628900000}, {"date": "1996-12-29", "symbol": "NYT", "reportedCurrency": "USD", "cik": "0000071691", "fillingDate": "1997-03-28", "acceptedDate": "1997-03-28 00:00:00", "calendarYear": "1996", "period": "FY", "revenue": 2615000000, "costOfRevenue": 1200000000, "grossProfit": 1415000000, "grossProfitRatio": 0.5411089866, "researchAndDevelopmentExpenses": 0, "generalAndAdministrativeExpenses": 0, "sellingAndMarketingExpenses": 0, "sellingGeneralAndAdministrativeExpenses": 967100000, "otherExpenses": 147900000, "operatingExpenses": 1115000000, "costAndExpenses": 2315000000, "interestIncome": 0, "interestExpense": 177800000, "depreciationAndAmortization": 147900000, "ebitda": 523600000, "ebitdaratio": 0.2002294455, "operatingIncome": 300000000, "operatingIncomeRatio": 0.1147227533, "totalOtherIncomeExpensesNet": -75700000, "incomeBeforeTax": 197900000, "incomeBeforeTaxRatio": 0.0756787763, "incomeTaxExpense": 113400000, "netIncome": 84500000, "netIncomeRatio": 0.0323135755, "eps": 0.44, "epsdiluted": 0.43, "weightedAverageShsOut": 191818182, "weightedAverageShsOutDil": 196279070, "link": "https://www.sec.gov/Archives/edgar/data/71691/000091205797010816/0000912057-97-010816-index.html", "finalLink": "https://www.sec.gov/Archives/edgar/data/71691/", "calculatedOtherExpenses": 147900000, "calculatedOperatingExpenses": 1115000000, "calculatedNetInterest": -177800000, "calculatedOtherIncome": 75700000, "calculatedIncomeNonControlling": 0, "calculatedEbitda": 447900000}, {"date": "1995-12-31", "symbol": "NYT", "reportedCurrency": "USD", "cik": "0000071691", "fillingDate": "1996-03-11", "acceptedDate": "1996-03-11 00:00:00", "calendarYear": "1995", "period": "FY", "revenue": 2409400000, "costOfRevenue": 1165400000, "grossProfit": 1244000000, "grossProfitRatio": 0.5163111148, "researchAndDevelopmentExpenses": 0, "generalAndAdministrativeExpenses": 0, "sellingAndMarketingExpenses": 0, "sellingGeneralAndAdministrativeExpenses": 876400000, "otherExpenses": 139000000, "operatingExpenses": 1015400000, "costAndExpenses": 2180800000, "interestIncome": 0, "interestExpense": -25400000, "depreciationAndAmortization": 139000000, "ebitda": 342300000, "ebitdaratio": 0.1420685648, "operatingIncome": 228600000, "operatingIncomeRatio": 0.094878393, "totalOtherIncomeExpensesNet": 25300000, "incomeBeforeTax": 228700000, "incomeBeforeTaxRatio": 0.0949198971, "incomeTaxExpense": 92800000, "netIncome": 135900000, "netIncomeRatio": 0.056404084, "eps": 0.7, "epsdiluted": 0.7, "weightedAverageShsOut": 193708000, "weightedAverageShsOutDil": 193962264, "link": "https://www.sec.gov/Archives/edgar/data/71691/000095011296000742/0000950112-96-000742-index.html", "finalLink": "https://www.sec.gov/Archives/edgar/data/71691/", "calculatedOtherExpenses": 139000000, "calculatedOperatingExpenses": 1015400000, "calculatedNetInterest": 25400000, "calculatedOtherIncome": -25300000, "calculatedIncomeNonControlling": 0, "calculatedEbitda": 367600000}, {"date": "1994-12-31", "symbol": "NYT", "reportedCurrency": "USD", "cik": "0000071691", "fillingDate": "1995-03-09", "acceptedDate": "1995-03-09 00:00:00", "calendarYear": "1994", "period": "FY", "revenue": 2357600000, "costOfRevenue": 1108400000, "grossProfit": 1249200000, "grossProfitRatio": 0.5298608755, "researchAndDevelopmentExpenses": 0, "generalAndAdministrativeExpenses": 0, "sellingAndMarketingExpenses": 0, "sellingGeneralAndAdministrativeExpenses": 883600000, "otherExpenses": 154300000, "operatingExpenses": 1037900000, "costAndExpenses": 2146300000, "interestIncome": 0, "interestExpense": -376700000, "depreciationAndAmortization": 154300000, "ebitda": 164800000, "ebitdaratio": 0.0699015948, "operatingIncome": 211300000, "operatingIncomeRatio": 0.0896250424, "totalOtherIncomeExpensesNet": 200800000, "incomeBeforeTax": 387200000, "incomeBeforeTaxRatio": 0.1642348151, "incomeTaxExpense": 173900000, "netIncome": 213300000, "netIncomeRatio": 0.0904733627, "eps": 1.02, "epsdiluted": 1.02, "weightedAverageShsOut": 208140000, "weightedAverageShsOutDil": 210609756, "link": "https://www.sec.gov/Archives/edgar/data/71691/000095011295000622/0000950112-95-000622-index.html", "finalLink": "https://www.sec.gov/Archives/edgar/data/71691/", "calculatedOtherExpenses": 154300000, "calculatedOperatingExpenses": 1037900000, "calculatedNetInterest": 376700000, "calculatedOtherIncome": -200800000, "calculatedIncomeNonControlling": 0, "calculatedEbitda": 365600000}, {"date": "1993-12-31", "symbol": "NYT", "reportedCurrency": "USD", "cik": "0000071691", "fillingDate": "1994-03-21", "acceptedDate": "1994-03-21 00:00:00", "calendarYear": "1993", "period": "FY", "revenue": 2019700000, "costOfRevenue": 1007800000, "grossProfit": 1011900000, "grossProfitRatio": 0.5010150022, "researchAndDevelopmentExpenses": 0, "generalAndAdministrativeExpenses": 0, "sellingAndMarketingExpenses": 0, "sellingGeneralAndAdministrativeExpenses": 756500000, "otherExpenses": 128800000, "operatingExpenses": 885300000, "costAndExpenses": 1893100000, "interestIncome": 0, "interestExpense": 77300000, "depreciationAndAmortization": 128800000, "ebitda": 255400000, "ebitdaratio": 0.1264544239, "operatingIncome": 126600000, "operatingIncomeRatio": 0.0626825766, "totalOtherIncomeExpensesNet": -77300000, "incomeBeforeTax": 49300000, "incomeBeforeTaxRatio": 0.0244095658, "incomeTaxExpense": 43200000, "netIncome": 6100000, "netIncomeRatio": 0.0030202505, "eps": 0.04, "epsdiluted": 0.04, "weightedAverageShsOut": 150000000, "weightedAverageShsOutDil": 150000000, "link": "https://www.sec.gov/Archives/edgar/data/71691/000095011294000712/0000950112-94-000712-index.html", "finalLink": "https://www.sec.gov/Archives/edgar/data/71691/", "calculatedOtherExpenses": 128800000, "calculatedOperatingExpenses": 885300000, "calculatedNetInterest": -77300000, "calculatedOtherIncome": 0, "calculatedIncomeNonControlling": 0, "calculatedEbitda": 255400000}, {"date": "1992-12-31", "symbol": "NYT", "reportedCurrency": "USD", "cik": "0000071691", "fillingDate": "1992-12-31", "acceptedDate": "1992-12-31 00:00:00", "calendarYear": "1992", "period": "FY", "revenue": 1773500000, "costOfRevenue": 896700000, "grossProfit": 876800000, "grossProfitRatio": 0.494389625, "researchAndDevelopmentExpenses": 0, "generalAndAdministrativeExpenses": 0, "sellingAndMarketingExpenses": 0, "sellingGeneralAndAdministrativeExpenses": 680500000, "otherExpenses": 107900000, "operatingExpenses": 788400000, "costAndExpenses": 1685100000, "interestIncome": 0, "interestExpense": 175800000, "depreciationAndAmortization": 107900000, "ebitda": 250100000, "ebitdaratio": 0.1410205808, "operatingIncome": 88400000, "operatingIncomeRatio": 0.0498449394, "totalOtherIncomeExpensesNet": -53800000, "incomeBeforeTax": -200000, "incomeBeforeTaxRatio": -0.0001127714, "incomeTaxExpense": 11100000, "netIncome": -44700000, "netIncomeRatio": -0.0252043981, "eps": -0.29, "epsdiluted": -0.29, "weightedAverageShsOut": 154482759, "weightedAverageShsOutDil": 154482759, "link": null, "finalLink": null, "calculatedOtherExpenses": 107900000, "calculatedOperatingExpenses": 788400000, "calculatedNetInterest": -175800000, "calculatedOtherIncome": 87200000, "calculatedIncomeNonControlling": 33400000, "calculatedEbitda": 196300000}, {"date": "1991-12-31", "symbol": "NYT", "reportedCurrency": "USD", "cik": "0000071691", "fillingDate": "1991-12-31", "acceptedDate": "1991-12-31 00:00:00", "calendarYear": "1991", "period": "FY", "revenue": 1703100000, "costOfRevenue": 918900000, "grossProfit": 784200000, "grossProfitRatio": 0.4604544654, "researchAndDevelopmentExpenses": 0, "generalAndAdministrativeExpenses": 0, "sellingAndMarketingExpenses": 0, "sellingGeneralAndAdministrativeExpenses": 618100000, "otherExpenses": 72400000, "operatingExpenses": 690500000, "costAndExpenses": 1609400000, "interestIncome": 0, "interestExpense": 24900000, "depreciationAndAmortization": 72400000, "ebitda": 166100000, "ebitdaratio": 0.0975280371, "operatingIncome": 93700000, "operatingIncomeRatio": 0.0550173214, "totalOtherIncomeExpensesNet": -24900000, "incomeBeforeTax": 68800000, "incomeBeforeTaxRatio": 0.0403969233, "incomeTaxExpense": 21800000, "netIncome": 47000000, "netIncomeRatio": 0.0275967354, "eps": 0.3, "epsdiluted": 0.3, "weightedAverageShsOut": 156333333, "weightedAverageShsOutDil": 156333333, "link": null, "finalLink": null, "calculatedOtherExpenses": 72400000, "calculatedOperatingExpenses": 690500000, "calculatedNetInterest": -24900000, "calculatedOtherIncome": 0, "calculatedIncomeNonControlling": 0, "calculatedEbitda": 166100000}, {"date": "1990-12-31", "symbol": "NYT", "reportedCurrency": "USD", "cik": "0000071691", "fillingDate": "1990-12-31", "acceptedDate": "1990-12-31 00:00:00", "calendarYear": "1990", "period": "FY", "revenue": 1776800000, "costOfRevenue": 914800000, "grossProfit": 862000000, "grossProfitRatio": 0.485141828, "researchAndDevelopmentExpenses": 0, "generalAndAdministrativeExpenses": 0, "sellingAndMarketingExpenses": 0, "sellingGeneralAndAdministrativeExpenses": 605900000, "otherExpenses": 126200000, "operatingExpenses": 732100000, "costAndExpenses": 1646900000, "interestIncome": 0, "interestExpense": 15800000, "depreciationAndAmortization": 126200000, "ebitda": 256100000, "ebitdaratio": 0.1441355245, "operatingIncome": 129900000, "operatingIncomeRatio": 0.0731089599, "totalOtherIncomeExpensesNet": -15800000, "incomeBeforeTax": 114100000, "incomeBeforeTaxRatio": 0.0642165691, "incomeTaxExpense": 49300000, "netIncome": 64800000, "netIncomeRatio": 0.0364700585, "eps": 0.42, "epsdiluted": 0.42, "weightedAverageShsOut": 154047619, "weightedAverageShsOutDil": 154047619, "link": null, "finalLink": null, "calculatedOtherExpenses": 126200000, "calculatedOperatingExpenses": 732100000, "calculatedNetInterest": -15800000, "calculatedOtherIncome": 0, "calculatedIncomeNonControlling": 0, "calculatedEbitda": 256100000}, {"date": "1989-12-31", "symbol": "NYT", "reportedCurrency": "USD", "cik": "0000071691", "fillingDate": "1989-12-31", "acceptedDate": "1989-12-31 00:00:00", "calendarYear": "1989", "period": "FY", "revenue": 1768900000, "costOfRevenue": 897800000, "grossProfit": 871100000, "grossProfitRatio": 0.4924529369, "researchAndDevelopmentExpenses": 0, "generalAndAdministrativeExpenses": 0, "sellingAndMarketingExpenses": 0, "sellingGeneralAndAdministrativeExpenses": 603100000, "otherExpenses": 99000000, "operatingExpenses": 702100000, "costAndExpenses": 1599900000, "interestIncome": 0, "interestExpense": -161900000, "depreciationAndAmortization": 99000000, "ebitda": 268000000, "ebitdaratio": 0.151506586, "operatingIncome": 169000000, "operatingIncomeRatio": 0.0955396009, "totalOtherIncomeExpensesNet": -36500000, "incomeBeforeTax": 132500000, "incomeBeforeTaxRatio": 0.0749053084, "incomeTaxExpense": 64300000, "netIncome": 266600000, "netIncomeRatio": 0.1507151337, "eps": 1.7, "epsdiluted": 1.69, "weightedAverageShsOut": 156764706, "weightedAverageShsOutDil": 157692308, "link": null, "finalLink": null, "calculatedOtherExpenses": 99000000, "calculatedOperatingExpenses": 702100000, "calculatedNetInterest": 161900000, "calculatedOtherIncome": -198400000, "calculatedIncomeNonControlling": -198400000, "calculatedEbitda": 268000000}, {"date": "1988-12-31", "symbol": "NYT", "reportedCurrency": "USD", "cik": "0000071691", "fillingDate": "1988-12-31", "acceptedDate": "1988-12-31 00:00:00", "calendarYear": "1988", "period": "FY", "revenue": 1700000000, "costOfRevenue": 869700000, "grossProfit": 830300000, "grossProfitRatio": 0.4884117647, "researchAndDevelopmentExpenses": 0, "generalAndAdministrativeExpenses": 0, "sellingAndMarketingExpenses": 0, "sellingGeneralAndAdministrativeExpenses": 488600000, "otherExpenses": 90700000, "operatingExpenses": 579300000, "costAndExpenses": 1449000000, "interestIncome": 0, "interestExpense": -37400000, "depreciationAndAmortization": 90700000, "ebitda": 312800000, "ebitdaratio": 0.184, "operatingIncome": 251000000, "operatingIncomeRatio": 0.1476470588, "totalOtherIncomeExpensesNet": 28900000, "incomeBeforeTax": 252800000, "incomeBeforeTaxRatio": 0.1487058824, "incomeTaxExpense": 91800000, "netIncome": 167700000, "netIncomeRatio": 0.0986470588, "eps": 1.04, "epsdiluted": 1.04, "weightedAverageShsOut": 161153846, "weightedAverageShsOutDil": 161153846, "link": null, "finalLink": null, "calculatedOtherExpenses": 90700000, "calculatedOperatingExpenses": 579300000, "calculatedNetInterest": 37400000, "calculatedOtherIncome": -35600000, "calculatedIncomeNonControlling": -6700000, "calculatedEbitda": 341700000}, {"date": "1987-12-31", "symbol": "NYT", "reportedCurrency": "USD", "cik": "0000071691", "fillingDate": "1987-12-31", "acceptedDate": "1987-12-31 00:00:00", "calendarYear": "1987", "period": "FY", "revenue": 1689600000, "costOfRevenue": 833800000, "grossProfit": 855800000, "grossProfitRatio": 0.5065104167, "researchAndDevelopmentExpenses": 0, "generalAndAdministrativeExpenses": 0, "sellingAndMarketingExpenses": 0, "sellingGeneralAndAdministrativeExpenses": 482900000, "otherExpenses": 81500000, "operatingExpenses": 564400000, "costAndExpenses": 1398200000, "interestIncome": 0, "interestExpense": -13000000, "depreciationAndAmortization": 81500000, "ebitda": 354900000, "ebitdaratio": 0.2100497159, "operatingIncome": 291400000, "operatingIncomeRatio": 0.1724668561, "totalOtherIncomeExpensesNet": 18000000, "incomeBeforeTax": 286400000, "incomeBeforeTaxRatio": 0.1695075758, "incomeTaxExpense": 126100000, "netIncome": 160300000, "netIncomeRatio": 0.0948745265, "eps": 0.98, "epsdiluted": 0.98, "weightedAverageShsOut": 163469388, "weightedAverageShsOutDil": 163469388, "link": null, "finalLink": null, "calculatedOtherExpenses": 81500000, "calculatedOperatingExpenses": 564400000, "calculatedNetInterest": 13000000, "calculatedOtherIncome": -18000000, "calculatedIncomeNonControlling": 0, "calculatedEbitda": 372900000}, {"date": "1986-12-31", "symbol": "NYT", "reportedCurrency": "USD", "cik": "0000071691", "fillingDate": "1986-12-31", "acceptedDate": "1986-12-31 00:00:00", "calendarYear": "1986", "period": "FY", "revenue": 1564700000, "costOfRevenue": 782900000, "grossProfit": 781800000, "grossProfitRatio": 0.4996484949, "researchAndDevelopmentExpenses": 0, "generalAndAdministrativeExpenses": 0, "sellingAndMarketingExpenses": 0, "sellingGeneralAndAdministrativeExpenses": 434900000, "otherExpenses": 75200000, "operatingExpenses": 510100000, "costAndExpenses": 1293000000, "interestIncome": 0, "interestExpense": -5500000, "depreciationAndAmortization": 75200000, "ebitda": 325300000, "ebitdaratio": 0.2078992778, "operatingIncome": 271700000, "operatingIncomeRatio": 0.1736435099, "totalOtherIncomeExpensesNet": 21600000, "incomeBeforeTax": 255600000, "incomeBeforeTaxRatio": 0.1633539976, "incomeTaxExpense": 123400000, "netIncome": 132200000, "netIncomeRatio": 0.0844890394, "eps": 0.82, "epsdiluted": 0.82, "weightedAverageShsOut": 160975610, "weightedAverageShsOutDil": 160975610, "link": null, "finalLink": null, "calculatedOtherExpenses": 75200000, "calculatedOperatingExpenses": 510100000, "calculatedNetInterest": 5500000, "calculatedOtherIncome": -21600000, "calculatedIncomeNonControlling": 0, "calculatedEbitda": 346900000}, {"date": "1985-12-31", "symbol": "NYT", "reportedCurrency": "USD", "cik": "0000071691", "fillingDate": "1985-12-31", "acceptedDate": "1985-12-31 00:00:00", "calendarYear": "1985", "period": "FY", "revenue": 1393800000, "costOfRevenue": 749900000, "grossProfit": 643900000, "grossProfitRatio": 0.4619744583, "researchAndDevelopmentExpenses": 0, "generalAndAdministrativeExpenses": 0, "sellingAndMarketingExpenses": 0, "sellingGeneralAndAdministrativeExpenses": 372300000, "otherExpenses": 58400000, "operatingExpenses": 430700000, "costAndExpenses": 1180600000, "interestIncome": 0, "interestExpense": -27800000, "depreciationAndAmortization": 58400000, "ebitda": 245400000, "ebitdaratio": 0.1760654326, "operatingIncome": 213200000, "operatingIncomeRatio": 0.1529631224, "totalOtherIncomeExpensesNet": 26200000, "incomeBeforeTax": 214800000, "incomeBeforeTaxRatio": 0.1541110633, "incomeTaxExpense": 98500000, "netIncome": 116300000, "netIncomeRatio": 0.0834409528, "eps": 0.73, "epsdiluted": 0.73, "weightedAverageShsOut": 159041096, "weightedAverageShsOutDil": 159041096, "link": null, "finalLink": null, "calculatedOtherExpenses": 58400000, "calculatedOperatingExpenses": 430700000, "calculatedNetInterest": 27800000, "calculatedOtherIncome": -26200000, "calculatedIncomeNonControlling": 0, "calculatedEbitda": 271600000}]}