{"originalCurrency": "USD", "convertedCurrency": "USD", "report": [{"date": "2023-12-31", "symbol": "O", "reportedCurrency": "USD", "cik": "0000726728", "fillingDate": "2024-02-21", "acceptedDate": "2024-02-21 16:16:06", "calendarYear": "2023", "period": "FY", "revenue": 4078993000, "costOfRevenue": 316964000, "grossProfit": 3762029000, "grossProfitRatio": 0.9222935661, "researchAndDevelopmentExpenses": 0, "generalAndAdministrativeExpenses": 144536000, "sellingAndMarketingExpenses": 0, "sellingGeneralAndAdministrativeExpenses": 144536000, "otherExpenses": 23789000, "operatingExpenses": 2039713000, "costAndExpenses": 2356677000, "interestIncome": 73460000, "interestExpense": 779045000, "depreciationAndAmortization": 1895177000, "ebitda": 3685261000, "ebitdaratio": 0.9034732347, "operatingIncome": 1724862000, "operatingIncomeRatio": 0.4228646629, "totalOtherIncomeExpensesNet": -55769000, "incomeBeforeTax": 928935000, "incomeBeforeTaxRatio": 0.2277363555, "incomeTaxExpense": 52021000, "netIncome": 872309000, "netIncomeRatio": 0.2138540076, "eps": 1.26, "epsdiluted": 1.26, "weightedAverageShsOut": 692298000, "weightedAverageShsOutDil": 693024000, "link": "https://www.sec.gov/Archives/edgar/data/726728/000072672824000047/0000726728-24-000047-index.htm", "finalLink": "https://www.sec.gov/Archives/edgar/data/726728/000072672824000047/o-20231231.htm", "calculatedOtherExpenses": 1892631000, "calculatedOperatingExpenses": 2037167000, "calculatedNetInterest": -705585000, "calculatedOtherIncome": -90342000, "calculatedIncomeNonControlling": 4605000, "calculatedEbitda": 3620039000}, {"date": "2022-12-31", "symbol": "O", "reportedCurrency": "USD", "cik": "0000726728", "fillingDate": "2023-02-22", "acceptedDate": "2023-02-22 16:07:07", "calendarYear": "2022", "period": "FY", "revenue": 3343681000, "costOfRevenue": 226330000, "grossProfit": 3117351000, "grossProfitRatio": 0.9323111266, "researchAndDevelopmentExpenses": 0, "generalAndAdministrativeExpenses": 138459000, "sellingAndMarketingExpenses": 0, "sellingGeneralAndAdministrativeExpenses": 138459000, "otherExpenses": 1670389000, "operatingExpenses": 1808848000, "costAndExpenses": 2035178000, "interestIncome": 76611000, "interestExpense": 445448000, "depreciationAndAmortization": 1670389000, "ebitda": 2928636000, "ebitdaratio": 0.8758718311, "operatingIncome": 1258247000, "operatingIncomeRatio": 0.3763059335, "totalOtherIncomeExpensesNet": -340648000, "incomeBeforeTax": 917599000, "incomeBeforeTaxRatio": 0.2744277938, "incomeTaxExpense": 45183000, "netIncome": 869408000, "netIncomeRatio": 0.2600152347, "eps": 1.42, "epsdiluted": 1.42, "weightedAverageShsOut": 611765815, "weightedAverageShsOutDil": 612180519, "link": "https://www.sec.gov/Archives/edgar/data/726728/000072672823000044/0000726728-23-000044-index.htm", "finalLink": "https://www.sec.gov/Archives/edgar/data/726728/000072672823000044/o-20221231.htm", "calculatedOtherExpenses": 1720645000, "calculatedOperatingExpenses": 1859104000, "calculatedNetInterest": -368837000, "calculatedOtherIncome": 28189000, "calculatedIncomeNonControlling": 3008000, "calculatedEbitda": 2928636000}, {"date": "2021-12-31", "symbol": "O", "reportedCurrency": "USD", "cik": "0000726728", "fillingDate": "2022-02-23", "acceptedDate": "2022-02-23 16:07:21", "calendarYear": "2021", "period": "FY", "revenue": 2080463000, "costOfRevenue": 133605000, "grossProfit": 1946858000, "grossProfitRatio": 0.9357811218, "researchAndDevelopmentExpenses": 0, "generalAndAdministrativeExpenses": 96980000, "sellingAndMarketingExpenses": 0, "sellingGeneralAndAdministrativeExpenses": 96980000, "otherExpenses": 897835000, "operatingExpenses": 994815000, "costAndExpenses": 1128420000, "interestIncome": 13847000, "interestExpense": 323644000, "depreciationAndAmortization": 897835000, "ebitda": 1860933000, "ebitdaratio": 0.8944802191, "operatingIncome": 963098000, "operatingIncomeRatio": 0.4629248393, "totalOtherIncomeExpensesNet": -570694000, "incomeBeforeTax": 392404000, "incomeBeforeTaxRatio": 0.1886137845, "incomeTaxExpense": 31657000, "netIncome": 359456000, "netIncomeRatio": 0.1727769251, "eps": 0.87, "epsdiluted": 0.87, "weightedAverageShsOut": 414535283, "weightedAverageShsOutDil": 414769846, "link": "https://www.sec.gov/Archives/edgar/data/726728/000072672822000046/0000726728-22-000046-index.htm", "finalLink": "https://www.sec.gov/Archives/edgar/data/726728/000072672822000046/o-20211231.htm", "calculatedOtherExpenses": 886780000, "calculatedOperatingExpenses": 983760000, "calculatedNetInterest": -309797000, "calculatedOtherIncome": -260897000, "calculatedIncomeNonControlling": 1291000, "calculatedEbitda": 1860933000}, {"date": "2020-12-31", "symbol": "O", "reportedCurrency": "USD", "cik": "0000726728", "fillingDate": "2021-02-23", "acceptedDate": "2021-02-23 16:24:32", "calendarYear": "2020", "period": "FY", "revenue": 1651625000, "costOfRevenue": 104603000, "grossProfit": 1547022000, "grossProfitRatio": 0.9366666162, "researchAndDevelopmentExpenses": 0, "generalAndAdministrativeExpenses": 73215000, "sellingAndMarketingExpenses": 0, "sellingGeneralAndAdministrativeExpenses": 73215000, "otherExpenses": 677038000, "operatingExpenses": 750253000, "costAndExpenses": 854856000, "interestIncome": 3012000, "interestExpense": 309336000, "depreciationAndAmortization": 677038000, "ebitda": 1550041000, "ebitdaratio": 0.938494513, "operatingIncome": 873003000, "operatingIncomeRatio": 0.5285721638, "totalOtherIncomeExpensesNet": -461804000, "incomeBeforeTax": 411199000, "incomeBeforeTaxRatio": 0.248966321, "incomeTaxExpense": 14693000, "netIncome": 395486000, "netIncomeRatio": 0.2394526603, "eps": 1.15, "epsdiluted": 1.15, "weightedAverageShsOut": 345280126, "weightedAverageShsOutDil": 345415258, "link": "https://www.sec.gov/Archives/edgar/data/726728/000072672821000043/0000726728-21-000043-index.htm", "finalLink": "https://www.sec.gov/Archives/edgar/data/726728/000072672821000043/o-20201231.htm", "calculatedOtherExpenses": 600804000, "calculatedOperatingExpenses": 674019000, "calculatedNetInterest": -306324000, "calculatedOtherIncome": -155480000, "calculatedIncomeNonControlling": 1020000, "calculatedEbitda": 1550041000}, {"date": "2019-12-31", "symbol": "O", "reportedCurrency": "USD", "cik": "0000726728", "fillingDate": "2020-02-24", "acceptedDate": "2020-02-24 06:05:54", "calendarYear": "2019", "period": "FY", "revenue": 1491591000, "costOfRevenue": 88585000, "grossProfit": 1403006000, "grossProfitRatio": 0.9406103952, "researchAndDevelopmentExpenses": 0, "generalAndAdministrativeExpenses": 66483000, "sellingAndMarketingExpenses": 0, "sellingGeneralAndAdministrativeExpenses": 66483000, "otherExpenses": 593961000, "operatingExpenses": 660444000, "costAndExpenses": 749029000, "interestIncome": 290991000, "interestExpense": 290991000, "depreciationAndAmortization": 593961000, "ebitda": 1344458000, "ebitdaratio": 0.9013583482, "operatingIncome": 750497000, "operatingIncomeRatio": 0.5031520035, "totalOtherIncomeExpensesNet": -306861000, "incomeBeforeTax": 443636000, "incomeBeforeTaxRatio": 0.2974246962, "incomeTaxExpense": 6158000, "netIncome": 436482000, "netIncomeRatio": 0.2926284752, "eps": 1.38, "epsdiluted": 1.38, "weightedAverageShsOut": 315837012, "weightedAverageShsOutDil": 316159277, "link": "https://www.sec.gov/Archives/edgar/data/726728/000072672820000033/0000726728-20-000033-index.htm", "finalLink": "https://www.sec.gov/Archives/edgar/data/726728/000072672820000033/realtyincome10k2019.htm", "calculatedOtherExpenses": 586026000, "calculatedOperatingExpenses": 652509000, "calculatedNetInterest": 0, "calculatedOtherIncome": -306861000, "calculatedIncomeNonControlling": 996000, "calculatedEbitda": 1344458000}, {"date": "2018-12-31", "symbol": "O", "reportedCurrency": "USD", "cik": "0000726728", "fillingDate": "2019-02-22", "acceptedDate": "2019-02-21 20:17:58", "calendarYear": "2018", "period": "FY", "revenue": 1327838000, "costOfRevenue": 66326000, "grossProfit": 1261512000, "grossProfitRatio": 0.9500496295, "researchAndDevelopmentExpenses": 0, "generalAndAdministrativeExpenses": 84148000, "sellingAndMarketingExpenses": 0, "sellingGeneralAndAdministrativeExpenses": 84148000, "otherExpenses": 539780000, "operatingExpenses": 623928000, "costAndExpenses": 690254000, "interestIncome": 0, "interestExpense": 266020000, "depreciationAndAmortization": 539780000, "ebitda": 1178990000, "ebitdaratio": 0.887901988, "operatingIncome": 637584000, "operatingIncomeRatio": 0.4801670083, "totalOtherIncomeExpensesNet": -1626000, "incomeBeforeTax": 369938000, "incomeBeforeTaxRatio": 0.2786017571, "incomeTaxExpense": 5340000, "netIncome": 363614000, "netIncomeRatio": 0.273839128, "eps": 1.26, "epsdiluted": 1.25, "weightedAverageShsOut": 289427430, "weightedAverageShsOutDil": 289923984, "link": "https://www.sec.gov/Archives/edgar/data/726728/000072672819000038/0000726728-19-000038-index.htm", "finalLink": "https://www.sec.gov/Archives/edgar/data/726728/000072672819000038/realtyincome10k2018.htm", "calculatedOtherExpenses": 539780000, "calculatedOperatingExpenses": 623928000, "calculatedNetInterest": -266020000, "calculatedOtherIncome": -1626000, "calculatedIncomeNonControlling": 984000, "calculatedEbitda": 1177364000}, {"date": "2017-12-31", "symbol": "O", "reportedCurrency": "USD", "cik": "0000726728", "fillingDate": "2018-02-22", "acceptedDate": "2018-02-22 16:47:24", "calendarYear": "2017", "period": "FY", "revenue": 1215768000, "costOfRevenue": 69480000, "grossProfit": 1146288000, "grossProfitRatio": 0.9428509387, "researchAndDevelopmentExpenses": 0, "generalAndAdministrativeExpenses": 58446000, "sellingAndMarketingExpenses": 0, "sellingGeneralAndAdministrativeExpenses": 58446000, "otherExpenses": 498788000, "operatingExpenses": 557234000, "costAndExpenses": 626714000, "interestIncome": 0, "interestExpense": 247413000, "depreciationAndAmortization": 498788000, "ebitda": 1104121000, "ebitdaratio": 0.9081675122, "operatingIncome": 589054000, "operatingIncomeRatio": 0.4845118477, "totalOtherIncomeExpensesNet": -16279000, "incomeBeforeTax": 325362000, "incomeBeforeTaxRatio": 0.267618493, "incomeTaxExpense": 6044000, "netIncome": 318798000, "netIncomeRatio": 0.2622194366, "eps": 1.1, "epsdiluted": 1.1, "weightedAverageShsOut": 273465680, "weightedAverageShsOutDil": 273936752, "link": "https://www.sec.gov/Archives/edgar/data/726728/000110465918011376/0001104659-18-011376-index.htm", "finalLink": "https://www.sec.gov/Archives/edgar/data/726728/000110465918011376/a18-1096_110k.htm", "calculatedOtherExpenses": 498788000, "calculatedOperatingExpenses": 557234000, "calculatedNetInterest": -247413000, "calculatedOtherIncome": -16279000, "calculatedIncomeNonControlling": 520000, "calculatedEbitda": 1087842000}, {"date": "2016-12-31", "symbol": "O", "reportedCurrency": "USD", "cik": "0000726728", "fillingDate": "2017-02-23", "acceptedDate": "2017-02-23 16:13:19", "calendarYear": "2016", "period": "FY", "revenue": 1103172000, "costOfRevenue": 62865000, "grossProfit": 1040307000, "grossProfitRatio": 0.943014326, "researchAndDevelopmentExpenses": 0, "generalAndAdministrativeExpenses": 51966000, "sellingAndMarketingExpenses": 0, "sellingGeneralAndAdministrativeExpenses": 51966000, "otherExpenses": 449943000, "operatingExpenses": 501909000, "costAndExpenses": 564774000, "interestIncome": 0, "interestExpense": 219974000, "depreciationAndAmortization": 449943000, "ebitda": 987026000, "ebitdaratio": 0.8947163271, "operatingIncome": 538398000, "operatingIncomeRatio": 0.4880453819, "totalOtherIncomeExpensesNet": 1315000, "incomeBeforeTax": 319739000, "incomeBeforeTaxRatio": 0.2898360364, "incomeTaxExpense": 3262000, "netIncome": 315571000, "netIncomeRatio": 0.2860578405, "eps": 1.13, "epsdiluted": 1.13, "weightedAverageShsOut": 255066500, "weightedAverageShsOutDil": 255624250, "link": "https://www.sec.gov/Archives/edgar/data/726728/000110465917011170/0001104659-17-011170-index.htm", "finalLink": "https://www.sec.gov/Archives/edgar/data/726728/000110465917011170/a17-1163_110k.htm", "calculatedOtherExpenses": 449943000, "calculatedOperatingExpenses": 501909000, "calculatedNetInterest": -219974000, "calculatedOtherIncome": 1315000, "calculatedIncomeNonControlling": 906000, "calculatedEbitda": 988341000}, {"date": "2015-12-31", "symbol": "O", "reportedCurrency": "USD", "cik": "0000726728", "fillingDate": "2016-02-11", "acceptedDate": "2016-02-11 16:55:53", "calendarYear": "2015", "period": "FY", "revenue": 1023285000, "costOfRevenue": 55352000, "grossProfit": 967933000, "grossProfitRatio": 0.9459075429, "researchAndDevelopmentExpenses": 0, "generalAndAdministrativeExpenses": 49298000, "sellingAndMarketingExpenses": 0, "sellingGeneralAndAdministrativeExpenses": 49298000, "otherExpenses": 409215000, "operatingExpenses": 458513000, "costAndExpenses": 513865000, "interestIncome": 0, "interestExpense": 233079000, "depreciationAndAmortization": 409215000, "ebitda": 906952000, "ebitdaratio": 0.8863141744, "operatingIncome": 509420000, "operatingIncomeRatio": 0.4978280733, "totalOtherIncomeExpensesNet": 11683000, "incomeBeforeTax": 288024000, "incomeBeforeTaxRatio": 0.2814699717, "incomeTaxExpense": 3169000, "netIncome": 283766000, "netIncomeRatio": 0.2773088631, "eps": 1.09, "epsdiluted": 1.09, "weightedAverageShsOut": 235767932, "weightedAverageShsOutDil": 236208390, "link": "https://www.sec.gov/Archives/edgar/data/726728/000110465916095923/0001104659-16-095923-index.htm", "finalLink": "https://www.sec.gov/Archives/edgar/data/726728/000110465916095923/a15-23382_110k.htm", "calculatedOtherExpenses": 409215000, "calculatedOperatingExpenses": 458513000, "calculatedNetInterest": -233079000, "calculatedOtherIncome": 11683000, "calculatedIncomeNonControlling": 1089000, "calculatedEbitda": 918635000}, {"date": "2014-12-31", "symbol": "O", "reportedCurrency": "USD", "cik": "0000726728", "fillingDate": "2015-02-18", "acceptedDate": "2015-02-18 15:33:49", "calendarYear": "2014", "period": "FY", "revenue": 933505000, "costOfRevenue": 53871000, "grossProfit": 879634000, "grossProfitRatio": 0.9422916856, "researchAndDevelopmentExpenses": 0, "generalAndAdministrativeExpenses": 51085000, "sellingAndMarketingExpenses": 0, "sellingGeneralAndAdministrativeExpenses": 51085000, "otherExpenses": 374661000, "operatingExpenses": 425746000, "costAndExpenses": 479617000, "interestIncome": 0, "interestExpense": 216366000, "depreciationAndAmortization": 374661000, "ebitda": 793470000, "ebitdaratio": 0.8499900911, "operatingIncome": 453888000, "operatingIncomeRatio": 0.4862191418, "totalOtherIncomeExpensesNet": 35079000, "incomeBeforeTax": 272601000, "incomeBeforeTaxRatio": 0.2920187894, "incomeTaxExpense": 3461000, "netIncome": 270635000, "netIncomeRatio": 0.2899127482, "eps": 1.04, "epsdiluted": 1.04, "weightedAverageShsOut": 218390885, "weightedAverageShsOutDil": 218767885, "link": "https://www.sec.gov/Archives/edgar/data/726728/000110465915011630/0001104659-15-011630-index.htm", "finalLink": "https://www.sec.gov/Archives/edgar/data/726728/000110465915011630/a14-25802_110k.htm", "calculatedOtherExpenses": 374661000, "calculatedOperatingExpenses": 425746000, "calculatedNetInterest": -216366000, "calculatedOtherIncome": 35079000, "calculatedIncomeNonControlling": -1495000, "calculatedEbitda": 828549000}, {"date": "2013-12-31", "symbol": "O", "reportedCurrency": "USD", "cik": "0000726728", "fillingDate": "2014-02-14", "acceptedDate": "2014-02-14 17:11:21", "calendarYear": "2013", "period": "FY", "revenue": 778375000, "costOfRevenue": 38838000, "grossProfit": 739537000, "grossProfitRatio": 0.9501037418, "researchAndDevelopmentExpenses": 0, "generalAndAdministrativeExpenses": 56827000, "sellingAndMarketingExpenses": 0, "sellingGeneralAndAdministrativeExpenses": 56827000, "otherExpenses": 306577000, "operatingExpenses": 363404000, "costAndExpenses": 402242000, "interestIncome": 0, "interestExpense": 180916000, "depreciationAndAmortization": 306577000, "ebitda": 696013000, "ebitdaratio": 0.8941872491, "operatingIncome": 376133000, "operatingIncomeRatio": 0.483228521, "totalOtherIncomeExpensesNet": -13303000, "incomeBeforeTax": 181914000, "incomeBeforeTaxRatio": 0.2337099727, "incomeTaxExpense": 2734000, "netIncome": 245564000, "netIncomeRatio": 0.3154828971, "eps": 1.06, "epsdiluted": 1.06, "weightedAverageShsOut": 191754857, "weightedAverageShsOutDil": 191781622, "link": "https://www.sec.gov/Archives/edgar/data/726728/000110465914010697/0001104659-14-010697-index.htm", "finalLink": "https://www.sec.gov/Archives/edgar/data/726728/000110465914010697/a13-26753_110k.htm", "calculatedOtherExpenses": 306577000, "calculatedOperatingExpenses": 363404000, "calculatedNetInterest": -180916000, "calculatedOtherIncome": -13303000, "calculatedIncomeNonControlling": -66384000, "calculatedEbitda": 682710000}, {"date": "2012-12-31", "symbol": "O", "reportedCurrency": "USD", "cik": "0000726728", "fillingDate": "2013-02-14", "acceptedDate": "2013-02-14 17:38:50", "calendarYear": "2012", "period": "FY", "revenue": 475510000, "costOfRevenue": 7269000, "grossProfit": 468241000, "grossProfitRatio": 0.9847132552, "researchAndDevelopmentExpenses": 0, "generalAndAdministrativeExpenses": 37998000, "sellingAndMarketingExpenses": 0, "sellingGeneralAndAdministrativeExpenses": 37998000, "otherExpenses": 149597000, "operatingExpenses": 187595000, "costAndExpenses": 194864000, "interestIncome": 0, "interestExpense": 116302000, "depreciationAndAmortization": 149597000, "ebitda": 424003000, "ebitdaratio": 0.8916805115, "operatingIncome": 280646000, "operatingIncomeRatio": 0.5901999958, "totalOtherIncomeExpensesNet": -10703000, "incomeBeforeTax": 147401000, "incomeBeforeTaxRatio": 0.3099850687, "incomeTaxExpense": 1430000, "netIncome": 159152000, "netIncomeRatio": 0.3346974827, "eps": 0.73, "epsdiluted": 0.73, "weightedAverageShsOut": 132817472, "weightedAverageShsOutDil": 132884933, "link": "https://www.sec.gov/Archives/edgar/data/726728/000110465913010950/0001104659-13-010950-index.htm", "finalLink": "https://www.sec.gov/Archives/edgar/data/726728/000110465913010950/a12-27698_110k.htm", "calculatedOtherExpenses": 149597000, "calculatedOperatingExpenses": 187595000, "calculatedNetInterest": -116302000, "calculatedOtherIncome": -16943000, "calculatedIncomeNonControlling": -13181000, "calculatedEbitda": 430243000}, {"date": "2011-12-31", "symbol": "O", "reportedCurrency": "USD", "cik": "0000726728", "fillingDate": "2012-02-13", "acceptedDate": "2012-02-13 17:31:33", "calendarYear": "2011", "period": "FY", "revenue": 421059000, "costOfRevenue": 7436000, "grossProfit": 413623000, "grossProfitRatio": 0.9823397671, "researchAndDevelopmentExpenses": 0, "generalAndAdministrativeExpenses": 0, "sellingAndMarketingExpenses": 0, "sellingGeneralAndAdministrativeExpenses": 30954000, "otherExpenses": 121751000, "operatingExpenses": 154175000, "costAndExpenses": 161611000, "interestIncome": 0, "interestExpense": 108301000, "depreciationAndAmortization": 121751000, "ebitda": 381209000, "ebitdaratio": 0.9053576815, "operatingIncome": 260918000, "operatingIncomeRatio": 0.6196708775, "totalOtherIncomeExpensesNet": -10000, "incomeBeforeTax": 152607000, "incomeBeforeTaxRatio": 0.3624361432, "incomeTaxExpense": 1470000, "netIncome": 157032000, "netIncomeRatio": 0.3729453592, "eps": 1.05, "epsdiluted": 1.05, "weightedAverageShsOut": 126142696, "weightedAverageShsOutDil": 126189399, "link": "https://www.sec.gov/Archives/edgar/data/726728/000114036112007480/0001140361-12-007480-index.htm", "finalLink": "https://www.sec.gov/Archives/edgar/data/726728/000114036112007480/ri10k_2011yt.htm", "calculatedOtherExpenses": 121751000, "calculatedOperatingExpenses": 152705000, "calculatedNetInterest": -108301000, "calculatedOtherIncome": -10000, "calculatedIncomeNonControlling": -5895000, "calculatedEbitda": 382669000}, {"date": "2010-12-31", "symbol": "O", "reportedCurrency": "USD", "cik": "0000726728", "fillingDate": "2011-02-10", "acceptedDate": "2011-02-10 17:28:04", "calendarYear": "2010", "period": "FY", "revenue": 345009000, "costOfRevenue": 7332000, "grossProfit": 337677000, "grossProfitRatio": 0.9787483805, "researchAndDevelopmentExpenses": 0, "generalAndAdministrativeExpenses": 0, "sellingAndMarketingExpenses": 0, "sellingGeneralAndAdministrativeExpenses": 25311000, "otherExpenses": 95513000, "operatingExpenses": 120824000, "costAndExpenses": 128156000, "interestIncome": 0, "interestExpense": 93237000, "depreciationAndAmortization": 95513000, "ebitda": 312366000, "ebitdaratio": 0.9053850769, "operatingIncome": 216853000, "operatingIncomeRatio": 0.6285430235, "totalOtherIncomeExpensesNet": -807000, "incomeBeforeTax": 122809000, "incomeBeforeTaxRatio": 0.3559588301, "incomeTaxExpense": 1393000, "netIncome": 130784000, "netIncomeRatio": 0.3790741691, "eps": 1.01, "epsdiluted": 1.01, "weightedAverageShsOut": 105869637, "weightedAverageShsOutDil": 105942721, "link": "https://www.sec.gov/Archives/edgar/data/726728/000072672811000013/0000726728-11-000013-index.htm", "finalLink": "https://www.sec.gov/Archives/edgar/data/726728/000072672811000013/ri10k_2010yt.htm", "calculatedOtherExpenses": 95513000, "calculatedOperatingExpenses": 120824000, "calculatedNetInterest": -93237000, "calculatedOtherIncome": -807000, "calculatedIncomeNonControlling": -9368000, "calculatedEbitda": 312366000}, {"date": "2009-12-31", "symbol": "O", "reportedCurrency": "USD", "cik": "0000726728", "fillingDate": "2010-02-11", "acceptedDate": "2010-02-11 17:17:43", "calendarYear": "2009", "period": "FY", "revenue": 327581000, "costOfRevenue": 6914000, "grossProfit": 320667000, "grossProfitRatio": 0.9788937698, "researchAndDevelopmentExpenses": 0, "generalAndAdministrativeExpenses": 0, "sellingAndMarketingExpenses": 0, "sellingGeneralAndAdministrativeExpenses": 20946000, "otherExpenses": 92060000, "operatingExpenses": 119920000, "costAndExpenses": 119920000, "interestIncome": 0, "interestExpense": 85528000, "depreciationAndAmortization": 91383000, "ebitda": 299044000, "ebitdaratio": 0.912885668, "operatingIncome": 207661000, "operatingIncomeRatio": 0.6339226023, "totalOtherIncomeExpensesNet": 0, "incomeBeforeTax": 0, "incomeBeforeTaxRatio": 0, "incomeTaxExpense": 76534000, "netIncome": 131127000, "netIncomeRatio": 0.4002887835, "eps": 1.03, "epsdiluted": 1.03, "weightedAverageShsOut": 103577507, "weightedAverageShsOutDil": 103581053, "link": "https://www.sec.gov/Archives/edgar/data/726728/000072672810000017/0000726728-10-000017-index.htm", "finalLink": "https://www.sec.gov/Archives/edgar/data/726728/000072672810000017/ri10k_2009yt.htm", "calculatedOtherExpenses": 92060000, "calculatedOperatingExpenses": 113006000, "calculatedNetInterest": -85528000, "calculatedOtherIncome": -122133000, "calculatedIncomeNonControlling": -207661000, "calculatedEbitda": 299044000}, {"date": "2008-12-31", "symbol": "O", "reportedCurrency": "USD", "cik": "0000726728", "fillingDate": "2009-02-12", "acceptedDate": "2009-02-12 17:38:57", "calendarYear": "2008", "period": "FY", "revenue": 330200000, "costOfRevenue": 0, "grossProfit": 330200000, "grossProfitRatio": 1, "researchAndDevelopmentExpenses": 0, "generalAndAdministrativeExpenses": 0, "sellingAndMarketingExpenses": 0, "sellingGeneralAndAdministrativeExpenses": 21618000, "otherExpenses": 97780000, "operatingExpenses": 119398000, "costAndExpenses": 119398000, "interestIncome": 0, "interestExpense": 93956000, "depreciationAndAmortization": 90732000, "ebitda": 301534000, "ebitdaratio": 0.9131859479, "operatingIncome": 210802000, "operatingIncomeRatio": 0.638407026, "totalOtherIncomeExpensesNet": 0, "incomeBeforeTax": 0, "incomeBeforeTaxRatio": 0, "incomeTaxExpense": 78961000, "netIncome": 131841000, "netIncomeRatio": 0.3992761962, "eps": 1.06, "epsdiluted": 1.06, "weightedAverageShsOut": 101178191, "weightedAverageShsOutDil": 101209883, "link": "https://www.sec.gov/Archives/edgar/data/726728/000072672809000015/0000726728-09-000015-index.htm", "finalLink": "https://www.sec.gov/Archives/edgar/data/726728/000072672809000015/ric10k_2008yr.htm", "calculatedOtherExpenses": 97780000, "calculatedOperatingExpenses": 119398000, "calculatedNetInterest": -93956000, "calculatedOtherIncome": -116846000, "calculatedIncomeNonControlling": -210802000, "calculatedEbitda": 301534000}, {"date": "2007-12-31", "symbol": "O", "reportedCurrency": "USD", "cik": "0000726728", "fillingDate": "2008-02-15", "acceptedDate": "2008-02-14 17:58:16", "calendarYear": "2007", "period": "FY", "revenue": 296513000, "costOfRevenue": 0, "grossProfit": 296513000, "grossProfitRatio": 1, "researchAndDevelopmentExpenses": 0, "generalAndAdministrativeExpenses": 0, "sellingAndMarketingExpenses": 0, "sellingGeneralAndAdministrativeExpenses": 22694000, "otherExpenses": 82105000, "operatingExpenses": 104799000, "costAndExpenses": 104799000, "interestIncome": 0, "interestExpense": 0, "depreciationAndAmortization": 77192000, "ebitda": 268906000, "ebitdaratio": 0.9068944701, "operatingIncome": 191714000, "operatingIncomeRatio": 0.6465618708, "totalOtherIncomeExpensesNet": -62939000, "incomeBeforeTax": 128775000, "incomeBeforeTaxRatio": 0.4342979903, "incomeTaxExpense": 1392000, "netIncome": 140409000, "netIncomeRatio": 0.473534044, "eps": 1.16, "epsdiluted": 1.16, "weightedAverageShsOut": 100195031, "weightedAverageShsOutDil": 100333966, "link": "https://www.sec.gov/Archives/edgar/data/726728/000114036108004298/0001140361-08-004298-index.htm", "finalLink": "https://www.sec.gov/Archives/edgar/data/726728/000114036108004298/ric10k_2007yr.htm", "calculatedOtherExpenses": 82105000, "calculatedOperatingExpenses": 104799000, "calculatedNetInterest": 0, "calculatedOtherIncome": -62939000, "calculatedIncomeNonControlling": -13026000, "calculatedEbitda": 268906000}, {"date": "2006-12-31", "symbol": "O", "reportedCurrency": "USD", "cik": "0000726728", "fillingDate": "2007-02-21", "acceptedDate": "2007-02-21 16:13:37", "calendarYear": "2006", "period": "FY", "revenue": 240100000, "costOfRevenue": 0, "grossProfit": 240100000, "grossProfitRatio": 1, "researchAndDevelopmentExpenses": 0, "generalAndAdministrativeExpenses": 0, "sellingAndMarketingExpenses": 0, "sellingGeneralAndAdministrativeExpenses": 17539000, "otherExpenses": 63578000, "operatingExpenses": 81117000, "costAndExpenses": 81117000, "interestIncome": 0, "interestExpense": 0, "depreciationAndAmortization": 59492000, "ebitda": 220030000, "ebitdaratio": 0.9164098292, "operatingIncome": 158983000, "operatingIncomeRatio": 0.6621532695, "totalOtherIncomeExpensesNet": -1555000, "incomeBeforeTax": 106812000, "incomeBeforeTaxRatio": 0.4448646397, "incomeTaxExpense": 747000, "netIncome": 110781000, "netIncomeRatio": 0.461395252, "eps": 1.11, "epsdiluted": 1.11, "weightedAverageShsOut": 89766714, "weightedAverageShsOutDil": 89917554, "link": "https://www.sec.gov/Archives/edgar/data/726728/000110465907012727/0001104659-07-012727-index.htm", "finalLink": "https://www.sec.gov/Archives/edgar/data/726728/000110465907012727/a07-4922_110k.htm", "calculatedOtherExpenses": 63578000, "calculatedOperatingExpenses": 81117000, "calculatedNetInterest": 0, "calculatedOtherIncome": -52171000, "calculatedIncomeNonControlling": -4716000, "calculatedEbitda": 218475000}, {"date": "2005-12-31", "symbol": "O", "reportedCurrency": "USD", "cik": "0000726728", "fillingDate": "2006-02-23", "acceptedDate": "2006-02-23 16:48:54", "calendarYear": "2005", "period": "FY", "revenue": 196676000, "costOfRevenue": 0, "grossProfit": 196676000, "grossProfitRatio": 1, "researchAndDevelopmentExpenses": 0, "generalAndAdministrativeExpenses": 0, "sellingAndMarketingExpenses": 0, "sellingGeneralAndAdministrativeExpenses": 15421000, "otherExpenses": 51089000, "operatingExpenses": 66510000, "costAndExpenses": 66510000, "interestIncome": 0, "interestExpense": 40949000, "depreciationAndAmortization": 46450000, "ebitda": 176616000, "ebitdaratio": 0.8980048404, "operatingIncome": 130166000, "operatingIncomeRatio": 0.6618296081, "totalOtherIncomeExpensesNet": 0, "incomeBeforeTax": 0, "incomeBeforeTaxRatio": 0, "incomeTaxExpense": 31047000, "netIncome": 99119000, "netIncomeRatio": 0.503970998, "eps": 1.12, "epsdiluted": 1.12, "weightedAverageShsOut": 79950255, "weightedAverageShsOutDil": 80208593, "link": "https://www.sec.gov/Archives/edgar/data/726728/000110465906011663/0001104659-06-011663-index.htm", "finalLink": "https://www.sec.gov/Archives/edgar/data/726728/000110465906011663/a06-1908_110k.htm", "calculatedOtherExpenses": 51089000, "calculatedOperatingExpenses": 66510000, "calculatedNetInterest": -40949000, "calculatedOtherIncome": -89217000, "calculatedIncomeNonControlling": -130166000, "calculatedEbitda": 176616000}, {"date": "2004-12-31", "symbol": "O", "reportedCurrency": "USD", "cik": "0000726728", "fillingDate": "2005-03-04", "acceptedDate": "2005-03-04 13:35:32", "calendarYear": "2004", "period": "FY", "revenue": 175555000, "costOfRevenue": 0, "grossProfit": 175555000, "grossProfitRatio": 1, "researchAndDevelopmentExpenses": 0, "generalAndAdministrativeExpenses": 0, "sellingAndMarketingExpenses": 0, "sellingGeneralAndAdministrativeExpenses": 13119000, "otherExpenses": 112470000, "operatingExpenses": 125589000, "costAndExpenses": 125589000, "interestIncome": 0, "interestExpense": 0, "depreciationAndAmortization": 40339000, "ebitda": 90305000, "ebitdaratio": 0.5143971975, "operatingIncome": 49966000, "operatingIncomeRatio": 0.2846173564, "totalOtherIncomeExpensesNet": 34831000, "incomeBeforeTax": 84797000, "incomeBeforeTaxRatio": 0.4830224146, "incomeTaxExpense": 699000, "netIncome": 103397000, "netIncomeRatio": 0.588972117, "eps": 1.15, "epsdiluted": 1.15, "weightedAverageShsOut": 78518296, "weightedAverageShsOutDil": 78598788, "link": "https://www.sec.gov/Archives/edgar/data/726728/000110465905009503/0001104659-05-009503-index.htm", "finalLink": "https://www.sec.gov/Archives/edgar/data/726728/000110465905009503/a05-1739_110k.htm", "calculatedOtherExpenses": 112470000, "calculatedOperatingExpenses": 125589000, "calculatedNetInterest": 0, "calculatedOtherIncome": 34831000, "calculatedIncomeNonControlling": -19299000, "calculatedEbitda": 90305000}, {"date": "2003-12-31", "symbol": "O", "reportedCurrency": "USD", "cik": "0000726728", "fillingDate": "2004-02-19", "acceptedDate": "2004-02-19 11:51:22", "calendarYear": "2003", "period": "FY", "revenue": 156114000, "costOfRevenue": 0, "grossProfit": 156114000, "grossProfitRatio": 1, "researchAndDevelopmentExpenses": 0, "generalAndAdministrativeExpenses": 0, "sellingAndMarketingExpenses": 0, "sellingGeneralAndAdministrativeExpenses": 11182000, "otherExpenses": 38749000, "operatingExpenses": 49931000, "costAndExpenses": 49931000, "interestIncome": 0, "interestExpense": 26974000, "depreciationAndAmortization": 34416000, "ebitda": 140599000, "ebitdaratio": 0.9006174975, "operatingIncome": 106183000, "operatingIncomeRatio": 0.6801632141, "totalOtherIncomeExpensesNet": 0, "incomeBeforeTax": 0, "incomeBeforeTaxRatio": 0, "incomeTaxExpense": 19748000, "netIncome": 86435000, "netIncomeRatio": 0.5536659108, "eps": 1.08, "epsdiluted": 1.08, "weightedAverageShsOut": 71128282, "weightedAverageShsOutDil": 71222628, "link": "https://www.sec.gov/Archives/edgar/data/726728/000110465904005114/0001104659-04-005114-index.htm", "finalLink": "https://www.sec.gov/Archives/edgar/data/726728/000110465904005114/a04-2630_110k.htm", "calculatedOtherExpenses": 38749000, "calculatedOperatingExpenses": 49931000, "calculatedNetInterest": -26974000, "calculatedOtherIncome": -79209000, "calculatedIncomeNonControlling": -106183000, "calculatedEbitda": 140599000}, {"date": "2002-12-31", "symbol": "O", "reportedCurrency": "USD", "cik": "0000726728", "fillingDate": "2003-03-05", "acceptedDate": "2003-03-04 18:55:01", "calendarYear": "2002", "period": "FY", "revenue": 140980000, "costOfRevenue": 0, "grossProfit": 140980000, "grossProfitRatio": 1, "researchAndDevelopmentExpenses": 0, "generalAndAdministrativeExpenses": 0, "sellingAndMarketingExpenses": 0, "sellingGeneralAndAdministrativeExpenses": 9454000, "otherExpenses": 35253000, "operatingExpenses": 44707000, "costAndExpenses": 44707000, "interestIncome": 0, "interestExpense": 23536000, "depreciationAndAmortization": 31428000, "ebitda": 127701000, "ebitdaratio": 0.9058093347, "operatingIncome": 96273000, "operatingIncomeRatio": 0.682884097, "totalOtherIncomeExpensesNet": 0, "incomeBeforeTax": 0, "incomeBeforeTaxRatio": 0, "incomeTaxExpense": 17606000, "netIncome": 78667000, "netIncomeRatio": 0.5580011349, "eps": 1.02, "epsdiluted": 1.01, "weightedAverageShsOut": 67867498, "weightedAverageShsOutDil": 67976314, "link": "https://www.sec.gov/Archives/edgar/data/726728/000072672803000013/0000726728-03-000013-index.htm", "finalLink": "https://www.sec.gov/Archives/edgar/data/726728/000072672803000013/form10k2002.txt", "calculatedOtherExpenses": 35253000, "calculatedOperatingExpenses": 44707000, "calculatedNetInterest": -23536000, "calculatedOtherIncome": -72737000, "calculatedIncomeNonControlling": -96273000, "calculatedEbitda": 127701000}, {"date": "2001-12-31", "symbol": "O", "reportedCurrency": "USD", "cik": "0000726728", "fillingDate": "2002-03-21", "acceptedDate": "2002-03-21 00:00:00", "calendarYear": "2001", "period": "FY", "revenue": 126271000, "costOfRevenue": 0, "grossProfit": 126271000, "grossProfitRatio": 1, "researchAndDevelopmentExpenses": 0, "generalAndAdministrativeExpenses": 0, "sellingAndMarketingExpenses": 0, "sellingGeneralAndAdministrativeExpenses": 7836000, "otherExpenses": 34889000, "operatingExpenses": 42725000, "costAndExpenses": 42725000, "interestIncome": 0, "interestExpense": 26466000, "depreciationAndAmortization": 29426000, "ebitda": 112972000, "ebitdaratio": 0.8946789049, "operatingIncome": 83546000, "operatingIncomeRatio": 0.66164044, "totalOtherIncomeExpensesNet": 0, "incomeBeforeTax": 0, "incomeBeforeTaxRatio": 0, "incomeTaxExpense": 15988000, "netIncome": 67558000, "netIncomeRatio": 0.5350238772, "eps": 0.88, "epsdiluted": 0.88, "weightedAverageShsOut": 56555405, "weightedAverageShsOutDil": 56555405, "link": "https://www.sec.gov/Archives/edgar/data/726728/000072672802000005/0000726728-02-000005-index.htm", "finalLink": "https://www.sec.gov/Archives/edgar/data/726728/000072672802000005/annual10k.txt", "calculatedOtherExpenses": 34889000, "calculatedOperatingExpenses": 42725000, "calculatedNetInterest": -26466000, "calculatedOtherIncome": -57080000, "calculatedIncomeNonControlling": -83546000, "calculatedEbitda": 112972000}, {"date": "2000-12-31", "symbol": "O", "reportedCurrency": "USD", "cik": "0000726728", "fillingDate": "2001-03-28", "acceptedDate": "2001-03-28 00:00:00", "calendarYear": "2000", "period": "FY", "revenue": 118310000, "costOfRevenue": 0, "grossProfit": 118310000, "grossProfitRatio": 1, "researchAndDevelopmentExpenses": 0, "generalAndAdministrativeExpenses": 0, "sellingAndMarketingExpenses": 0, "sellingGeneralAndAdministrativeExpenses": 6839000, "otherExpenses": 31848000, "operatingExpenses": 38687000, "costAndExpenses": 38687000, "interestIncome": 0, "interestExpense": 31547000, "depreciationAndAmortization": 29003000, "ebitda": 108626000, "ebitdaratio": 0.9181472403, "operatingIncome": 79623000, "operatingIncomeRatio": 0.6730031274, "totalOtherIncomeExpensesNet": 0, "incomeBeforeTax": 0, "incomeBeforeTaxRatio": 0, "incomeTaxExpense": 24835000, "netIncome": 54788000, "netIncomeRatio": 0.4630884963, "eps": 0.85, "epsdiluted": 0.85, "weightedAverageShsOut": 53638261, "weightedAverageShsOutDil": 53638261, "link": "https://www.sec.gov/Archives/edgar/data/726728/000072672801000004/0000726728-01-000004-index.htm", "finalLink": "https://www.sec.gov/Archives/edgar/data/726728/000072672801000004/0000726728-01-000004-0001.txt", "calculatedOtherExpenses": 31848000, "calculatedOperatingExpenses": 38687000, "calculatedNetInterest": -31547000, "calculatedOtherIncome": -48076000, "calculatedIncomeNonControlling": -79623000, "calculatedEbitda": 108626000}, {"date": "1999-12-31", "symbol": "O", "reportedCurrency": "USD", "cik": "0000726728", "fillingDate": "2000-03-23", "acceptedDate": "2000-03-23 00:00:00", "calendarYear": "1999", "period": "FY", "revenue": 104510000, "costOfRevenue": 0, "grossProfit": 104510000, "grossProfitRatio": 1, "researchAndDevelopmentExpenses": 0, "generalAndAdministrativeExpenses": 0, "sellingAndMarketingExpenses": 0, "sellingGeneralAndAdministrativeExpenses": 6968000, "otherExpenses": 27774000, "operatingExpenses": 34742000, "costAndExpenses": 34742000, "interestIncome": 0, "interestExpense": 24473000, "depreciationAndAmortization": 25952000, "ebitda": 95720000, "ebitdaratio": 0.915893216, "operatingIncome": 69768000, "operatingIncomeRatio": 0.6675724811, "totalOtherIncomeExpensesNet": 0, "incomeBeforeTax": 0, "incomeBeforeTaxRatio": 0, "incomeTaxExpense": 23527000, "netIncome": 46241000, "netIncomeRatio": 0.4424552674, "eps": 0.76, "epsdiluted": 0.76, "weightedAverageShsOut": 53859649, "weightedAverageShsOutDil": 53859649, "link": "https://www.sec.gov/Archives/edgar/data/726728/000072672800000002/0000726728-00-000002-index.html", "finalLink": "https://www.sec.gov/Archives/edgar/data/726728/000072672800000002/", "calculatedOtherExpenses": 27774000, "calculatedOperatingExpenses": 34742000, "calculatedNetInterest": -24473000, "calculatedOtherIncome": -45295000, "calculatedIncomeNonControlling": -69768000, "calculatedEbitda": 95720000}, {"date": "1998-12-31", "symbol": "O", "reportedCurrency": "USD", "cik": "0000726728", "fillingDate": "1999-03-24", "acceptedDate": "1999-03-24 00:00:00", "calendarYear": "1998", "period": "FY", "revenue": 85132000, "costOfRevenue": 0, "grossProfit": 85132000, "grossProfitRatio": 1, "researchAndDevelopmentExpenses": 0, "generalAndAdministrativeExpenses": 0, "sellingAndMarketingExpenses": 0, "sellingGeneralAndAdministrativeExpenses": 6680000, "otherExpenses": 37448000, "operatingExpenses": 44128000, "costAndExpenses": 44128000, "interestIncome": 0, "interestExpense": 0, "depreciationAndAmortization": 21935000, "ebitda": 62439000, "ebitdaratio": 0.7334374853, "operatingIncome": 41004000, "operatingIncomeRatio": 0.4816520227, "totalOtherIncomeExpensesNet": 500000, "incomeBeforeTax": 41504000, "incomeBeforeTaxRatio": 0.4875252549, "incomeTaxExpense": -300000, "netIncome": 41304000, "netIncomeRatio": 0.485175962, "eps": 0.78, "epsdiluted": 0.78, "weightedAverageShsOut": 53259872, "weightedAverageShsOutDil": 53276568, "link": "https://www.sec.gov/Archives/edgar/data/726728/000072672899000006/0000726728-99-000006-index.html", "finalLink": "https://www.sec.gov/Archives/edgar/data/726728/", "calculatedOtherExpenses": 37448000, "calculatedOperatingExpenses": 44128000, "calculatedNetInterest": 0, "calculatedOtherIncome": 500000, "calculatedIncomeNonControlling": 500000, "calculatedEbitda": 62939000}, {"date": "1997-12-31", "symbol": "O", "reportedCurrency": "USD", "cik": "0000726728", "fillingDate": "1998-03-20", "acceptedDate": "1998-03-20 00:00:00", "calendarYear": "1997", "period": "FY", "revenue": 67897000, "costOfRevenue": 0, "grossProfit": 67897000, "grossProfitRatio": 1, "researchAndDevelopmentExpenses": 0, "generalAndAdministrativeExpenses": 0, "sellingAndMarketingExpenses": 0, "sellingGeneralAndAdministrativeExpenses": 5437000, "otherExpenses": 20546000, "operatingExpenses": 25983000, "costAndExpenses": 25983000, "interestIncome": 0, "interestExpense": 8226000, "depreciationAndAmortization": 18596000, "ebitda": 60510000, "ebitdaratio": 0.8912028514, "operatingIncome": 41914000, "operatingIncomeRatio": 0.6173174072, "totalOtherIncomeExpensesNet": 0, "incomeBeforeTax": 0, "incomeBeforeTaxRatio": 0, "incomeTaxExpense": 7144000, "netIncome": 34770000, "netIncomeRatio": 0.5120992091, "eps": 0.74, "epsdiluted": 0.74, "weightedAverageShsOut": 47027027, "weightedAverageShsOutDil": 47027027, "link": "https://www.sec.gov/Archives/edgar/data/726728/000072672898000005/0000726728-98-000005-index.html", "finalLink": "https://www.sec.gov/Archives/edgar/data/726728/", "calculatedOtherExpenses": 20546000, "calculatedOperatingExpenses": 25983000, "calculatedNetInterest": -8226000, "calculatedOtherIncome": -33688000, "calculatedIncomeNonControlling": -41914000, "calculatedEbitda": 60510000}, {"date": "1996-12-31", "symbol": "O", "reportedCurrency": "USD", "cik": "0000726728", "fillingDate": "1997-03-26", "acceptedDate": "1997-03-26 00:00:00", "calendarYear": "1996", "period": "FY", "revenue": 56957000, "costOfRevenue": 0, "grossProfit": 56957000, "grossProfitRatio": 1, "researchAndDevelopmentExpenses": 0, "generalAndAdministrativeExpenses": 0, "sellingAndMarketingExpenses": 0, "sellingGeneralAndAdministrativeExpenses": 5181000, "otherExpenses": 21008000, "operatingExpenses": 26189000, "costAndExpenses": 26189000, "interestIncome": 0, "interestExpense": 0, "depreciationAndAmortization": 16422000, "ebitda": 45690000, "ebitdaratio": 0.8021841038, "operatingIncome": 30768000, "operatingIncomeRatio": 0.5401969907, "totalOtherIncomeExpensesNet": 1500000, "incomeBeforeTax": 32268000, "incomeBeforeTaxRatio": 0.5665326474, "incomeTaxExpense": -1455000, "netIncome": 32223000, "netIncomeRatio": 0.5657425777, "eps": 0.7, "epsdiluted": 0.7, "weightedAverageShsOut": 45953578, "weightedAverageShsOutDil": 45955674, "link": "https://www.sec.gov/Archives/edgar/data/726728/000072672897000007/0000726728-97-000007-index.html", "finalLink": "https://www.sec.gov/Archives/edgar/data/726728/", "calculatedOtherExpenses": 21008000, "calculatedOperatingExpenses": 26189000, "calculatedNetInterest": 0, "calculatedOtherIncome": 1500000, "calculatedIncomeNonControlling": 1500000, "calculatedEbitda": 47190000}, {"date": "1995-12-31", "symbol": "O", "reportedCurrency": "USD", "cik": "0000726728", "fillingDate": "1996-03-21", "acceptedDate": "1996-03-21 00:00:00", "calendarYear": "1995", "period": "FY", "revenue": 51555000, "costOfRevenue": 0, "grossProfit": 51555000, "grossProfitRatio": 1, "researchAndDevelopmentExpenses": 0, "generalAndAdministrativeExpenses": 0, "sellingAndMarketingExpenses": 0, "sellingGeneralAndAdministrativeExpenses": 4821000, "otherExpenses": 21152000, "operatingExpenses": 25973000, "costAndExpenses": 25973000, "interestIncome": 0, "interestExpense": 0, "depreciationAndAmortization": 14849000, "ebitda": 40431000, "ebitdaratio": 0.7842304335, "operatingIncome": 25582000, "operatingIncomeRatio": 0.4962079333, "totalOtherIncomeExpensesNet": 0, "incomeBeforeTax": 0, "incomeBeforeTaxRatio": 0, "incomeTaxExpense": -18000, "netIncome": 25600000, "netIncomeRatio": 0.496557075, "eps": 0.56, "epsdiluted": 0.56, "weightedAverageShsOut": 39560440, "weightedAverageShsOutDil": 39560440, "link": "https://www.sec.gov/Archives/edgar/data/726728/000072672896000009/0000726728-96-000009-index.html", "finalLink": "https://www.sec.gov/Archives/edgar/data/726728/", "calculatedOtherExpenses": 21152000, "calculatedOperatingExpenses": 25973000, "calculatedNetInterest": 0, "calculatedOtherIncome": -25582000, "calculatedIncomeNonControlling": -25582000, "calculatedEbitda": 40431000}, {"date": "1994-12-31", "symbol": "O", "reportedCurrency": "USD", "cik": "0000726728", "fillingDate": "1994-12-31", "acceptedDate": "1994-12-30 19:00:00", "calendarYear": "1994", "period": "FY", "revenue": 48900000, "costOfRevenue": 0, "grossProfit": 48900000, "grossProfitRatio": 1, "researchAndDevelopmentExpenses": 0, "generalAndAdministrativeExpenses": 0, "sellingAndMarketingExpenses": 0, "sellingGeneralAndAdministrativeExpenses": 0, "otherExpenses": -23200000, "operatingExpenses": -23200000, "costAndExpenses": -23200000, "interestIncome": 0, "interestExpense": 0, "depreciationAndAmortization": 13800000, "ebitda": 85900000, "ebitdaratio": 1.7566462168, "operatingIncome": 72100000, "operatingIncomeRatio": 1.4744376278, "totalOtherIncomeExpensesNet": 0, "incomeBeforeTax": 0, "incomeBeforeTaxRatio": 0, "incomeTaxExpense": 56900000, "netIncome": 15200000, "netIncomeRatio": 0.3108384458, "eps": 0.39, "epsdiluted": 0.39, "weightedAverageShsOut": 39035897, "weightedAverageShsOutDil": 39035897, "link": "", "finalLink": "", "calculatedOtherExpenses": -23200000, "calculatedOperatingExpenses": -23200000, "calculatedNetInterest": 0, "calculatedOtherIncome": -72100000, "calculatedIncomeNonControlling": -72100000, "calculatedEbitda": 85900000}, {"date": "1993-12-31", "symbol": "O", "reportedCurrency": "USD", "cik": "0000726728", "fillingDate": "1993-12-31", "acceptedDate": "1993-12-30 19:00:00", "calendarYear": "1993", "period": "FY", "revenue": 49018000, "costOfRevenue": 0, "grossProfit": 49018000, "grossProfitRatio": 1, "researchAndDevelopmentExpenses": 0, "generalAndAdministrativeExpenses": 0, "sellingAndMarketingExpenses": 0, "sellingGeneralAndAdministrativeExpenses": 0, "otherExpenses": 23283000, "operatingExpenses": 23283000, "costAndExpenses": 23283000, "interestIncome": 0, "interestExpense": 0, "depreciationAndAmortization": 0, "ebitda": 25735000, "ebitdaratio": 0.5250112204, "operatingIncome": 25735000, "operatingIncomeRatio": 0.5250112204, "totalOtherIncomeExpensesNet": 0, "incomeBeforeTax": 0, "incomeBeforeTaxRatio": 0, "incomeTaxExpense": -29318000, "netIncome": 29318000, "netIncomeRatio": 0.5981068179, "eps": 0.74, "epsdiluted": 0.74, "weightedAverageShsOut": 39512195, "weightedAverageShsOutDil": 39512195, "link": "", "finalLink": "", "calculatedOtherExpenses": 23283000, "calculatedOperatingExpenses": 23283000, "calculatedNetInterest": 0, "calculatedOtherIncome": -25735000, "calculatedIncomeNonControlling": 0, "calculatedEbitda": 25735000}]}