{"originalCurrency": "USD", "convertedCurrency": "USD", "report": [{"date": "2023-12-31", "symbol": "OC", "reportedCurrency": "USD", "cik": "0001370946", "fillingDate": "2024-02-14", "acceptedDate": "2024-02-14 06:06:49", "calendarYear": "2023", "period": "FY", "revenue": 9677000000, "costOfRevenue": 6994000000, "grossProfit": 2683000000, "grossProfitRatio": 0.2772553477, "researchAndDevelopmentExpenses": 123000000, "generalAndAdministrativeExpenses": 697000000, "sellingAndMarketingExpenses": 134000000, "sellingGeneralAndAdministrativeExpenses": 831000000, "otherExpenses": -145000000, "operatingExpenses": 1060000000, "costAndExpenses": 8054000000, "interestIncome": 0, "interestExpense": 76000000, "depreciationAndAmortization": 609000000, "ebitda": 2087000000, "ebitdaratio": 0.2156660122, "operatingIncome": 1812000000, "operatingIncomeRatio": 0.1872481141, "totalOtherIncomeExpensesNet": 44000000, "incomeBeforeTax": 1591000000, "incomeBeforeTaxRatio": 0.1644104578, "incomeTaxExpense": 401000000, "netIncome": 1196000000, "netIncomeRatio": 0.1235920223, "eps": 13.27, "epsdiluted": 13.11, "weightedAverageShsOut": 90100000, "weightedAverageShsOutDil": 91000000, "link": "https://www.sec.gov/Archives/edgar/data/1370946/000137094624000046/0001370946-24-000046-index.htm", "finalLink": "https://www.sec.gov/Archives/edgar/data/1370946/000137094624000046/oc-20231231.htm", "calculatedOtherExpenses": -83000000, "calculatedOperatingExpenses": 871000000, "calculatedNetInterest": -76000000, "calculatedOtherIncome": -145000000, "calculatedIncomeNonControlling": -6000000, "calculatedEbitda": 2421000000}, {"date": "2022-12-31", "symbol": "OC", "reportedCurrency": "USD", "cik": "0001370946", "fillingDate": "2023-02-15", "acceptedDate": "2023-02-15 06:08:42", "calendarYear": "2022", "period": "FY", "revenue": 9761000000, "costOfRevenue": 7145000000, "grossProfit": 2616000000, "grossProfitRatio": 0.2680053273, "researchAndDevelopmentExpenses": 106000000, "generalAndAdministrativeExpenses": 678000000, "sellingAndMarketingExpenses": 125000000, "sellingGeneralAndAdministrativeExpenses": 803000000, "otherExpenses": 123000000, "operatingExpenses": 1032000000, "costAndExpenses": 8177000000, "interestIncome": 108000000, "interestExpense": 109000000, "depreciationAndAmortization": 540000000, "ebitda": 2254000000, "ebitdaratio": 0.2309189632, "operatingIncome": 1714000000, "operatingIncomeRatio": 0.1755967626, "totalOtherIncomeExpensesNet": -100000000, "incomeBeforeTax": 1614000000, "incomeBeforeTaxRatio": 0.1653519107, "incomeTaxExpense": 373000000, "netIncome": 1241000000, "netIncomeRatio": 0.1271386128, "eps": 12.85, "epsdiluted": 12.7, "weightedAverageShsOut": 96600000, "weightedAverageShsOutDil": 97700000, "link": "https://www.sec.gov/Archives/edgar/data/1370946/000137094623000010/0001370946-23-000010-index.htm", "finalLink": "https://www.sec.gov/Archives/edgar/data/1370946/000137094623000010/oc-20221231.htm", "calculatedOtherExpenses": -7000000, "calculatedOperatingExpenses": 902000000, "calculatedNetInterest": -1000000, "calculatedOtherIncome": -99000000, "calculatedIncomeNonControlling": 0, "calculatedEbitda": 2254000000}, {"date": "2021-12-31", "symbol": "OC", "reportedCurrency": "USD", "cik": "0001370946", "fillingDate": "2022-02-16", "acceptedDate": "2022-02-16 06:16:53", "calendarYear": "2021", "period": "FY", "revenue": 8498000000, "costOfRevenue": 6281000000, "grossProfit": 2217000000, "grossProfitRatio": 0.2608849141, "researchAndDevelopmentExpenses": 91000000, "generalAndAdministrativeExpenses": 647000000, "sellingAndMarketingExpenses": 110000000, "sellingGeneralAndAdministrativeExpenses": 757000000, "otherExpenses": -69000000, "operatingExpenses": 779000000, "costAndExpenses": 7060000000, "interestIncome": 121000000, "interestExpense": 126000000, "depreciationAndAmortization": 512000000, "ebitda": 1950000000, "ebitdaratio": 0.2294657566, "operatingIncome": 1438000000, "operatingIncomeRatio": 0.1692162862, "totalOtherIncomeExpensesNet": -125000000, "incomeBeforeTax": 1313000000, "incomeBeforeTaxRatio": 0.1545069428, "incomeTaxExpense": 319000000, "netIncome": 995000000, "netIncomeRatio": 0.1170863733, "eps": 9.61, "epsdiluted": 9.54, "weightedAverageShsOut": 103500000, "weightedAverageShsOutDil": 104300000, "link": "https://www.sec.gov/Archives/edgar/data/1370946/000137094622000010/0001370946-22-000010-index.htm", "finalLink": "https://www.sec.gov/Archives/edgar/data/1370946/000137094622000010/oc-20211231.htm", "calculatedOtherExpenses": -69000000, "calculatedOperatingExpenses": 779000000, "calculatedNetInterest": -5000000, "calculatedOtherIncome": -120000000, "calculatedIncomeNonControlling": -1000000, "calculatedEbitda": 1950000000}, {"date": "2020-12-31", "symbol": "OC", "reportedCurrency": "USD", "cik": "0001370946", "fillingDate": "2021-02-17", "acceptedDate": "2021-02-17 06:10:33", "calendarYear": "2020", "period": "FY", "revenue": 7055000000, "costOfRevenue": 5445000000, "grossProfit": 1610000000, "grossProfitRatio": 0.2282069454, "researchAndDevelopmentExpenses": 82000000, "generalAndAdministrativeExpenses": 566000000, "sellingAndMarketingExpenses": 98000000, "sellingGeneralAndAdministrativeExpenses": 664000000, "otherExpenses": 58000000, "operatingExpenses": 804000000, "costAndExpenses": 6249000000, "interestIncome": 124000000, "interestExpense": 132000000, "depreciationAndAmortization": 493000000, "ebitda": 1313000000, "ebitdaratio": 0.1861091425, "operatingIncome": 820000000, "operatingIncomeRatio": 0.1162296244, "totalOtherIncomeExpensesNet": -1076000000, "incomeBeforeTax": -256000000, "incomeBeforeTaxRatio": -0.0362863218, "incomeTaxExpense": 129000000, "netIncome": -385000000, "netIncomeRatio": -0.0545712261, "eps": -3.55, "epsdiluted": -3.55, "weightedAverageShsOut": 108600000, "weightedAverageShsOutDil": 108600000, "link": "https://www.sec.gov/Archives/edgar/data/1370946/000137094621000011/0001370946-21-000011-index.htm", "finalLink": "https://www.sec.gov/Archives/edgar/data/1370946/000137094621000011/oc-20201231.htm", "calculatedOtherExpenses": 44000000, "calculatedOperatingExpenses": 790000000, "calculatedNetInterest": -8000000, "calculatedOtherIncome": -1068000000, "calculatedIncomeNonControlling": 0, "calculatedEbitda": 1313000000}, {"date": "2019-12-31", "symbol": "OC", "reportedCurrency": "USD", "cik": "0001370946", "fillingDate": "2020-02-19", "acceptedDate": "2020-02-19 06:19:04", "calendarYear": "2019", "period": "FY", "revenue": 7160000000, "costOfRevenue": 5551000000, "grossProfit": 1609000000, "grossProfitRatio": 0.2247206704, "researchAndDevelopmentExpenses": 87000000, "generalAndAdministrativeExpenses": 581000000, "sellingAndMarketingExpenses": 117000000, "sellingGeneralAndAdministrativeExpenses": 698000000, "otherExpenses": 37000000, "operatingExpenses": 822000000, "costAndExpenses": 6373000000, "interestIncome": 118000000, "interestExpense": 131000000, "depreciationAndAmortization": 423000000, "ebitda": 1210000000, "ebitdaratio": 0.1689944134, "operatingIncome": 787000000, "operatingIncomeRatio": 0.1099162011, "totalOtherIncomeExpensesNet": -197000000, "incomeBeforeTax": 590000000, "incomeBeforeTaxRatio": 0.0824022346, "incomeTaxExpense": 186000000, "netIncome": 405000000, "netIncomeRatio": 0.0565642458, "eps": 3.71, "epsdiluted": 3.68, "weightedAverageShsOut": 109200000, "weightedAverageShsOutDil": 110100000, "link": "https://www.sec.gov/Archives/edgar/data/1370946/000137094620000015/0001370946-20-000015-index.htm", "finalLink": "https://www.sec.gov/Archives/edgar/data/1370946/000137094620000015/oc-20191231.htm", "calculatedOtherExpenses": 37000000, "calculatedOperatingExpenses": 822000000, "calculatedNetInterest": -13000000, "calculatedOtherIncome": -184000000, "calculatedIncomeNonControlling": -1000000, "calculatedEbitda": 1210000000}, {"date": "2018-12-31", "symbol": "OC", "reportedCurrency": "USD", "cik": "0001370946", "fillingDate": "2019-02-20", "acceptedDate": "2019-02-20 06:51:00", "calendarYear": "2018", "period": "FY", "revenue": 7057000000, "costOfRevenue": 5425000000, "grossProfit": 1632000000, "grossProfitRatio": 0.2312597421, "researchAndDevelopmentExpenses": 89000000, "generalAndAdministrativeExpenses": 700000000, "sellingAndMarketingExpenses": 120000000, "sellingGeneralAndAdministrativeExpenses": 700000000, "otherExpenses": 14000000, "operatingExpenses": 825000000, "costAndExpenses": 6250000000, "interestIncome": 0, "interestExpense": 117000000, "depreciationAndAmortization": 433000000, "ebitda": 1254000000, "ebitdaratio": 0.1776959048, "operatingIncome": 807000000, "operatingIncomeRatio": 0.1143545416, "totalOtherIncomeExpensesNet": 14000000, "incomeBeforeTax": 704000000, "incomeBeforeTaxRatio": 0.0997591044, "incomeTaxExpense": 156000000, "netIncome": 545000000, "netIncomeRatio": 0.077228284, "eps": 4.94, "epsdiluted": 4.89, "weightedAverageShsOut": 110400000, "weightedAverageShsOutDil": 111400000, "link": "https://www.sec.gov/Archives/edgar/data/1370946/000137094619000012/0001370946-19-000012-index.htm", "finalLink": "https://www.sec.gov/Archives/edgar/data/1370946/000137094619000012/oc-20181231x10k.htm", "calculatedOtherExpenses": 36000000, "calculatedOperatingExpenses": 825000000, "calculatedNetInterest": -117000000, "calculatedOtherIncome": 14000000, "calculatedIncomeNonControlling": 3000000, "calculatedEbitda": 1240000000}, {"date": "2017-12-31", "symbol": "OC", "reportedCurrency": "USD", "cik": "0001370946", "fillingDate": "2018-02-21", "acceptedDate": "2018-02-21 07:52:21", "calendarYear": "2017", "period": "FY", "revenue": 6384000000, "costOfRevenue": 4812000000, "grossProfit": 1572000000, "grossProfitRatio": 0.2462406015, "researchAndDevelopmentExpenses": 85000000, "generalAndAdministrativeExpenses": 620000000, "sellingAndMarketingExpenses": 108000000, "sellingGeneralAndAdministrativeExpenses": 620000000, "otherExpenses": 130000000, "operatingExpenses": 835000000, "costAndExpenses": 5647000000, "interestIncome": 0, "interestExpense": 107000000, "depreciationAndAmortization": 371000000, "ebitda": 1108000000, "ebitdaratio": 0.1735588972, "operatingIncome": 737000000, "operatingIncomeRatio": 0.1154448622, "totalOtherIncomeExpensesNet": -71000000, "incomeBeforeTax": 559000000, "incomeBeforeTaxRatio": 0.0875626566, "incomeTaxExpense": 269000000, "netIncome": 289000000, "netIncomeRatio": 0.0452694236, "eps": 2.59, "epsdiluted": 2.55, "weightedAverageShsOut": 111500000, "weightedAverageShsOutDil": 113200000, "link": "https://www.sec.gov/Archives/edgar/data/1370946/000137094618000010/0001370946-18-000010-index.htm", "finalLink": "https://www.sec.gov/Archives/edgar/data/1370946/000137094618000010/oc-20171231x10k.htm", "calculatedOtherExpenses": 130000000, "calculatedOperatingExpenses": 835000000, "calculatedNetInterest": -107000000, "calculatedOtherIncome": -71000000, "calculatedIncomeNonControlling": 1000000, "calculatedEbitda": 1108000000}, {"date": "2016-12-31", "symbol": "OC", "reportedCurrency": "USD", "cik": "0001370946", "fillingDate": "2017-02-08", "acceptedDate": "2017-02-08 07:39:43", "calendarYear": "2016", "period": "FY", "revenue": 5677000000, "costOfRevenue": 4296000000, "grossProfit": 1381000000, "grossProfitRatio": 0.2432622864, "researchAndDevelopmentExpenses": 82000000, "generalAndAdministrativeExpenses": 584000000, "sellingAndMarketingExpenses": 105000000, "sellingGeneralAndAdministrativeExpenses": 584000000, "otherExpenses": 16000000, "operatingExpenses": 682000000, "costAndExpenses": 4978000000, "interestIncome": 0, "interestExpense": 108000000, "depreciationAndAmortization": 343000000, "ebitda": 1042000000, "ebitdaratio": 0.1835476484, "operatingIncome": 699000000, "operatingIncomeRatio": 0.1231284129, "totalOtherIncomeExpensesNet": -1000000, "incomeBeforeTax": 590000000, "incomeBeforeTaxRatio": 0.1039281311, "incomeTaxExpense": 188000000, "netIncome": 393000000, "netIncomeRatio": 0.0692267042, "eps": 3.44, "epsdiluted": 3.41, "weightedAverageShsOut": 114400000, "weightedAverageShsOutDil": 115400000, "link": "https://www.sec.gov/Archives/edgar/data/1370946/000137094617000006/0001370946-17-000006-index.htm", "finalLink": "https://www.sec.gov/Archives/edgar/data/1370946/000137094617000006/oc-20161231x10k.htm", "calculatedOtherExpenses": 16000000, "calculatedOperatingExpenses": 682000000, "calculatedNetInterest": -108000000, "calculatedOtherIncome": -1000000, "calculatedIncomeNonControlling": 9000000, "calculatedEbitda": 1042000000}, {"date": "2015-12-31", "symbol": "OC", "reportedCurrency": "USD", "cik": "0001370946", "fillingDate": "2016-02-10", "acceptedDate": "2016-02-10 07:41:39", "calendarYear": "2015", "period": "FY", "revenue": 5350000000, "costOfRevenue": 4197000000, "grossProfit": 1153000000, "grossProfitRatio": 0.2155140187, "researchAndDevelopmentExpenses": 73000000, "generalAndAdministrativeExpenses": 525000000, "sellingAndMarketingExpenses": 98000000, "sellingGeneralAndAdministrativeExpenses": 525000000, "otherExpenses": 7000000, "operatingExpenses": 605000000, "costAndExpenses": 4802000000, "interestIncome": 0, "interestExpense": 100000000, "depreciationAndAmortization": 300000000, "ebitda": 848000000, "ebitdaratio": 0.1585046729, "operatingIncome": 548000000, "operatingIncomeRatio": 0.1024299065, "totalOtherIncomeExpensesNet": 5000000, "incomeBeforeTax": 453000000, "incomeBeforeTaxRatio": 0.0846728972, "incomeTaxExpense": 120000000, "netIncome": 330000000, "netIncomeRatio": 0.061682243, "eps": 2.82, "epsdiluted": 2.79, "weightedAverageShsOut": 117200000, "weightedAverageShsOutDil": 118200000, "link": "https://www.sec.gov/Archives/edgar/data/1370946/000137094616000272/0001370946-16-000272-index.htm", "finalLink": "https://www.sec.gov/Archives/edgar/data/1370946/000137094616000272/oc-20151231x10k.htm", "calculatedOtherExpenses": 7000000, "calculatedOperatingExpenses": 605000000, "calculatedNetInterest": -100000000, "calculatedOtherIncome": 5000000, "calculatedIncomeNonControlling": 3000000, "calculatedEbitda": 848000000}, {"date": "2014-12-31", "symbol": "OC", "reportedCurrency": "USD", "cik": "0001370946", "fillingDate": "2015-02-11", "acceptedDate": "2015-02-11 07:02:11", "calendarYear": "2014", "period": "FY", "revenue": 5276000000, "costOfRevenue": 4300000000, "grossProfit": 976000000, "grossProfitRatio": 0.1849886277, "researchAndDevelopmentExpenses": 76000000, "generalAndAdministrativeExpenses": 487000000, "sellingAndMarketingExpenses": 100000000, "sellingGeneralAndAdministrativeExpenses": 487000000, "otherExpenses": 21000000, "operatingExpenses": 584000000, "costAndExpenses": 4884000000, "interestIncome": 0, "interestExpense": 114000000, "depreciationAndAmortization": 304000000, "ebitda": 696000000, "ebitdaratio": 0.1319181198, "operatingIncome": 392000000, "operatingIncomeRatio": 0.0742987111, "totalOtherIncomeExpensesNet": -46000000, "incomeBeforeTax": 232000000, "incomeBeforeTaxRatio": 0.0439727066, "incomeTaxExpense": 5000000, "netIncome": 226000000, "netIncomeRatio": 0.0428354814, "eps": 1.92, "epsdiluted": 1.91, "weightedAverageShsOut": 117500000, "weightedAverageShsOutDil": 118300000, "link": "https://www.sec.gov/Archives/edgar/data/1370946/000137094615000061/0001370946-15-000061-index.htm", "finalLink": "https://www.sec.gov/Archives/edgar/data/1370946/000137094615000061/oc-20141231x10k.htm", "calculatedOtherExpenses": 21000000, "calculatedOperatingExpenses": 584000000, "calculatedNetInterest": -114000000, "calculatedOtherIncome": -46000000, "calculatedIncomeNonControlling": 1000000, "calculatedEbitda": 696000000}, {"date": "2013-12-31", "symbol": "OC", "reportedCurrency": "USD", "cik": "0001370946", "fillingDate": "2014-02-12", "acceptedDate": "2014-02-12 07:38:52", "calendarYear": "2013", "period": "FY", "revenue": 5295000000, "costOfRevenue": 4329000000, "grossProfit": 966000000, "grossProfitRatio": 0.1824362606, "researchAndDevelopmentExpenses": 77000000, "generalAndAdministrativeExpenses": 530000000, "sellingAndMarketingExpenses": 105000000, "sellingGeneralAndAdministrativeExpenses": 530000000, "otherExpenses": -26000000, "operatingExpenses": 581000000, "costAndExpenses": 4910000000, "interestIncome": 0, "interestExpense": 112000000, "depreciationAndAmortization": 332000000, "ebitda": 717000000, "ebitdaratio": 0.1354107649, "operatingIncome": 385000000, "operatingIncomeRatio": 0.0727101039, "totalOtherIncomeExpensesNet": -112000000, "incomeBeforeTax": 273000000, "incomeBeforeTaxRatio": 0.0515580737, "incomeTaxExpense": 68000000, "netIncome": 204000000, "netIncomeRatio": 0.0385269122, "eps": 1.73, "epsdiluted": 1.71, "weightedAverageShsOut": 118200000, "weightedAverageShsOutDil": 119100000, "link": "https://www.sec.gov/Archives/edgar/data/1370946/000119312514046910/0001193125-14-046910-index.htm", "finalLink": "https://www.sec.gov/Archives/edgar/data/1370946/000119312514046910/d647256d10k.htm", "calculatedOtherExpenses": -26000000, "calculatedOperatingExpenses": 581000000, "calculatedNetInterest": -112000000, "calculatedOtherIncome": 0, "calculatedIncomeNonControlling": 1000000, "calculatedEbitda": 717000000}, {"date": "2012-12-31", "symbol": "OC", "reportedCurrency": "USD", "cik": "0001370946", "fillingDate": "2013-02-20", "acceptedDate": "2013-02-20 07:55:06", "calendarYear": "2012", "period": "FY", "revenue": 5172000000, "costOfRevenue": 4375000000, "grossProfit": 797000000, "grossProfitRatio": 0.1540989946, "researchAndDevelopmentExpenses": 79000000, "generalAndAdministrativeExpenses": 509000000, "sellingAndMarketingExpenses": 109000000, "sellingGeneralAndAdministrativeExpenses": 509000000, "otherExpenses": 61000000, "operatingExpenses": 649000000, "costAndExpenses": 5024000000, "interestIncome": 0, "interestExpense": 114000000, "depreciationAndAmortization": 349000000, "ebitda": 497000000, "ebitdaratio": 0.0960943542, "operatingIncome": 148000000, "operatingIncomeRatio": 0.0286156226, "totalOtherIncomeExpensesNet": -74000000, "incomeBeforeTax": -40000000, "incomeBeforeTaxRatio": -0.007733952, "incomeTaxExpense": -28000000, "netIncome": -19000000, "netIncomeRatio": -0.0036736272, "eps": -0.16, "epsdiluted": -0.16, "weightedAverageShsOut": 118750000, "weightedAverageShsOutDil": 119400000, "link": "https://www.sec.gov/Archives/edgar/data/1370946/000119312513066200/0001193125-13-066200-index.htm", "finalLink": "https://www.sec.gov/Archives/edgar/data/1370946/000119312513066200/d465976d10k.htm", "calculatedOtherExpenses": 61000000, "calculatedOperatingExpenses": 649000000, "calculatedNetInterest": -114000000, "calculatedOtherIncome": -74000000, "calculatedIncomeNonControlling": 7000000, "calculatedEbitda": 497000000}, {"date": "2011-12-31", "symbol": "OC", "reportedCurrency": "USD", "cik": "0001370946", "fillingDate": "2012-02-15", "acceptedDate": "2012-02-15 07:11:27", "calendarYear": "2011", "period": "FY", "revenue": 5335000000, "costOfRevenue": 4307000000, "grossProfit": 1028000000, "grossProfitRatio": 0.1926897844, "researchAndDevelopmentExpenses": 77000000, "generalAndAdministrativeExpenses": 525000000, "sellingAndMarketingExpenses": 0, "sellingGeneralAndAdministrativeExpenses": 525000000, "otherExpenses": -35000000, "operatingExpenses": 567000000, "costAndExpenses": 4874000000, "interestIncome": 0, "interestExpense": 108000000, "depreciationAndAmortization": 318000000, "ebitda": 779000000, "ebitdaratio": 0.1460168697, "operatingIncome": 461000000, "operatingIncomeRatio": 0.0864104967, "totalOtherIncomeExpensesNet": -108000000, "incomeBeforeTax": 353000000, "incomeBeforeTaxRatio": 0.0661668229, "incomeTaxExpense": 74000000, "netIncome": 276000000, "netIncomeRatio": 0.0517338332, "eps": 2.25, "epsdiluted": 2.23, "weightedAverageShsOut": 122500000, "weightedAverageShsOutDil": 123500000, "link": "https://www.sec.gov/Archives/edgar/data/1370946/000119312512062185/0001193125-12-062185-index.htm", "finalLink": "https://www.sec.gov/Archives/edgar/data/1370946/000119312512062185/d279703d10k.htm", "calculatedOtherExpenses": -35000000, "calculatedOperatingExpenses": 567000000, "calculatedNetInterest": -108000000, "calculatedOtherIncome": 0, "calculatedIncomeNonControlling": 3000000, "calculatedEbitda": 779000000}, {"date": "2010-12-31", "symbol": "OC", "reportedCurrency": "USD", "cik": "0001370946", "fillingDate": "2011-02-16", "acceptedDate": "2011-02-16 08:18:28", "calendarYear": "2010", "period": "FY", "revenue": 4997000000, "costOfRevenue": 4041000000, "grossProfit": 956000000, "grossProfitRatio": 0.1913147889, "researchAndDevelopmentExpenses": 76000000, "generalAndAdministrativeExpenses": 516000000, "sellingAndMarketingExpenses": 0, "sellingGeneralAndAdministrativeExpenses": 516000000, "otherExpenses": 129000000, "operatingExpenses": 721000000, "costAndExpenses": 4762000000, "interestIncome": 0, "interestExpense": 110000000, "depreciationAndAmortization": 320000000, "ebitda": 555000000, "ebitdaratio": 0.11106664, "operatingIncome": 235000000, "operatingIncomeRatio": 0.0470282169, "totalOtherIncomeExpensesNet": -29000000, "incomeBeforeTax": 96000000, "incomeBeforeTaxRatio": 0.0192115269, "incomeTaxExpense": -840000000, "netIncome": 933000000, "netIncomeRatio": 0.1867120272, "eps": 7.43, "epsdiluted": 7.37, "weightedAverageShsOut": 125600000, "weightedAverageShsOutDil": 126600000, "link": "https://www.sec.gov/Archives/edgar/data/1370946/000119312511037296/0001193125-11-037296-index.htm", "finalLink": "https://www.sec.gov/Archives/edgar/data/1370946/000119312511037296/d10k.htm", "calculatedOtherExpenses": 129000000, "calculatedOperatingExpenses": 721000000, "calculatedNetInterest": -110000000, "calculatedOtherIncome": -29000000, "calculatedIncomeNonControlling": 3000000, "calculatedEbitda": 555000000}, {"date": "2009-12-31", "symbol": "OC", "reportedCurrency": "USD", "cik": "0001370946", "fillingDate": "2010-02-17", "acceptedDate": "2010-02-17 07:44:44", "calendarYear": "2009", "period": "FY", "revenue": 4803000000, "costOfRevenue": 3954000000, "grossProfit": 849000000, "grossProfitRatio": 0.1767645222, "researchAndDevelopmentExpenses": 61000000, "generalAndAdministrativeExpenses": 551000000, "sellingAndMarketingExpenses": 0, "sellingGeneralAndAdministrativeExpenses": 551000000, "otherExpenses": 11000000, "operatingExpenses": 623000000, "costAndExpenses": 4577000000, "interestIncome": 0, "interestExpense": 111000000, "depreciationAndAmortization": 325000000, "ebitda": 551000000, "ebitdaratio": 0.1147199667, "operatingIncome": 226000000, "operatingIncomeRatio": 0.0470539246, "totalOtherIncomeExpensesNet": -34000000, "incomeBeforeTax": 81000000, "incomeBeforeTaxRatio": 0.0168644597, "incomeTaxExpense": 14000000, "netIncome": 64000000, "netIncomeRatio": 0.0133250052, "eps": 0.51, "epsdiluted": 0.5, "weightedAverageShsOut": 124800000, "weightedAverageShsOutDil": 127100000, "link": "https://www.sec.gov/Archives/edgar/data/1370946/000119312510032821/0001193125-10-032821-index.htm", "finalLink": "https://www.sec.gov/Archives/edgar/data/1370946/000119312510032821/d10k.htm", "calculatedOtherExpenses": 11000000, "calculatedOperatingExpenses": 623000000, "calculatedNetInterest": -111000000, "calculatedOtherIncome": -34000000, "calculatedIncomeNonControlling": 3000000, "calculatedEbitda": 551000000}, {"date": "2008-12-31", "symbol": "OC", "reportedCurrency": "USD", "cik": "0001370946", "fillingDate": "2009-02-18", "acceptedDate": "2009-02-18 07:56:05", "calendarYear": "2008", "period": "FY", "revenue": 5847000000, "costOfRevenue": 4963000000, "grossProfit": 884000000, "grossProfitRatio": 0.1511886437, "researchAndDevelopmentExpenses": 69000000, "generalAndAdministrativeExpenses": 643000000, "sellingAndMarketingExpenses": -26000000, "sellingGeneralAndAdministrativeExpenses": 617000000, "otherExpenses": -32000000, "operatingExpenses": 797000000, "costAndExpenses": 5760000000, "interestIncome": 0, "interestExpense": 116000000, "depreciationAndAmortization": 331000000, "ebitda": 425000000, "ebitdaratio": 0.072686848, "operatingIncome": 204000000, "operatingIncomeRatio": 0.034889687, "totalOtherIncomeExpensesNet": -7000000, "incomeBeforeTax": 80000000, "incomeBeforeTaxRatio": 0.0136822302, "incomeTaxExpense": 919000000, "netIncome": -839000000, "netIncomeRatio": -0.1434923893, "eps": -6.56, "epsdiluted": -6.56, "weightedAverageShsOut": 127800000, "weightedAverageShsOutDil": 127800000, "link": "https://www.sec.gov/Archives/edgar/data/1370946/000119312509031783/0001193125-09-031783-index.htm", "finalLink": "https://www.sec.gov/Archives/edgar/data/1370946/000119312509031783/d10k.htm", "calculatedOtherExpenses": -6000000, "calculatedOperatingExpenses": 680000000, "calculatedNetInterest": -116000000, "calculatedOtherIncome": -8000000, "calculatedIncomeNonControlling": 0, "calculatedEbitda": 535000000}, {"date": "2007-12-31", "symbol": "OC", "reportedCurrency": "USD", "cik": "0001370946", "fillingDate": "2008-02-27", "acceptedDate": "2008-02-27 17:02:51", "calendarYear": "2007", "period": "FY", "revenue": 4978000000, "costOfRevenue": 4201000000, "grossProfit": 777000000, "grossProfitRatio": 0.1560867818, "researchAndDevelopmentExpenses": 63000000, "generalAndAdministrativeExpenses": 535000000, "sellingAndMarketingExpenses": 0, "sellingGeneralAndAdministrativeExpenses": 535000000, "otherExpenses": 632000000, "operatingExpenses": 598000000, "costAndExpenses": 4799000000, "interestIncome": 0, "interestExpense": 122000000, "depreciationAndAmortization": 343000000, "ebitda": 556000000, "ebitdaratio": 0.1116914423, "operatingIncome": 179000000, "operatingIncomeRatio": 0.0359582162, "totalOtherIncomeExpensesNet": -34000000, "incomeBeforeTax": 23000000, "incomeBeforeTaxRatio": 0.0046203294, "incomeTaxExpense": -8000000, "netIncome": 96000000, "netIncomeRatio": 0.0192848534, "eps": 0.75, "epsdiluted": 0.74, "weightedAverageShsOut": 128400000, "weightedAverageShsOutDil": 129000000, "link": "https://www.sec.gov/Archives/edgar/data/1370946/000119312508040193/0001193125-08-040193-index.htm", "finalLink": "https://www.sec.gov/Archives/edgar/data/1370946/000119312508040193/d10k.htm", "calculatedOtherExpenses": 0, "calculatedOperatingExpenses": 598000000, "calculatedNetInterest": -122000000, "calculatedOtherIncome": -34000000, "calculatedIncomeNonControlling": -65000000, "calculatedEbitda": 522000000}, {"date": "2006-12-31", "symbol": "OC", "reportedCurrency": "USD", "cik": "0001370946", "fillingDate": "2007-03-14", "acceptedDate": "2007-03-14 17:09:06", "calendarYear": "2006", "period": "FY", "revenue": 909000000, "costOfRevenue": 799000000, "grossProfit": 110000000, "grossProfitRatio": 0.1210121012, "researchAndDevelopmentExpenses": 0, "generalAndAdministrativeExpenses": 0, "sellingAndMarketingExpenses": 0, "sellingGeneralAndAdministrativeExpenses": 128000000, "otherExpenses": 5000000, "operatingExpenses": 133000000, "costAndExpenses": 932000000, "interestIncome": 0, "interestExpense": 739000000, "depreciationAndAmortization": 69000000, "ebitda": 88000000, "ebitdaratio": 0.096809681, "operatingIncome": -23000000, "operatingIncomeRatio": -0.0253025303, "totalOtherIncomeExpensesNet": -42000000, "incomeBeforeTax": -89000000, "incomeBeforeTaxRatio": -0.097909791, "incomeTaxExpense": -28000000, "netIncome": -65000000, "netIncomeRatio": -0.0715071507, "eps": -0.96, "epsdiluted": -0.91, "weightedAverageShsOut": 67400000, "weightedAverageShsOutDil": 71300000, "link": "https://www.sec.gov/Archives/edgar/data/1370946/000119312507054643/0001193125-07-054643-index.htm", "finalLink": "https://www.sec.gov/Archives/edgar/data/1370946/000119312507054643/d10k.htm", "calculatedOtherExpenses": 5000000, "calculatedOperatingExpenses": 133000000, "calculatedNetInterest": -739000000, "calculatedOtherIncome": 673000000, "calculatedIncomeNonControlling": 4000000, "calculatedEbitda": 46000000}, {"date": "2005-12-31", "symbol": "OC", "reportedCurrency": "USD", "cik": "0001370946", "fillingDate": "2005-12-31", "acceptedDate": "2005-12-30 19:00:00", "calendarYear": "2005", "period": "FY", "revenue": 6323000000, "costOfRevenue": 5165000000, "grossProfit": 1158000000, "grossProfitRatio": 0.1831409141, "researchAndDevelopmentExpenses": 0, "generalAndAdministrativeExpenses": 0, "sellingAndMarketingExpenses": 0, "sellingGeneralAndAdministrativeExpenses": 565000000, "otherExpenses": 4291000000, "operatingExpenses": 4856000000, "costAndExpenses": 10021000000, "interestIncome": 0, "interestExpense": 0, "depreciationAndAmortization": 231000000, "ebitda": -3422000000, "ebitdaratio": -0.541198798, "operatingIncome": -3698000000, "operatingIncomeRatio": -0.5848489641, "totalOtherIncomeExpensesNet": -45000000, "incomeBeforeTax": -4482000000, "incomeBeforeTaxRatio": -0.7088407402, "incomeTaxExpense": -387000000, "netIncome": -4099000000, "netIncomeRatio": -0.6482682271, "eps": -74.12, "epsdiluted": -74.12, "weightedAverageShsOut": 55300000, "weightedAverageShsOutDil": 55300000, "link": "", "finalLink": "", "calculatedOtherExpenses": 4291000000, "calculatedOperatingExpenses": 4856000000, "calculatedNetInterest": 0, "calculatedOtherIncome": -784000000, "calculatedIncomeNonControlling": 4000000, "calculatedEbitda": -3467000000}, {"date": "2004-12-31", "symbol": "OC", "reportedCurrency": "USD", "cik": "0001370946", "fillingDate": "2004-12-31", "acceptedDate": "2004-12-30 19:00:00", "calendarYear": "2004", "period": "FY", "revenue": 5675000000, "costOfRevenue": 4649000000, "grossProfit": 1026000000, "grossProfitRatio": 0.1807929515, "researchAndDevelopmentExpenses": 0, "generalAndAdministrativeExpenses": 0, "sellingAndMarketingExpenses": 0, "sellingGeneralAndAdministrativeExpenses": 530000000, "otherExpenses": 15000000, "operatingExpenses": 545000000, "costAndExpenses": 5194000000, "interestIncome": 0, "interestExpense": 0, "depreciationAndAmortization": 228000000, "ebitda": 763000000, "ebitdaratio": 0.1344493392, "operatingIncome": 481000000, "operatingIncomeRatio": 0.0847577093, "totalOtherIncomeExpensesNet": -54000000, "incomeBeforeTax": 439000000, "incomeBeforeTaxRatio": 0.0773568282, "incomeTaxExpense": 227000000, "netIncome": 204000000, "netIncomeRatio": 0.0359471366, "eps": 3.68, "epsdiluted": 3.4, "weightedAverageShsOut": 55300000, "weightedAverageShsOutDil": 59900000, "link": "", "finalLink": "", "calculatedOtherExpenses": 15000000, "calculatedOperatingExpenses": 545000000, "calculatedNetInterest": 0, "calculatedOtherIncome": -42000000, "calculatedIncomeNonControlling": 8000000, "calculatedEbitda": 709000000}, {"date": "2003-12-31", "symbol": "OC", "reportedCurrency": "USD", "cik": "0001370946", "fillingDate": "2003-12-31", "acceptedDate": "2003-12-30 19:00:00", "calendarYear": "2003", "period": "FY", "revenue": 4996000000, "costOfRevenue": 4170000000, "grossProfit": 826000000, "grossProfitRatio": 0.1653322658, "researchAndDevelopmentExpenses": 0, "generalAndAdministrativeExpenses": 0, "sellingAndMarketingExpenses": 0, "sellingGeneralAndAdministrativeExpenses": 459000000, "otherExpenses": 13000000, "operatingExpenses": 472000000, "costAndExpenses": 4642000000, "interestIncome": 0, "interestExpense": 0, "depreciationAndAmortization": 206000000, "ebitda": 647000000, "ebitdaratio": 0.1295036029, "operatingIncome": 354000000, "operatingIncomeRatio": 0.0708566853, "totalOtherIncomeExpensesNet": -87000000, "incomeBeforeTax": 259000000, "incomeBeforeTaxRatio": 0.0518414732, "incomeTaxExpense": 145000000, "netIncome": 115000000, "netIncomeRatio": 0.0230184147, "eps": 2.08, "epsdiluted": 1.92, "weightedAverageShsOut": 55200000, "weightedAverageShsOutDil": 59900000, "link": "", "finalLink": "", "calculatedOtherExpenses": 13000000, "calculatedOperatingExpenses": 472000000, "calculatedNetInterest": 0, "calculatedOtherIncome": -95000000, "calculatedIncomeNonControlling": -1000000, "calculatedEbitda": 560000000}, {"date": "2002-12-31", "symbol": "OC", "reportedCurrency": "USD", "cik": "0001370946", "fillingDate": "2002-12-31", "acceptedDate": "2002-12-30 19:00:00", "calendarYear": "2002", "period": "FY", "revenue": 4872000000, "costOfRevenue": 4130000000, "grossProfit": 742000000, "grossProfitRatio": 0.1522988506, "researchAndDevelopmentExpenses": 0, "generalAndAdministrativeExpenses": 0, "sellingAndMarketingExpenses": 0, "sellingGeneralAndAdministrativeExpenses": 522000000, "otherExpenses": 2376000000, "operatingExpenses": 2898000000, "costAndExpenses": 7028000000, "interestIncome": 0, "interestExpense": 0, "depreciationAndAmortization": 205000000, "ebitda": -1794000000, "ebitdaratio": -0.368226601, "operatingIncome": -2156000000, "operatingIncomeRatio": -0.4425287356, "totalOtherIncomeExpensesNet": -157000000, "incomeBeforeTax": -2329000000, "incomeBeforeTaxRatio": -0.4780377668, "incomeTaxExpense": 31000000, "netIncome": -2809000000, "netIncomeRatio": -0.5765599343, "eps": -50.98, "epsdiluted": -50.98, "weightedAverageShsOut": 55100000, "weightedAverageShsOutDil": 55100000, "link": "", "finalLink": "", "calculatedOtherExpenses": 2376000000, "calculatedOperatingExpenses": 2898000000, "calculatedNetInterest": 0, "calculatedOtherIncome": -173000000, "calculatedIncomeNonControlling": 449000000, "calculatedEbitda": -1951000000}, {"date": "2001-12-31", "symbol": "OC", "reportedCurrency": "USD", "cik": "0001370946", "fillingDate": "2001-12-31", "acceptedDate": "2001-12-30 19:00:00", "calendarYear": "2001", "period": "FY", "revenue": 4762000000, "costOfRevenue": 3938000000, "grossProfit": 824000000, "grossProfitRatio": 0.1730365393, "researchAndDevelopmentExpenses": 0, "generalAndAdministrativeExpenses": 0, "sellingAndMarketingExpenses": 0, "sellingGeneralAndAdministrativeExpenses": 524000000, "otherExpenses": 71000000, "operatingExpenses": 595000000, "costAndExpenses": 4533000000, "interestIncome": 0, "interestExpense": 0, "depreciationAndAmortization": 237000000, "ebitda": 579000000, "ebitdaratio": 0.1215875682, "operatingIncome": 229000000, "operatingIncomeRatio": 0.0480890382, "totalOtherIncomeExpensesNet": -113000000, "incomeBeforeTax": 102000000, "incomeBeforeTaxRatio": 0.0214195716, "incomeTaxExpense": 57000000, "netIncome": 39000000, "netIncomeRatio": 0.0081898362, "eps": 0.72, "epsdiluted": 0.66, "weightedAverageShsOut": 55056000, "weightedAverageShsOutDil": 59945000, "link": "", "finalLink": "", "calculatedOtherExpenses": 71000000, "calculatedOperatingExpenses": 595000000, "calculatedNetInterest": 0, "calculatedOtherIncome": -127000000, "calculatedIncomeNonControlling": 6000000, "calculatedEbitda": 466000000}, {"date": "2000-12-31", "symbol": "OC", "reportedCurrency": "USD", "cik": "0001370946", "fillingDate": "2000-12-31", "acceptedDate": "2000-12-30 19:00:00", "calendarYear": "2000", "period": "FY", "revenue": 4940000000, "costOfRevenue": 4014000000, "grossProfit": 926000000, "grossProfitRatio": 0.1874493927, "researchAndDevelopmentExpenses": 0, "generalAndAdministrativeExpenses": 0, "sellingAndMarketingExpenses": 0, "sellingGeneralAndAdministrativeExpenses": 542000000, "otherExpenses": 959000000, "operatingExpenses": 1501000000, "costAndExpenses": 5515000000, "interestIncome": 0, "interestExpense": 0, "depreciationAndAmortization": 203000000, "ebitda": -316000000, "ebitdaratio": -0.0639676113, "operatingIncome": -575000000, "operatingIncomeRatio": -0.1163967611, "totalOtherIncomeExpensesNet": -56000000, "incomeBeforeTax": -791000000, "incomeBeforeTaxRatio": -0.1601214575, "incomeTaxExpense": -312000000, "netIncome": -478000000, "netIncomeRatio": -0.0967611336, "eps": -8.72, "epsdiluted": -8.72, "weightedAverageShsOut": 54800000, "weightedAverageShsOutDil": 54800000, "link": "", "finalLink": "", "calculatedOtherExpenses": 959000000, "calculatedOperatingExpenses": 1501000000, "calculatedNetInterest": 0, "calculatedOtherIncome": -216000000, "calculatedIncomeNonControlling": -1000000, "calculatedEbitda": -372000000}, {"date": "1999-12-31", "symbol": "OC", "reportedCurrency": "USD", "cik": "0001370946", "fillingDate": "1999-12-31", "acceptedDate": "1999-12-30 19:00:00", "calendarYear": "1999", "period": "FY", "revenue": 5048000000, "costOfRevenue": 3824000000, "grossProfit": 1224000000, "grossProfitRatio": 0.2424722662, "researchAndDevelopmentExpenses": 0, "generalAndAdministrativeExpenses": 0, "sellingAndMarketingExpenses": 0, "sellingGeneralAndAdministrativeExpenses": 592000000, "otherExpenses": 54000000, "operatingExpenses": 646000000, "costAndExpenses": 4470000000, "interestIncome": 0, "interestExpense": 0, "depreciationAndAmortization": 210000000, "ebitda": 788000000, "ebitdaratio": 0.1561014263, "operatingIncome": 578000000, "operatingIncomeRatio": 0.1145007924, "totalOtherIncomeExpensesNet": -152000000, "incomeBeforeTax": 426000000, "incomeBeforeTaxRatio": 0.0843898574, "incomeTaxExpense": 149000000, "netIncome": 270000000, "netIncomeRatio": 0.0534865293, "eps": 4.98, "epsdiluted": 4.67, "weightedAverageShsOut": 54100000, "weightedAverageShsOutDil": 59500000, "link": "", "finalLink": "", "calculatedOtherExpenses": 54000000, "calculatedOperatingExpenses": 646000000, "calculatedNetInterest": 0, "calculatedOtherIncome": -152000000, "calculatedIncomeNonControlling": 7000000, "calculatedEbitda": 788000000}, {"date": "1998-12-31", "symbol": "OC", "reportedCurrency": "USD", "cik": "0001370946", "fillingDate": "1998-12-31", "acceptedDate": "1998-12-30 19:00:00", "calendarYear": "1998", "period": "FY", "revenue": 5009000000, "costOfRevenue": 3944000000, "grossProfit": 1065000000, "grossProfitRatio": 0.2126172889, "researchAndDevelopmentExpenses": 0, "generalAndAdministrativeExpenses": 0, "sellingAndMarketingExpenses": 0, "sellingGeneralAndAdministrativeExpenses": 587000000, "otherExpenses": 1544000000, "operatingExpenses": 2131000000, "costAndExpenses": 6075000000, "interestIncome": 0, "interestExpense": 0, "depreciationAndAmortization": 197000000, "ebitda": -752000000, "ebitdaratio": -0.1501297664, "operatingIncome": -1066000000, "operatingIncomeRatio": -0.2128169295, "totalOtherIncomeExpensesNet": -117000000, "incomeBeforeTax": -964000000, "incomeBeforeTaxRatio": -0.1924535835, "incomeTaxExpense": -306000000, "netIncome": -705000000, "netIncomeRatio": -0.140746656, "eps": -13.15, "epsdiluted": -13.15, "weightedAverageShsOut": 53600000, "weightedAverageShsOutDil": 53600000, "link": "", "finalLink": "", "calculatedOtherExpenses": 1544000000, "calculatedOperatingExpenses": 2131000000, "calculatedNetInterest": 0, "calculatedOtherIncome": 102000000, "calculatedIncomeNonControlling": 47000000, "calculatedEbitda": -869000000}, {"date": "1997-12-31", "symbol": "OC", "reportedCurrency": "USD", "cik": "0001370946", "fillingDate": "1997-12-31", "acceptedDate": "1997-12-30 19:00:00", "calendarYear": "1997", "period": "FY", "revenue": 4373000000, "costOfRevenue": 3446000000, "grossProfit": 927000000, "grossProfitRatio": 0.2119826206, "researchAndDevelopmentExpenses": 0, "generalAndAdministrativeExpenses": 0, "sellingAndMarketingExpenses": 0, "sellingGeneralAndAdministrativeExpenses": 580000000, "otherExpenses": 97000000, "operatingExpenses": 677000000, "costAndExpenses": 4123000000, "interestIncome": 0, "interestExpense": 0, "depreciationAndAmortization": 173000000, "ebitda": 491000000, "ebitdaratio": 0.1122798994, "operatingIncome": 250000000, "operatingIncomeRatio": 0.0571689915, "totalOtherIncomeExpensesNet": -68000000, "incomeBeforeTax": 71000000, "incomeBeforeTaxRatio": 0.0162359936, "incomeTaxExpense": 9000000, "netIncome": 47000000, "netIncomeRatio": 0.0107477704, "eps": 0.89, "epsdiluted": 0.88, "weightedAverageShsOut": 52900000, "weightedAverageShsOutDil": 53500000, "link": "", "finalLink": "", "calculatedOtherExpenses": 97000000, "calculatedOperatingExpenses": 677000000, "calculatedNetInterest": 0, "calculatedOtherIncome": -179000000, "calculatedIncomeNonControlling": 15000000, "calculatedEbitda": 423000000}, {"date": "1996-12-31", "symbol": "OC", "reportedCurrency": "USD", "cik": "0001370946", "fillingDate": "1996-12-31", "acceptedDate": "1996-12-30 19:00:00", "calendarYear": "1996", "period": "FY", "revenue": 3832000000, "costOfRevenue": 2834000000, "grossProfit": 998000000, "grossProfitRatio": 0.2604384134, "researchAndDevelopmentExpenses": 0, "generalAndAdministrativeExpenses": 0, "sellingAndMarketingExpenses": 0, "sellingGeneralAndAdministrativeExpenses": 506000000, "otherExpenses": 958000000, "operatingExpenses": 1464000000, "costAndExpenses": 4298000000, "interestIncome": 0, "interestExpense": 0, "depreciationAndAmortization": 132000000, "ebitda": -296000000, "ebitdaratio": -0.0772442589, "operatingIncome": -466000000, "operatingIncomeRatio": -0.1216075157, "totalOtherIncomeExpensesNet": -38000000, "incomeBeforeTax": -581000000, "incomeBeforeTaxRatio": -0.1516179541, "incomeTaxExpense": -288000000, "netIncome": -284000000, "netIncomeRatio": -0.0741127349, "eps": -5.49, "epsdiluted": -5.49, "weightedAverageShsOut": 51700000, "weightedAverageShsOutDil": 51700000, "link": "", "finalLink": "", "calculatedOtherExpenses": 958000000, "calculatedOperatingExpenses": 1464000000, "calculatedNetInterest": 0, "calculatedOtherIncome": -115000000, "calculatedIncomeNonControlling": -9000000, "calculatedEbitda": -334000000}, {"date": "1995-12-31", "symbol": "OC", "reportedCurrency": "USD", "cik": "0001370946", "fillingDate": "1995-12-31", "acceptedDate": "1995-12-30 19:00:00", "calendarYear": "1995", "period": "FY", "revenue": 3612000000, "costOfRevenue": 2670000000, "grossProfit": 942000000, "grossProfitRatio": 0.2607973422, "researchAndDevelopmentExpenses": 0, "generalAndAdministrativeExpenses": 0, "sellingAndMarketingExpenses": 0, "sellingGeneralAndAdministrativeExpenses": 444000000, "otherExpenses": 86000000, "operatingExpenses": 530000000, "costAndExpenses": 3200000000, "interestIncome": 0, "interestExpense": 0, "depreciationAndAmortization": 0, "ebitda": 412000000, "ebitdaratio": 0.1140642303, "operatingIncome": 412000000, "operatingIncomeRatio": 0.1140642303, "totalOtherIncomeExpensesNet": -87000000, "incomeBeforeTax": 325000000, "incomeBeforeTaxRatio": 0.0899778516, "incomeTaxExpense": 106000000, "netIncome": 231000000, "netIncomeRatio": 0.0639534884, "eps": 4.64, "epsdiluted": 4.4, "weightedAverageShsOut": 49700000, "weightedAverageShsOutDil": 54100000, "link": "", "finalLink": "", "calculatedOtherExpenses": 86000000, "calculatedOperatingExpenses": 530000000, "calculatedNetInterest": 0, "calculatedOtherIncome": -87000000, "calculatedIncomeNonControlling": -12000000, "calculatedEbitda": 412000000}, {"date": "1994-12-31", "symbol": "OC", "reportedCurrency": "USD", "cik": "0001370946", "fillingDate": "1994-12-31", "acceptedDate": "1994-12-30 19:00:00", "calendarYear": "1994", "period": "FY", "revenue": 3351000000, "costOfRevenue": 2536000000, "grossProfit": 815000000, "grossProfitRatio": 0.2432109818, "researchAndDevelopmentExpenses": 0, "generalAndAdministrativeExpenses": 0, "sellingAndMarketingExpenses": 0, "sellingGeneralAndAdministrativeExpenses": 386000000, "otherExpenses": 114000000, "operatingExpenses": 500000000, "costAndExpenses": 3036000000, "interestIncome": 0, "interestExpense": 0, "depreciationAndAmortization": 89000000, "ebitda": 404000000, "ebitdaratio": 0.1205610266, "operatingIncome": 315000000, "operatingIncomeRatio": 0.0940017905, "totalOtherIncomeExpensesNet": -89000000, "incomeBeforeTax": 132000000, "incomeBeforeTaxRatio": 0.0393912265, "incomeTaxExpense": 58000000, "netIncome": 159000000, "netIncomeRatio": 0.0474485228, "eps": 3.61, "epsdiluted": 3.35, "weightedAverageShsOut": 44200000, "weightedAverageShsOutDil": 50000000, "link": "", "finalLink": "", "calculatedOtherExpenses": 114000000, "calculatedOperatingExpenses": 500000000, "calculatedNetInterest": 0, "calculatedOtherIncome": -183000000, "calculatedIncomeNonControlling": -85000000, "calculatedEbitda": 404000000}, {"date": "1993-12-31", "symbol": "OC", "reportedCurrency": "USD", "cik": "0001370946", "fillingDate": "1993-12-31", "acceptedDate": "1993-12-30 19:00:00", "calendarYear": "1993", "period": "FY", "revenue": 2944000000, "costOfRevenue": 2172000000, "grossProfit": 772000000, "grossProfitRatio": 0.2622282609, "researchAndDevelopmentExpenses": 0, "generalAndAdministrativeExpenses": 0, "sellingAndMarketingExpenses": 0, "sellingGeneralAndAdministrativeExpenses": 415000000, "otherExpenses": 121000000, "operatingExpenses": 536000000, "costAndExpenses": 2708000000, "interestIncome": 0, "interestExpense": 0, "depreciationAndAmortization": -121000000, "ebitda": 352000000, "ebitdaratio": 0.1195652174, "operatingIncome": 236000000, "operatingIncomeRatio": 0.0801630435, "totalOtherIncomeExpensesNet": 5000000, "incomeBeforeTax": 152000000, "incomeBeforeTaxRatio": 0.0516304348, "incomeTaxExpense": 47000000, "netIncome": 131000000, "netIncomeRatio": 0.0444972826, "eps": 3, "epsdiluted": 2.81, "weightedAverageShsOut": 43666667, "weightedAverageShsOutDil": 46619217, "link": "", "finalLink": "", "calculatedOtherExpenses": 121000000, "calculatedOperatingExpenses": 536000000, "calculatedNetInterest": 0, "calculatedOtherIncome": -84000000, "calculatedIncomeNonControlling": -26000000, "calculatedEbitda": 115000000}, {"date": "1992-12-31", "symbol": "OC", "reportedCurrency": "USD", "cik": "0001370946", "fillingDate": "1992-12-31", "acceptedDate": "1992-12-30 19:00:00", "calendarYear": "1992", "period": "FY", "revenue": 2878000000, "costOfRevenue": 2137000000, "grossProfit": 741000000, "grossProfitRatio": 0.2574704656, "researchAndDevelopmentExpenses": 0, "generalAndAdministrativeExpenses": 0, "sellingAndMarketingExpenses": 0, "sellingGeneralAndAdministrativeExpenses": 404000000, "otherExpenses": 124000000, "operatingExpenses": 528000000, "costAndExpenses": 2665000000, "interestIncome": 0, "interestExpense": 0, "depreciationAndAmortization": -124000000, "ebitda": 335000000, "ebitdaratio": 0.116400278, "operatingIncome": 213000000, "operatingIncomeRatio": 0.074009729, "totalOtherIncomeExpensesNet": 2000000, "incomeBeforeTax": 105000000, "incomeBeforeTaxRatio": 0.0364836692, "incomeTaxExpense": 33000000, "netIncome": 73000000, "netIncomeRatio": 0.0253648367, "eps": 1.7, "epsdiluted": 1.7, "weightedAverageShsOut": 42941176, "weightedAverageShsOutDil": 42941176, "link": "", "finalLink": "", "calculatedOtherExpenses": 124000000, "calculatedOperatingExpenses": 528000000, "calculatedNetInterest": 0, "calculatedOtherIncome": -108000000, "calculatedIncomeNonControlling": -1000000, "calculatedEbitda": 89000000}, {"date": "1991-12-31", "symbol": "OC", "reportedCurrency": "USD", "cik": "0001370946", "fillingDate": "1991-12-31", "acceptedDate": "1991-12-30 19:00:00", "calendarYear": "1991", "period": "FY", "revenue": 2783000000, "costOfRevenue": 2054000000, "grossProfit": 729000000, "grossProfitRatio": 0.2619475386, "researchAndDevelopmentExpenses": 0, "generalAndAdministrativeExpenses": 0, "sellingAndMarketingExpenses": 0, "sellingGeneralAndAdministrativeExpenses": 1225000000, "otherExpenses": 132000000, "operatingExpenses": 1357000000, "costAndExpenses": 3411000000, "interestIncome": 0, "interestExpense": 0, "depreciationAndAmortization": -132000000, "ebitda": -502000000, "ebitdaratio": -0.1803808839, "operatingIncome": -628000000, "operatingIncomeRatio": -0.2256557672, "totalOtherIncomeExpensesNet": 6000000, "incomeBeforeTax": -753000000, "incomeBeforeTaxRatio": -0.2705713259, "incomeTaxExpense": -238000000, "netIncome": -515000000, "netIncomeRatio": -0.185052102, "eps": -12.58, "epsdiluted": -12.58, "weightedAverageShsOut": 40937997, "weightedAverageShsOutDil": 40937997, "link": "", "finalLink": "", "calculatedOtherExpenses": 132000000, "calculatedOperatingExpenses": 1357000000, "calculatedNetInterest": 0, "calculatedOtherIncome": -125000000, "calculatedIncomeNonControlling": 0, "calculatedEbitda": -760000000}, {"date": "1990-12-31", "symbol": "OC", "reportedCurrency": "USD", "cik": "0001370946", "fillingDate": "1990-12-31", "acceptedDate": "1990-12-30 19:00:00", "calendarYear": "1990", "period": "FY", "revenue": 3111000000, "costOfRevenue": 2132000000, "grossProfit": 979000000, "grossProfitRatio": 0.3146898104, "researchAndDevelopmentExpenses": 0, "generalAndAdministrativeExpenses": 0, "sellingAndMarketingExpenses": 0, "sellingGeneralAndAdministrativeExpenses": 514000000, "otherExpenses": 172000000, "operatingExpenses": 686000000, "costAndExpenses": 2818000000, "interestIncome": 0, "interestExpense": 0, "depreciationAndAmortization": -172000000, "ebitda": 460000000, "ebitdaratio": 0.1478624237, "operatingIncome": 293000000, "operatingIncomeRatio": 0.0941819351, "totalOtherIncomeExpensesNet": 5000000, "incomeBeforeTax": 133000000, "incomeBeforeTaxRatio": 0.0427515268, "incomeTaxExpense": 58000000, "netIncome": 75000000, "netIncomeRatio": 0.0241080039, "eps": 1.78, "epsdiluted": 1.78, "weightedAverageShsOut": 42134831, "weightedAverageShsOutDil": 42134831, "link": "", "finalLink": "", "calculatedOtherExpenses": 172000000, "calculatedOperatingExpenses": 686000000, "calculatedNetInterest": 0, "calculatedOtherIncome": -160000000, "calculatedIncomeNonControlling": 0, "calculatedEbitda": 121000000}, {"date": "1989-12-31", "symbol": "OC", "reportedCurrency": "USD", "cik": "0001370946", "fillingDate": "1989-12-31", "acceptedDate": "1989-12-30 19:00:00", "calendarYear": "1989", "period": "FY", "revenue": 3000000000, "costOfRevenue": 1991000000, "grossProfit": 1009000000, "grossProfitRatio": 0.3363333333, "researchAndDevelopmentExpenses": 0, "generalAndAdministrativeExpenses": 0, "sellingAndMarketingExpenses": 0, "sellingGeneralAndAdministrativeExpenses": 409000000, "otherExpenses": 170000000, "operatingExpenses": 579000000, "costAndExpenses": 2570000000, "interestIncome": 0, "interestExpense": 0, "depreciationAndAmortization": -170000000, "ebitda": 589000000, "ebitdaratio": 0.1963333333, "operatingIncome": 430000000, "operatingIncomeRatio": 0.1433333333, "totalOtherIncomeExpensesNet": 11000000, "incomeBeforeTax": 275000000, "incomeBeforeTaxRatio": 0.0916666667, "incomeTaxExpense": 103000000, "netIncome": 172000000, "netIncomeRatio": 0.0573333333, "eps": 4.08, "epsdiluted": 4.08, "weightedAverageShsOut": 42156863, "weightedAverageShsOutDil": 42156863, "link": "", "finalLink": "", "calculatedOtherExpenses": 170000000, "calculatedOperatingExpenses": 579000000, "calculatedNetInterest": 0, "calculatedOtherIncome": -155000000, "calculatedIncomeNonControlling": 0, "calculatedEbitda": 260000000}, {"date": "1988-12-31", "symbol": "OC", "reportedCurrency": "USD", "cik": "0001370946", "fillingDate": "1988-12-31", "acceptedDate": "1988-12-30 19:00:00", "calendarYear": "1988", "period": "FY", "revenue": 2831000000, "costOfRevenue": 1882000000, "grossProfit": 949000000, "grossProfitRatio": 0.3352172377, "researchAndDevelopmentExpenses": 0, "generalAndAdministrativeExpenses": 0, "sellingAndMarketingExpenses": 0, "sellingGeneralAndAdministrativeExpenses": 355000000, "otherExpenses": 117000000, "operatingExpenses": 472000000, "costAndExpenses": 2354000000, "interestIncome": 0, "interestExpense": 0, "depreciationAndAmortization": 117000000, "ebitda": 577000000, "ebitdaratio": 0.2038149064, "operatingIncome": 477000000, "operatingIncomeRatio": 0.168491699, "totalOtherIncomeExpensesNet": 17000000, "incomeBeforeTax": 324000000, "incomeBeforeTaxRatio": 0.1144471918, "incomeTaxExpense": 127000000, "netIncome": 197000000, "netIncomeRatio": 0.0695867185, "eps": 4.71, "epsdiluted": 4.71, "weightedAverageShsOut": 41825902, "weightedAverageShsOutDil": 41825902, "link": "", "finalLink": "", "calculatedOtherExpenses": 117000000, "calculatedOperatingExpenses": 472000000, "calculatedNetInterest": 0, "calculatedOtherIncome": -153000000, "calculatedIncomeNonControlling": 0, "calculatedEbitda": 594000000}, {"date": "1987-12-31", "symbol": "OC", "reportedCurrency": "USD", "cik": "0001370946", "fillingDate": "1987-12-31", "acceptedDate": "1987-12-30 19:00:00", "calendarYear": "1987", "period": "FY", "revenue": 2891000000, "costOfRevenue": 2008000000, "grossProfit": 883000000, "grossProfitRatio": 0.3054306468, "researchAndDevelopmentExpenses": 0, "generalAndAdministrativeExpenses": 0, "sellingAndMarketingExpenses": 0, "sellingGeneralAndAdministrativeExpenses": 335000000, "otherExpenses": 121000000, "operatingExpenses": 456000000, "costAndExpenses": 2464000000, "interestIncome": 0, "interestExpense": 0, "depreciationAndAmortization": 121000000, "ebitda": 398000000, "ebitdaratio": 0.1376686268, "operatingIncome": 427000000, "operatingIncomeRatio": 0.1476997579, "totalOtherIncomeExpensesNet": 150000000, "incomeBeforeTax": 356000000, "incomeBeforeTaxRatio": 0.1231407817, "incomeTaxExpense": 136000000, "netIncome": 220000000, "netIncomeRatio": 0.0760982359, "eps": 5.3, "epsdiluted": 5.3, "weightedAverageShsOut": 41509434, "weightedAverageShsOutDil": 41509434, "link": "", "finalLink": "", "calculatedOtherExpenses": 121000000, "calculatedOperatingExpenses": 456000000, "calculatedNetInterest": 0, "calculatedOtherIncome": -71000000, "calculatedIncomeNonControlling": 0, "calculatedEbitda": 548000000}]}