{"originalCurrency": "USD", "convertedCurrency": "USD", "report": [{"date": "2023-12-31", "symbol": "ODFL", "reportedCurrency": "USD", "cik": "0000878927", "fillingDate": "2024-02-26", "acceptedDate": "2024-02-26 16:20:23", "calendarYear": "2023", "period": "FY", "revenue": 5866152000, "costOfRevenue": 3869321000, "grossProfit": 1996831000, "grossProfitRatio": 0.3403987827, "researchAndDevelopmentExpenses": 0, "generalAndAdministrativeExpenses": 205685000, "sellingAndMarketingExpenses": 34600000, "sellingGeneralAndAdministrativeExpenses": 205685000, "otherExpenses": -150473000, "operatingExpenses": 356158000, "costAndExpenses": 4225479000, "interestIncome": 12799000, "interestExpense": 464000, "depreciationAndAmortization": 324435000, "ebitda": 1965108000, "ebitdaratio": 0.3349909788, "operatingIncome": 1640673000, "operatingIncomeRatio": 0.2796847064, "totalOtherIncomeExpensesNet": -5696000, "incomeBeforeTax": 1647776000, "incomeBeforeTaxRatio": 0.2808955513, "incomeTaxExpense": 408274000, "netIncome": 1239502000, "netIncomeRatio": 0.2112972865, "eps": 5.66, "epsdiluted": 5.63, "weightedAverageShsOut": 218842490, "weightedAverageShsOutDil": 220180424, "link": "https://www.sec.gov/Archives/edgar/data/878927/000095017024020176/0000950170-24-020176-index.htm", "finalLink": "https://www.sec.gov/Archives/edgar/data/878927/000095017024020176/odfl-20231231.htm", "calculatedOtherExpenses": 150473000, "calculatedOperatingExpenses": 356158000, "calculatedNetInterest": 12335000, "calculatedOtherIncome": -5232000, "calculatedIncomeNonControlling": 0, "calculatedEbitda": 1965108000}, {"date": "2022-12-31", "symbol": "ODFL", "reportedCurrency": "USD", "cik": "0000878927", "fillingDate": "2023-02-22", "acceptedDate": "2023-02-22 16:29:11", "calendarYear": "2022", "period": "FY", "revenue": 6260077000, "costOfRevenue": 4003951000, "grossProfit": 2256126000, "grossProfitRatio": 0.3603990814, "researchAndDevelopmentExpenses": 0, "generalAndAdministrativeExpenses": 258883000, "sellingAndMarketingExpenses": 29000000, "sellingGeneralAndAdministrativeExpenses": 258883000, "otherExpenses": -2604000, "operatingExpenses": 415494000, "costAndExpenses": 4419445000, "interestIncome": 4884000, "interestExpense": 1563000, "depreciationAndAmortization": 276066000, "ebitda": 1842912000, "ebitdaratio": 0.2943912671, "operatingIncome": 1840632000, "operatingIncomeRatio": 0.2940270543, "totalOtherIncomeExpensesNet": -2604000, "incomeBeforeTax": 1841349000, "incomeBeforeTaxRatio": 0.2941415896, "incomeTaxExpense": 464190000, "netIncome": 1377159000, "netIncomeRatio": 0.2199907445, "eps": 6.13, "epsdiluted": 6.09, "weightedAverageShsOut": 224681582, "weightedAverageShsOutDil": 226155640, "link": "https://www.sec.gov/Archives/edgar/data/878927/000095017023003783/0000950170-23-003783-index.htm", "finalLink": "https://www.sec.gov/Archives/edgar/data/878927/000095017023003783/odfl-20221231.htm", "calculatedOtherExpenses": 156611000, "calculatedOperatingExpenses": 415494000, "calculatedNetInterest": 3321000, "calculatedOtherIncome": -2604000, "calculatedIncomeNonControlling": 0, "calculatedEbitda": 2116698000}, {"date": "2021-12-31", "symbol": "ODFL", "reportedCurrency": "USD", "cik": "0000878927", "fillingDate": "2022-02-23", "acceptedDate": "2022-02-23 16:44:18", "calendarYear": "2021", "period": "FY", "revenue": 6260077000, "costOfRevenue": 4003951000, "grossProfit": 2256126000, "grossProfitRatio": 0.3603990814, "researchAndDevelopmentExpenses": 0, "generalAndAdministrativeExpenses": 258883000, "sellingAndMarketingExpenses": 28100000, "sellingGeneralAndAdministrativeExpenses": 258883000, "otherExpenses": 156611000, "operatingExpenses": 415494000, "costAndExpenses": 4419445000, "interestIncome": 4884000, "interestExpense": 1563000, "depreciationAndAmortization": 2280000, "ebitda": 1842912000, "ebitdaratio": 0.2943912671, "operatingIncome": 1840632000, "operatingIncomeRatio": 0.2940270543, "totalOtherIncomeExpensesNet": 717000, "incomeBeforeTax": 1841349000, "incomeBeforeTaxRatio": 0.2941415896, "incomeTaxExpense": 464190000, "netIncome": 1034375000, "netIncomeRatio": 0.1652335906, "eps": 4.47, "epsdiluted": 4.44, "weightedAverageShsOut": 231302822, "weightedAverageShsOutDil": 232819978, "link": "https://www.sec.gov/Archives/edgar/data/878927/000156459022006303/0001564590-22-006303-index.htm", "finalLink": "https://www.sec.gov/Archives/edgar/data/878927/000156459022006303/odfl-10k_20211231.htm", "calculatedOtherExpenses": 156611000, "calculatedOperatingExpenses": 415494000, "calculatedNetInterest": 3321000, "calculatedOtherIncome": -2604000, "calculatedIncomeNonControlling": 342784000, "calculatedEbitda": 1842912000}, {"date": "2020-12-31", "symbol": "ODFL", "reportedCurrency": "USD", "cik": "0000878927", "fillingDate": "2021-02-24", "acceptedDate": "2021-02-24 15:53:17", "calendarYear": "2020", "period": "FY", "revenue": 5256328000, "costOfRevenue": 3481268000, "grossProfit": 1775060000, "grossProfitRatio": 0.3376996261, "researchAndDevelopmentExpenses": 0, "generalAndAdministrativeExpenses": 223757000, "sellingAndMarketingExpenses": 19000000, "sellingGeneralAndAdministrativeExpenses": 223757000, "otherExpenses": 159701000, "operatingExpenses": 383458000, "costAndExpenses": 3864726000, "interestIncome": 786000, "interestExpense": 1727000, "depreciationAndAmortization": -1452000, "ebitda": 1390150000, "ebitdaratio": 0.2644716996, "operatingIncome": 1391602000, "operatingIncomeRatio": 0.2647479381, "totalOtherIncomeExpensesNet": -3179000, "incomeBeforeTax": 1388423000, "incomeBeforeTaxRatio": 0.2641431433, "incomeTaxExpense": 354048000, "netIncome": 1034375000, "netIncomeRatio": 0.1967866161, "eps": 4.39, "epsdiluted": 4.36, "weightedAverageShsOut": 235474360, "weightedAverageShsOutDil": 236986406, "link": "https://www.sec.gov/Archives/edgar/data/878927/000156459021008056/0001564590-21-008056-index.htm", "finalLink": "https://www.sec.gov/Archives/edgar/data/878927/000156459021008056/odfl-10k_20201231.htm", "calculatedOtherExpenses": 159701000, "calculatedOperatingExpenses": 383458000, "calculatedNetInterest": -941000, "calculatedOtherIncome": -2238000, "calculatedIncomeNonControlling": 0, "calculatedEbitda": 1390150000}, {"date": "2019-12-31", "symbol": "ODFL", "reportedCurrency": "USD", "cik": "0000878927", "fillingDate": "2020-02-26", "acceptedDate": "2020-02-26 11:13:04", "calendarYear": "2019", "period": "FY", "revenue": 4015129000, "costOfRevenue": 2786531000, "grossProfit": 1228598000, "grossProfitRatio": 0.3059921611, "researchAndDevelopmentExpenses": 0, "generalAndAdministrativeExpenses": 184185000, "sellingAndMarketingExpenses": 28300000, "sellingGeneralAndAdministrativeExpenses": 184185000, "otherExpenses": 137531000, "operatingExpenses": 321716000, "costAndExpenses": 3108247000, "interestIncome": 1830000, "interestExpense": 2782000, "depreciationAndAmortization": 261267000, "ebitda": 904146000, "ebitdaratio": 0.2251847948, "operatingIncome": 642879000, "operatingIncomeRatio": 0.1601141582, "totalOtherIncomeExpensesNet": 258485000, "incomeBeforeTax": 901364000, "incomeBeforeTaxRatio": 0.2244919155, "incomeTaxExpense": 228682000, "netIncome": 615518000, "netIncomeRatio": 0.1532996823, "eps": 2.56, "epsdiluted": 2.55, "weightedAverageShsOut": 240828426, "weightedAverageShsOutDil": 241219188, "link": "https://www.sec.gov/Archives/edgar/data/878927/000156459020006626/0001564590-20-006626-index.htm", "finalLink": "https://www.sec.gov/Archives/edgar/data/878927/000156459020006626/odfl-10k_20191231.htm", "calculatedOtherExpenses": 401534000, "calculatedOperatingExpenses": 585719000, "calculatedNetInterest": -952000, "calculatedOtherIncome": 259437000, "calculatedIncomeNonControlling": 57164000, "calculatedEbitda": 904146000}, {"date": "2018-12-31", "symbol": "ODFL", "reportedCurrency": "USD", "cik": "0000878927", "fillingDate": "2019-02-27", "acceptedDate": "2019-02-27 11:40:36", "calendarYear": "2018", "period": "FY", "revenue": 4043695000, "costOfRevenue": 2899452000, "grossProfit": 1144243000, "grossProfitRatio": 0.2829696602, "researchAndDevelopmentExpenses": 0, "generalAndAdministrativeExpenses": 194368000, "sellingAndMarketingExpenses": 28200000, "sellingGeneralAndAdministrativeExpenses": 194368000, "otherExpenses": -4462000, "operatingExpenses": 327192000, "costAndExpenses": 3226644000, "interestIncome": 3113000, "interestExpense": 189000, "depreciationAndAmortization": 230357000, "ebitda": 815702000, "ebitdaratio": 0.20172194, "operatingIncome": 817051000, "operatingIncomeRatio": 0.2020555457, "totalOtherIncomeExpensesNet": -4462000, "incomeBeforeTax": 815513000, "incomeBeforeTaxRatio": 0.2016752005, "incomeTaxExpense": 209845000, "netIncome": 605668000, "netIncomeRatio": 0.1497808316, "eps": 4.93, "epsdiluted": 4.92, "weightedAverageShsOut": 122886000, "weightedAverageShsOutDil": 123030000, "link": "https://www.sec.gov/Archives/edgar/data/878927/000156459019004755/0001564590-19-004755-index.htm", "finalLink": "https://www.sec.gov/Archives/edgar/data/878927/000156459019004755/odfl-10k_20181231.htm", "calculatedOtherExpenses": 132824000, "calculatedOperatingExpenses": 327192000, "calculatedNetInterest": 2924000, "calculatedOtherIncome": -4462000, "calculatedIncomeNonControlling": 0, "calculatedEbitda": 1047408000}, {"date": "2017-12-31", "symbol": "ODFL", "reportedCurrency": "USD", "cik": "0000878927", "fillingDate": "2018-02-27", "acceptedDate": "2018-02-27 12:54:04", "calendarYear": "2017", "period": "FY", "revenue": 3358112000, "costOfRevenue": 2482732000, "grossProfit": 875380000, "grossProfitRatio": 0.2606762371, "researchAndDevelopmentExpenses": 0, "generalAndAdministrativeExpenses": 177205000, "sellingAndMarketingExpenses": 27300000, "sellingGeneralAndAdministrativeExpenses": 177205000, "otherExpenses": 1360000, "operatingExpenses": 299494000, "costAndExpenses": 2782226000, "interestIncome": 740000, "interestExpense": 2154000, "depreciationAndAmortization": 205763000, "ebitda": 577986000, "ebitdaratio": 0.1721163559, "operatingIncome": 575886000, "operatingIncomeRatio": 0.1714910045, "totalOtherIncomeExpensesNet": 1360000, "incomeBeforeTax": 575832000, "incomeBeforeTaxRatio": 0.171474924, "incomeTaxExpense": 112058000, "netIncome": 463774000, "netIncomeRatio": 0.1381055784, "eps": 3.75, "epsdiluted": 3.75, "weightedAverageShsOut": 123462000, "weightedAverageShsOutDil": 123610500, "link": "https://www.sec.gov/Archives/edgar/data/878927/000087892718000005/0000878927-18-000005-index.htm", "finalLink": "https://www.sec.gov/Archives/edgar/data/878927/000087892718000005/a201710-k.htm", "calculatedOtherExpenses": 122289000, "calculatedOperatingExpenses": 299494000, "calculatedNetInterest": -1414000, "calculatedOtherIncome": 1360000, "calculatedIncomeNonControlling": 0, "calculatedEbitda": 781649000}, {"date": "2016-12-31", "symbol": "ODFL", "reportedCurrency": "USD", "cik": "0000878927", "fillingDate": "2017-02-27", "acceptedDate": "2017-02-27 16:50:23", "calendarYear": "2016", "period": "FY", "revenue": 2991517000, "costOfRevenue": 2246890000, "grossProfit": 744627000, "grossProfitRatio": 0.2489128425, "researchAndDevelopmentExpenses": 0, "generalAndAdministrativeExpenses": 152391000, "sellingAndMarketingExpenses": 20500000, "sellingGeneralAndAdministrativeExpenses": 152391000, "otherExpenses": -1974000, "operatingExpenses": 260792000, "costAndExpenses": 2507682000, "interestIncome": 58000, "interestExpense": 4332000, "depreciationAndAmortization": 189867000, "ebitda": 481919000, "ebitdaratio": 0.1610951902, "operatingIncome": 483835000, "operatingIncomeRatio": 0.1617356679, "totalOtherIncomeExpensesNet": -1974000, "incomeBeforeTax": 477587000, "incomeBeforeTaxRatio": 0.1596470954, "incomeTaxExpense": 181822000, "netIncome": 295765000, "netIncomeRatio": 0.0988678988, "eps": 2.37, "epsdiluted": 2.37, "weightedAverageShsOut": 124668000, "weightedAverageShsOutDil": 124731000, "link": "https://www.sec.gov/Archives/edgar/data/878927/000087892717000005/0000878927-17-000005-index.htm", "finalLink": "https://www.sec.gov/Archives/edgar/data/878927/000087892717000005/a201610-k.htm", "calculatedOtherExpenses": 108401000, "calculatedOperatingExpenses": 260792000, "calculatedNetInterest": -4274000, "calculatedOtherIncome": -1974000, "calculatedIncomeNonControlling": 0, "calculatedEbitda": 673702000}, {"date": "2015-12-31", "symbol": "ODFL", "reportedCurrency": "USD", "cik": "0000878927", "fillingDate": "2016-02-29", "acceptedDate": "2016-02-29 12:08:12", "calendarYear": "2015", "period": "FY", "revenue": 2972442000, "costOfRevenue": 2214943000, "grossProfit": 757499000, "grossProfitRatio": 0.2548406327, "researchAndDevelopmentExpenses": 0, "generalAndAdministrativeExpenses": 153589000, "sellingAndMarketingExpenses": 22900000, "sellingGeneralAndAdministrativeExpenses": 153589000, "otherExpenses": -3222000, "operatingExpenses": 259259000, "costAndExpenses": 2474202000, "interestIncome": 209000, "interestExpense": 5210000, "depreciationAndAmortization": 165343000, "ebitda": 495227000, "ebitdaratio": 0.1666061104, "operatingIncome": 498240000, "operatingIncomeRatio": 0.1676197551, "totalOtherIncomeExpensesNet": -3222000, "incomeBeforeTax": 490017000, "incomeBeforeTaxRatio": 0.1648533428, "incomeTaxExpense": 185327000, "netIncome": 304690000, "netIncomeRatio": 0.1025049437, "eps": 2.38, "epsdiluted": 2.38, "weightedAverageShsOut": 128067000, "weightedAverageShsOutDil": 128067000, "link": "https://www.sec.gov/Archives/edgar/data/878927/000087892716000055/0000878927-16-000055-index.htm", "finalLink": "https://www.sec.gov/Archives/edgar/data/878927/000087892716000055/a201510-k.htm", "calculatedOtherExpenses": 105670000, "calculatedOperatingExpenses": 259259000, "calculatedNetInterest": -5001000, "calculatedOtherIncome": -3222000, "calculatedIncomeNonControlling": 0, "calculatedEbitda": 663583000}, {"date": "2014-12-31", "symbol": "ODFL", "reportedCurrency": "USD", "cik": "0000878927", "fillingDate": "2015-02-26", "acceptedDate": "2015-02-26 12:11:44", "calendarYear": "2014", "period": "FY", "revenue": 2787897000, "costOfRevenue": 2100409000, "grossProfit": 687488000, "grossProfitRatio": 0.2465973456, "researchAndDevelopmentExpenses": 0, "generalAndAdministrativeExpenses": 144817000, "sellingAndMarketingExpenses": 19300000, "sellingGeneralAndAdministrativeExpenses": 144817000, "otherExpenses": -2291000, "operatingExpenses": 246181000, "costAndExpenses": 2346590000, "interestIncome": 108000, "interestExpense": 6610000, "depreciationAndAmortization": 146466000, "ebitda": 439124000, "ebitdaratio": 0.1575108406, "operatingIncome": 441307000, "operatingIncomeRatio": 0.1582938681, "totalOtherIncomeExpensesNet": -2291000, "incomeBeforeTax": 432514000, "incomeBeforeTaxRatio": 0.1551398778, "incomeTaxExpense": 165000000, "netIncome": 267514000, "netIncomeRatio": 0.0959554819, "eps": 2.07, "epsdiluted": 2.07, "weightedAverageShsOut": 129243000, "weightedAverageShsOutDil": 129243000, "link": "https://www.sec.gov/Archives/edgar/data/878927/000087892715000006/0000878927-15-000006-index.htm", "finalLink": "https://www.sec.gov/Archives/edgar/data/878927/000087892715000006/a201410-k.htm", "calculatedOtherExpenses": 101364000, "calculatedOperatingExpenses": 246181000, "calculatedNetInterest": -6502000, "calculatedOtherIncome": -2291000, "calculatedIncomeNonControlling": 0, "calculatedEbitda": 587773000}, {"date": "2013-12-31", "symbol": "ODFL", "reportedCurrency": "USD", "cik": "0000878927", "fillingDate": "2014-02-28", "acceptedDate": "2014-02-28 15:54:29", "calendarYear": "2013", "period": "FY", "revenue": 2337648000, "costOfRevenue": 1801401000, "grossProfit": 536247000, "grossProfitRatio": 0.229395957, "researchAndDevelopmentExpenses": 0, "generalAndAdministrativeExpenses": 123817000, "sellingAndMarketingExpenses": 16700000, "sellingGeneralAndAdministrativeExpenses": 123817000, "otherExpenses": -279000, "operatingExpenses": 197809000, "costAndExpenses": 1999210000, "interestIncome": 147000, "interestExpense": 9620000, "depreciationAndAmortization": 127072000, "ebitda": 338306000, "ebitdaratio": 0.1447206765, "operatingIncome": 338438000, "operatingIncomeRatio": 0.1447771435, "totalOtherIncomeExpensesNet": -279000, "incomeBeforeTax": 328686000, "incomeBeforeTaxRatio": 0.140605429, "incomeTaxExpense": 122573000, "netIncome": 206113000, "netIncomeRatio": 0.0881711019, "eps": 1.59, "epsdiluted": 1.59, "weightedAverageShsOut": 129247500, "weightedAverageShsOutDil": 129247500, "link": "https://www.sec.gov/Archives/edgar/data/878927/000087892714000010/0000878927-14-000010-index.htm", "finalLink": "https://www.sec.gov/Archives/edgar/data/878927/000087892714000010/a201310-k.htm", "calculatedOtherExpenses": 73992000, "calculatedOperatingExpenses": 197809000, "calculatedNetInterest": -9473000, "calculatedOtherIncome": -279000, "calculatedIncomeNonControlling": 0, "calculatedEbitda": 465510000}, {"date": "2012-12-31", "symbol": "ODFL", "reportedCurrency": "USD", "cik": "0000878927", "fillingDate": "2013-02-28", "acceptedDate": "2013-02-28 17:11:59", "calendarYear": "2012", "period": "FY", "revenue": 2110483000, "costOfRevenue": 1639768000, "grossProfit": 470715000, "grossProfitRatio": 0.2230366224, "researchAndDevelopmentExpenses": 0, "generalAndAdministrativeExpenses": 108569000, "sellingAndMarketingExpenses": 11000000, "sellingGeneralAndAdministrativeExpenses": 108569000, "otherExpenses": -728000, "operatingExpenses": 185461000, "costAndExpenses": 1825229000, "interestIncome": 113000, "interestExpense": 11541000, "depreciationAndAmortization": 110743000, "ebitda": 284639000, "ebitdaratio": 0.1348691271, "operatingIncome": 285254000, "operatingIncomeRatio": 0.1351605296, "totalOtherIncomeExpensesNet": -728000, "incomeBeforeTax": 273098000, "incomeBeforeTaxRatio": 0.1294007106, "incomeTaxExpense": 103646000, "netIncome": 169452000, "netIncomeRatio": 0.0802906254, "eps": 1.31, "epsdiluted": 1.31, "weightedAverageShsOut": 129247497, "weightedAverageShsOutDil": 129247500, "link": "https://www.sec.gov/Archives/edgar/data/878927/000087892713000012/0000878927-13-000012-index.htm", "finalLink": "https://www.sec.gov/Archives/edgar/data/878927/000087892713000012/a10-k.htm", "calculatedOtherExpenses": 76892000, "calculatedOperatingExpenses": 185461000, "calculatedNetInterest": -11428000, "calculatedOtherIncome": -728000, "calculatedIncomeNonControlling": 0, "calculatedEbitda": 395997000}, {"date": "2011-12-31", "symbol": "ODFL", "reportedCurrency": "USD", "cik": "0000878927", "fillingDate": "2012-02-29", "acceptedDate": "2012-02-29 11:00:03", "calendarYear": "2011", "period": "FY", "revenue": 1882541000, "costOfRevenue": 563420000, "grossProfit": 1319121000, "grossProfitRatio": 0.7007130256, "researchAndDevelopmentExpenses": 0, "generalAndAdministrativeExpenses": 994229000, "sellingAndMarketingExpenses": 0, "sellingGeneralAndAdministrativeExpenses": 994229000, "otherExpenses": 90820000, "operatingExpenses": 1085049000, "costAndExpenses": 1648469000, "interestIncome": 180000, "interestExpense": 13887000, "depreciationAndAmortization": 90820000, "ebitda": 324690000, "ebitdaratio": 0.1724743312, "operatingIncome": 234072000, "operatingIncomeRatio": 0.1243383278, "totalOtherIncomeExpensesNet": 101000, "incomeBeforeTax": 220084000, "incomeBeforeTaxRatio": 0.1169079452, "incomeTaxExpense": 80614000, "netIncome": 139470000, "netIncomeRatio": 0.0740860358, "eps": 1.08, "epsdiluted": 1.08, "weightedAverageShsOut": 128578500, "weightedAverageShsOutDil": 128578500, "link": "https://www.sec.gov/Archives/edgar/data/878927/000119312512087645/0001193125-12-087645-index.htm", "finalLink": "https://www.sec.gov/Archives/edgar/data/878927/000119312512087645/d265073d10k.htm", "calculatedOtherExpenses": 90820000, "calculatedOperatingExpenses": 1085049000, "calculatedNetInterest": -13707000, "calculatedOtherIncome": -281000, "calculatedIncomeNonControlling": 0, "calculatedEbitda": 324892000}, {"date": "2010-12-31", "symbol": "ODFL", "reportedCurrency": "USD", "cik": "0000878927", "fillingDate": "2011-02-28", "acceptedDate": "2011-02-28 15:55:57", "calendarYear": "2010", "period": "FY", "revenue": 1480998000, "costOfRevenue": 228878000, "grossProfit": 1252120000, "grossProfitRatio": 0.8454569149, "researchAndDevelopmentExpenses": 0, "generalAndAdministrativeExpenses": 897453000, "sellingAndMarketingExpenses": 0, "sellingGeneralAndAdministrativeExpenses": 897453000, "otherExpenses": 80362000, "operatingExpenses": 1033235000, "costAndExpenses": 1262113000, "interestIncome": 148000, "interestExpense": 12465000, "depreciationAndAmortization": 80362000, "ebitda": 218101000, "ebitdaratio": 0.1472662353, "operatingIncome": 137739000, "operatingIncomeRatio": 0.0930041769, "totalOtherIncomeExpensesNet": -848000, "incomeBeforeTax": 124426000, "incomeBeforeTaxRatio": 0.0840149683, "incomeTaxExpense": 48775000, "netIncome": 75651000, "netIncomeRatio": 0.0510810953, "eps": 0.6, "epsdiluted": 0.6, "weightedAverageShsOut": 125835750, "weightedAverageShsOutDil": 125835750, "link": "https://www.sec.gov/Archives/edgar/data/878927/000119312511049846/0001193125-11-049846-index.htm", "finalLink": "https://www.sec.gov/Archives/edgar/data/878927/000119312511049846/d10k.htm", "calculatedOtherExpenses": 216928000, "calculatedOperatingExpenses": 1114381000, "calculatedNetInterest": -12317000, "calculatedOtherIncome": -996000, "calculatedIncomeNonControlling": 0, "calculatedEbitda": 218101000}, {"date": "2009-12-31", "symbol": "ODFL", "reportedCurrency": "USD", "cik": "0000878927", "fillingDate": "2010-03-01", "acceptedDate": "2010-03-01 15:53:39", "calendarYear": "2009", "period": "FY", "revenue": 1245005000, "costOfRevenue": 155375000, "grossProfit": 1089630000, "grossProfitRatio": 0.8752013044, "researchAndDevelopmentExpenses": 0, "generalAndAdministrativeExpenses": 800990000, "sellingAndMarketingExpenses": 0, "sellingGeneralAndAdministrativeExpenses": 800990000, "otherExpenses": 144959000, "operatingExpenses": 945949000, "costAndExpenses": 1101324000, "interestIncome": 43000, "interestExpense": 12998000, "depreciationAndAmortization": 94784000, "ebitda": 165175000, "ebitdaratio": 0.1326701499, "operatingIncome": 70391000, "operatingIncomeRatio": 0.0565387288, "totalOtherIncomeExpensesNet": -228000, "incomeBeforeTax": 57165000, "incomeBeforeTaxRatio": 0.0459154783, "incomeTaxExpense": 22294000, "netIncome": 34871000, "netIncomeRatio": 0.0280087229, "eps": 0.28, "epsdiluted": 0.28, "weightedAverageShsOut": 125836875, "weightedAverageShsOutDil": 125836875, "link": "https://www.sec.gov/Archives/edgar/data/878927/000119312510044645/0001193125-10-044645-index.htm", "finalLink": "https://www.sec.gov/Archives/edgar/data/878927/000119312510044645/d10k.htm", "calculatedOtherExpenses": 218249000, "calculatedOperatingExpenses": 1019239000, "calculatedNetInterest": -12955000, "calculatedOtherIncome": -271000, "calculatedIncomeNonControlling": 0, "calculatedEbitda": 165175000}, {"date": "2008-12-31", "symbol": "ODFL", "reportedCurrency": "USD", "cik": "0000878927", "fillingDate": "2009-03-02", "acceptedDate": "2009-03-02 14:45:04", "calendarYear": "2008", "period": "FY", "revenue": 1537724000, "costOfRevenue": 43035000, "grossProfit": 1494689000, "grossProfitRatio": 0.9720138334, "researchAndDevelopmentExpenses": 0, "generalAndAdministrativeExpenses": 44674000, "sellingAndMarketingExpenses": 0, "sellingGeneralAndAdministrativeExpenses": 44674000, "otherExpenses": 139731000, "operatingExpenses": 1421666000, "costAndExpenses": 1464701000, "interestIncome": 996000, "interestExpense": 14008000, "depreciationAndAmortization": 87083000, "ebitda": 160106000, "ebitdaratio": 0.1041188146, "operatingIncome": 129070000, "operatingIncomeRatio": 0.0839357388, "totalOtherIncomeExpensesNet": -3392000, "incomeBeforeTax": 112666000, "incomeBeforeTaxRatio": 0.0732680247, "incomeTaxExpense": 43989000, "netIncome": 68677000, "netIncomeRatio": 0.0446614607, "eps": 0.55, "epsdiluted": 0.55, "weightedAverageShsOut": 125836875, "weightedAverageShsOutDil": 125836875, "link": "https://www.sec.gov/Archives/edgar/data/878927/000119312509042346/0001193125-09-042346-index.htm", "finalLink": "https://www.sec.gov/Archives/edgar/data/878927/000119312509042346/d10k.htm", "calculatedOtherExpenses": 1320945000, "calculatedOperatingExpenses": 1365619000, "calculatedNetInterest": -13012000, "calculatedOtherIncome": -3392000, "calculatedIncomeNonControlling": 0, "calculatedEbitda": 216153000}, {"date": "2007-12-31", "symbol": "ODFL", "reportedCurrency": "USD", "cik": "0000878927", "fillingDate": "2008-02-29", "acceptedDate": "2008-02-29 12:10:06", "calendarYear": "2007", "period": "FY", "revenue": 1401542000, "costOfRevenue": 348665000, "grossProfit": 1052877000, "grossProfitRatio": 0.7512275765, "researchAndDevelopmentExpenses": 0, "generalAndAdministrativeExpenses": 843077000, "sellingAndMarketingExpenses": 0, "sellingGeneralAndAdministrativeExpenses": 843077000, "otherExpenses": 79863000, "operatingExpenses": 922940000, "costAndExpenses": 1271605000, "interestIncome": 1506000, "interestExpense": 14466000, "depreciationAndAmortization": 79863000, "ebitda": 211306000, "ebitdaratio": 0.1507667983, "operatingIncome": 129937000, "operatingIncomeRatio": 0.0927100294, "totalOtherIncomeExpensesNet": -1182000, "incomeBeforeTax": 115795000, "incomeBeforeTaxRatio": 0.0826197146, "incomeTaxExpense": 43963000, "netIncome": 71832000, "netIncomeRatio": 0.0512521209, "eps": 0.57, "epsdiluted": 0.57, "weightedAverageShsOut": 125835778, "weightedAverageShsOutDil": 125835778, "link": "https://www.sec.gov/Archives/edgar/data/878927/000119312508043137/0001193125-08-043137-index.htm", "finalLink": "https://www.sec.gov/Archives/edgar/data/878927/000119312508043137/d10k.htm", "calculatedOtherExpenses": 79863000, "calculatedOperatingExpenses": 922940000, "calculatedNetInterest": -12960000, "calculatedOtherIncome": -1182000, "calculatedIncomeNonControlling": 0, "calculatedEbitda": 209800000}, {"date": "2006-12-31", "symbol": "ODFL", "reportedCurrency": "USD", "cik": "0000878927", "fillingDate": "2007-03-01", "acceptedDate": "2007-03-01 12:24:55", "calendarYear": "2006", "period": "FY", "revenue": 1279431000, "costOfRevenue": 342370000, "grossProfit": 937061000, "grossProfitRatio": 0.7324044829, "researchAndDevelopmentExpenses": 0, "generalAndAdministrativeExpenses": 738942000, "sellingAndMarketingExpenses": 0, "sellingGeneralAndAdministrativeExpenses": 738942000, "otherExpenses": 67634000, "operatingExpenses": 806576000, "costAndExpenses": 1148946000, "interestIncome": 2237000, "interestExpense": 12443000, "depreciationAndAmortization": 67634000, "ebitda": 200356000, "ebitdaratio": 0.1565977376, "operatingIncome": 130485000, "operatingIncomeRatio": 0.1019867425, "totalOtherIncomeExpensesNet": -936000, "incomeBeforeTax": 119343000, "incomeBeforeTaxRatio": 0.0932781838, "incomeTaxExpense": 46774000, "netIncome": 72569000, "netIncomeRatio": 0.0567197449, "eps": 0.58, "epsdiluted": 0.58, "weightedAverageShsOut": 125835778, "weightedAverageShsOutDil": 125835778, "link": "https://www.sec.gov/Archives/edgar/data/878927/000119312507043879/0001193125-07-043879-index.htm", "finalLink": "https://www.sec.gov/Archives/edgar/data/878927/000119312507043879/d10k.htm", "calculatedOtherExpenses": 67634000, "calculatedOperatingExpenses": 806576000, "calculatedNetInterest": -10206000, "calculatedOtherIncome": -936000, "calculatedIncomeNonControlling": 0, "calculatedEbitda": 198119000}, {"date": "2005-12-31", "symbol": "ODFL", "reportedCurrency": "USD", "cik": "0000878927", "fillingDate": "2006-03-16", "acceptedDate": "2006-03-16 15:34:35", "calendarYear": "2005", "period": "FY", "revenue": 1061403000, "costOfRevenue": 244568000, "grossProfit": 816835000, "grossProfitRatio": 0.7695804515, "researchAndDevelopmentExpenses": 0, "generalAndAdministrativeExpenses": 663353000, "sellingAndMarketingExpenses": 0, "sellingGeneralAndAdministrativeExpenses": 663353000, "otherExpenses": 55897000, "operatingExpenses": 719250000, "costAndExpenses": 963818000, "interestIncome": 156000, "interestExpense": 6527000, "depreciationAndAmortization": 55897000, "ebitda": 153482000, "ebitdaratio": 0.1446029453, "operatingIncome": 97585000, "operatingIncomeRatio": 0.0919396308, "totalOtherIncomeExpensesNet": -787000, "incomeBeforeTax": 90271000, "incomeBeforeTaxRatio": 0.0850487515, "incomeTaxExpense": 36388000, "netIncome": 53475000, "netIncomeRatio": 0.0503814291, "eps": 0.42, "epsdiluted": 0.42, "weightedAverageShsOut": 125796010, "weightedAverageShsOutDil": 125807586, "link": "https://www.sec.gov/Archives/edgar/data/878927/000119312506056599/0001193125-06-056599-index.htm", "finalLink": "https://www.sec.gov/Archives/edgar/data/878927/000119312506056599/d10k.htm", "calculatedOtherExpenses": 55897000, "calculatedOperatingExpenses": 719250000, "calculatedNetInterest": -6371000, "calculatedOtherIncome": -943000, "calculatedIncomeNonControlling": 408000, "calculatedEbitda": 153482000}, {"date": "2004-12-31", "symbol": "ODFL", "reportedCurrency": "USD", "cik": "0000878927", "fillingDate": "2005-03-16", "acceptedDate": "2005-03-16 15:54:26", "calendarYear": "2004", "period": "FY", "revenue": 824051000, "costOfRevenue": 214735000, "grossProfit": 609316000, "grossProfitRatio": 0.7394154003, "researchAndDevelopmentExpenses": 0, "generalAndAdministrativeExpenses": 503756000, "sellingAndMarketingExpenses": 0, "sellingGeneralAndAdministrativeExpenses": 503756000, "otherExpenses": 257218000, "operatingExpenses": 760974000, "costAndExpenses": 975709000, "interestIncome": 64000, "interestExpense": 5273000, "depreciationAndAmortization": 44823000, "ebitda": -106087000, "ebitdaratio": -0.1287383912, "operatingIncome": 70608000, "operatingIncomeRatio": 0.0856840171, "totalOtherIncomeExpensesNet": -748000, "incomeBeforeTax": 64587000, "incomeBeforeTaxRatio": 0.0783774305, "incomeTaxExpense": 25595000, "netIncome": 38992000, "netIncomeRatio": 0.0473174597, "eps": 0.32, "epsdiluted": 0.31, "weightedAverageShsOut": 123559583, "weightedAverageShsOutDil": 123643445, "link": "https://www.sec.gov/Archives/edgar/data/878927/000119312505052687/0001193125-05-052687-index.htm", "finalLink": "https://www.sec.gov/Archives/edgar/data/878927/000119312505052687/d10k.htm", "calculatedOtherExpenses": 34952000, "calculatedOperatingExpenses": 538708000, "calculatedNetInterest": -5209000, "calculatedOtherIncome": -812000, "calculatedIncomeNonControlling": 0, "calculatedEbitda": 115431000}, {"date": "2003-12-31", "symbol": "ODFL", "reportedCurrency": "USD", "cik": "0000878927", "fillingDate": "2004-03-10", "acceptedDate": "2004-03-10 16:02:15", "calendarYear": "2003", "period": "FY", "revenue": 667531000, "costOfRevenue": 169432000, "grossProfit": 498099000, "grossProfitRatio": 0.7461810762, "researchAndDevelopmentExpenses": 0, "generalAndAdministrativeExpenses": 30394000, "sellingAndMarketingExpenses": 0, "sellingGeneralAndAdministrativeExpenses": 30394000, "otherExpenses": 593324000, "operatingExpenses": 623718000, "costAndExpenses": 793150000, "interestIncome": 0, "interestExpense": 6111000, "depreciationAndAmortization": 38210000, "ebitda": -87601000, "ebitdaratio": -0.1312313585, "operatingIncome": 51216000, "operatingIncomeRatio": 0.0767245267, "totalOtherIncomeExpensesNet": 192000, "incomeBeforeTax": 45297000, "incomeBeforeTaxRatio": 0.0678575227, "incomeTaxExpense": 17697000, "netIncome": 27600000, "netIncomeRatio": 0.0413463944, "eps": 0.23, "epsdiluted": 0.23, "weightedAverageShsOut": 121838887, "weightedAverageShsOutDil": 121979266, "link": "https://www.sec.gov/Archives/edgar/data/878927/000119312504038217/0001193125-04-038217-index.htm", "finalLink": "https://www.sec.gov/Archives/edgar/data/878927/000119312504038217/d10k.htm", "calculatedOtherExpenses": 416489000, "calculatedOperatingExpenses": 446883000, "calculatedNetInterest": -6111000, "calculatedOtherIncome": 192000, "calculatedIncomeNonControlling": 0, "calculatedEbitda": 89426000}, {"date": "2002-12-31", "symbol": "ODFL", "reportedCurrency": "USD", "cik": "0000878927", "fillingDate": "2003-03-26", "acceptedDate": "2003-03-26 09:24:00", "calendarYear": "2002", "period": "FY", "revenue": 566459000, "costOfRevenue": 138538000, "grossProfit": 427921000, "grossProfitRatio": 0.7554315493, "researchAndDevelopmentExpenses": 0, "generalAndAdministrativeExpenses": 28236000, "sellingAndMarketingExpenses": 0, "sellingGeneralAndAdministrativeExpenses": 28236000, "otherExpenses": 509372000, "operatingExpenses": 537608000, "costAndExpenses": 676146000, "interestIncome": 0, "interestExpense": 5736000, "depreciationAndAmortization": 31081000, "ebitda": -78891000, "ebitdaratio": -0.1392704503, "operatingIncome": 36286000, "operatingIncomeRatio": 0.0640575929, "totalOtherIncomeExpensesNet": 285000, "incomeBeforeTax": 30265000, "incomeBeforeTaxRatio": 0.0534284035, "incomeTaxExpense": 11803000, "netIncome": 18462000, "netIncomeRatio": 0.032591944, "eps": 0.19, "epsdiluted": 0.19, "weightedAverageShsOut": 98254027, "weightedAverageShsOutDil": 98450572, "link": "https://www.sec.gov/Archives/edgar/data/878927/000102140803004927/0001021408-03-004927-index.htm", "finalLink": "https://www.sec.gov/Archives/edgar/data/878927/000102140803004927/d10k.htm", "calculatedOtherExpenses": 363399000, "calculatedOperatingExpenses": 391635000, "calculatedNetInterest": -5736000, "calculatedOtherIncome": -285000, "calculatedIncomeNonControlling": 0, "calculatedEbitda": 67367000}, {"date": "2001-12-31", "symbol": "ODFL", "reportedCurrency": "USD", "cik": "0000878927", "fillingDate": "2002-03-26", "acceptedDate": "2002-03-26 00:00:00", "calendarYear": "2001", "period": "FY", "revenue": 502239000, "costOfRevenue": 123958000, "grossProfit": 378281000, "grossProfitRatio": 0.7531892187, "researchAndDevelopmentExpenses": 0, "generalAndAdministrativeExpenses": 25009000, "sellingAndMarketingExpenses": 0, "sellingGeneralAndAdministrativeExpenses": 25009000, "otherExpenses": 460004000, "operatingExpenses": 485013000, "costAndExpenses": 608971000, "interestIncome": 0, "interestExpense": 0, "depreciationAndAmortization": 29888000, "ebitda": -76153000, "ebitdaratio": -0.1516270142, "operatingIncome": 24725000, "operatingIncomeRatio": 0.0492295501, "totalOtherIncomeExpensesNet": -691000, "incomeBeforeTax": 19517000, "incomeBeforeTaxRatio": 0.038859985, "incomeTaxExpense": 7612000, "netIncome": 11905000, "netIncomeRatio": 0.0237038541, "eps": 0.13, "epsdiluted": 0.13, "weightedAverageShsOut": 94688443, "weightedAverageShsOutDil": 94703900, "link": "https://www.sec.gov/Archives/edgar/data/878927/000095016802000485/0000950168-02-000485-index.htm", "finalLink": "https://www.sec.gov/Archives/edgar/data/878927/000095016802000485/d10k405.txt", "calculatedOtherExpenses": 328547000, "calculatedOperatingExpenses": 353556000, "calculatedNetInterest": 0, "calculatedOtherIncome": -5208000, "calculatedIncomeNonControlling": 0, "calculatedEbitda": 54613000}, {"date": "2000-12-31", "symbol": "ODFL", "reportedCurrency": "USD", "cik": "0000878927", "fillingDate": "2001-03-16", "acceptedDate": "2001-03-16 00:00:00", "calendarYear": "2000", "period": "FY", "revenue": 475803000, "costOfRevenue": 121237000, "grossProfit": 354566000, "grossProfitRatio": 0.7451949651, "researchAndDevelopmentExpenses": 0, "generalAndAdministrativeExpenses": 25723000, "sellingAndMarketingExpenses": 0, "sellingGeneralAndAdministrativeExpenses": 25723000, "otherExpenses": 430523000, "operatingExpenses": 456246000, "costAndExpenses": 577483000, "interestIncome": 0, "interestExpense": 0, "depreciationAndAmortization": 27037000, "ebitda": -74546000, "ebitdaratio": -0.1566740857, "operatingIncome": 26753000, "operatingIncomeRatio": 0.056227052, "totalOtherIncomeExpensesNet": -97000, "incomeBeforeTax": 22453000, "incomeBeforeTaxRatio": 0.0471896983, "incomeTaxExpense": 8757000, "netIncome": 13696000, "netIncomeRatio": 0.0287850224, "eps": 0.14, "epsdiluted": 0.14, "weightedAverageShsOut": 94688443, "weightedAverageShsOutDil": 94700129, "link": "https://www.sec.gov/Archives/edgar/data/878927/000095016801000524/0000950168-01-000524-index.htm", "finalLink": "https://www.sec.gov/Archives/edgar/data/878927/000095016801000524/0000950168-01-000524-0001.txt", "calculatedOtherExpenses": 302090000, "calculatedOperatingExpenses": 327813000, "calculatedNetInterest": 0, "calculatedOtherIncome": -4300000, "calculatedIncomeNonControlling": 0, "calculatedEbitda": 53790000}, {"date": "1999-12-31", "symbol": "ODFL", "reportedCurrency": "USD", "cik": "0000878927", "fillingDate": "2000-03-20", "acceptedDate": "2000-03-20 00:00:00", "calendarYear": "1999", "period": "FY", "revenue": 426385000, "costOfRevenue": 98113000, "grossProfit": 328272000, "grossProfitRatio": 0.7698957515, "researchAndDevelopmentExpenses": 0, "generalAndAdministrativeExpenses": 23182000, "sellingAndMarketingExpenses": 0, "sellingGeneralAndAdministrativeExpenses": 23182000, "otherExpenses": 382477000, "operatingExpenses": 405659000, "costAndExpenses": 503772000, "interestIncome": 0, "interestExpense": 0, "depreciationAndAmortization": 25295000, "ebitda": -52614000, "ebitdaratio": -0.1233955228, "operatingIncome": 28056000, "operatingIncomeRatio": 0.0657996881, "totalOtherIncomeExpensesNet": 522000, "incomeBeforeTax": 23457000, "incomeBeforeTaxRatio": 0.0550136614, "incomeTaxExpense": 9056000, "netIncome": 14401000, "netIncomeRatio": 0.0337746403, "eps": 0.15, "epsdiluted": 0.15, "weightedAverageShsOut": 94684080, "weightedAverageShsOutDil": 94728185, "link": "https://www.sec.gov/Archives/edgar/data/878927/000095016800000608/0000950168-00-000608-index.html", "finalLink": "https://www.sec.gov/Archives/edgar/data/878927/000095016800000608/", "calculatedOtherExpenses": 277034000, "calculatedOperatingExpenses": 300216000, "calculatedNetInterest": 0, "calculatedOtherIncome": -4599000, "calculatedIncomeNonControlling": 0, "calculatedEbitda": 53351000}, {"date": "1998-12-31", "symbol": "ODFL", "reportedCurrency": "USD", "cik": "0000878927", "fillingDate": "1999-03-26", "acceptedDate": "1999-03-26 00:00:00", "calendarYear": "1998", "period": "FY", "revenue": 383078000, "costOfRevenue": 97344000, "grossProfit": 285734000, "grossProfitRatio": 0.745889871, "researchAndDevelopmentExpenses": 0, "generalAndAdministrativeExpenses": 22285000, "sellingAndMarketingExpenses": 0, "sellingGeneralAndAdministrativeExpenses": 22285000, "otherExpenses": 345501000, "operatingExpenses": 367786000, "costAndExpenses": 465130000, "interestIncome": 0, "interestExpense": 0, "depreciationAndAmortization": 21887000, "ebitda": -60476000, "ebitdaratio": -0.1578686325, "operatingIncome": 22577000, "operatingIncomeRatio": 0.0589357781, "totalOtherIncomeExpensesNet": 311000, "incomeBeforeTax": 17935000, "incomeBeforeTaxRatio": 0.0468181415, "incomeTaxExpense": 6815000, "netIncome": 11120000, "netIncomeRatio": 0.0290280308, "eps": 0.12, "epsdiluted": 0.12, "weightedAverageShsOut": 94676300, "weightedAverageShsOutDil": 94806905, "link": "https://www.sec.gov/Archives/edgar/data/878927/000095016899000848/0000950168-99-000848-index.html", "finalLink": "https://www.sec.gov/Archives/edgar/data/878927/", "calculatedOtherExpenses": 240872000, "calculatedOperatingExpenses": 263157000, "calculatedNetInterest": 0, "calculatedOtherIncome": -4642000, "calculatedIncomeNonControlling": 0, "calculatedEbitda": 44464000}, {"date": "1997-12-31", "symbol": "ODFL", "reportedCurrency": "USD", "cik": "0000878927", "fillingDate": "1998-03-11", "acceptedDate": "1998-03-11 00:00:00", "calendarYear": "1997", "period": "FY", "revenue": 328844000, "costOfRevenue": 89147000, "grossProfit": 239697000, "grossProfitRatio": 0.728907932, "researchAndDevelopmentExpenses": 0, "generalAndAdministrativeExpenses": 18897000, "sellingAndMarketingExpenses": 0, "sellingGeneralAndAdministrativeExpenses": 18897000, "otherExpenses": 296857000, "operatingExpenses": 315754000, "costAndExpenses": 404901000, "interestIncome": 0, "interestExpense": 0, "depreciationAndAmortization": 17173000, "ebitda": -59157000, "ebitdaratio": -0.1798938098, "operatingIncome": 20011000, "operatingIncomeRatio": 0.0608525623, "totalOtherIncomeExpensesNet": 273000, "incomeBeforeTax": 16191000, "incomeBeforeTaxRatio": 0.049236112, "incomeTaxExpense": 6153000, "netIncome": 10038000, "netIncomeRatio": 0.0305251122, "eps": 0.11, "epsdiluted": 0.11, "weightedAverageShsOut": 94678875, "weightedAverageShsOutDil": 94792781, "link": "https://www.sec.gov/Archives/edgar/data/878927/000095016898000709/0000950168-98-000709-index.html", "finalLink": "https://www.sec.gov/Archives/edgar/data/878927/", "calculatedOtherExpenses": 200789000, "calculatedOperatingExpenses": 219686000, "calculatedNetInterest": 0, "calculatedOtherIncome": -3820000, "calculatedIncomeNonControlling": 0, "calculatedEbitda": 37184000}, {"date": "1996-12-31", "symbol": "ODFL", "reportedCurrency": "USD", "cik": "0000878927", "fillingDate": "1997-03-27", "acceptedDate": "1997-03-27 00:00:00", "calendarYear": "1996", "period": "FY", "revenue": 293006000, "costOfRevenue": 94156000, "grossProfit": 198850000, "grossProfitRatio": 0.6786550446, "researchAndDevelopmentExpenses": 0, "generalAndAdministrativeExpenses": 17318000, "sellingAndMarketingExpenses": 0, "sellingGeneralAndAdministrativeExpenses": 17318000, "otherExpenses": 269612000, "operatingExpenses": 286930000, "costAndExpenses": 381086000, "interestIncome": 0, "interestExpense": 0, "depreciationAndAmortization": 16091000, "ebitda": -72126000, "ebitdaratio": -0.2461587817, "operatingIncome": 12950000, "operatingIncomeRatio": 0.0441970472, "totalOtherIncomeExpensesNet": 137000, "incomeBeforeTax": 9910000, "incomeBeforeTaxRatio": 0.033821833, "incomeTaxExpense": 3766000, "netIncome": 6144000, "netIncomeRatio": 0.0209688539, "eps": 0.065, "epsdiluted": 0.065, "weightedAverageShsOut": 94572973, "weightedAverageShsOutDil": 94779705, "link": "https://www.sec.gov/Archives/edgar/data/878927/000095016897000706/0000950168-97-000706-index.html", "finalLink": "https://www.sec.gov/Archives/edgar/data/878927/", "calculatedOtherExpenses": 168582000, "calculatedOperatingExpenses": 185900000, "calculatedNetInterest": 0, "calculatedOtherIncome": -3040000, "calculatedIncomeNonControlling": 0, "calculatedEbitda": 29041000}, {"date": "1995-12-31", "symbol": "ODFL", "reportedCurrency": "USD", "cik": "0000878927", "fillingDate": "1995-12-31", "acceptedDate": "1995-12-30 19:00:00", "calendarYear": "1995", "period": "FY", "revenue": 248100000, "costOfRevenue": 43500000, "grossProfit": 204600000, "grossProfitRatio": 0.8246674728, "researchAndDevelopmentExpenses": 0, "generalAndAdministrativeExpenses": 0, "sellingAndMarketingExpenses": 0, "sellingGeneralAndAdministrativeExpenses": 170900000, "otherExpenses": 3200000, "operatingExpenses": 174100000, "costAndExpenses": 217600000, "interestIncome": 0, "interestExpense": 0, "depreciationAndAmortization": -13600000, "ebitda": 44400000, "ebitdaratio": 0.1789600967, "operatingIncome": 30500000, "operatingIncomeRatio": 0.1229343007, "totalOtherIncomeExpensesNet": -300000, "incomeBeforeTax": 7800000, "incomeBeforeTaxRatio": 0.0314389359, "incomeTaxExpense": 3000000, "netIncome": 4800000, "netIncomeRatio": 0.0193470375, "eps": 0.051, "epsdiluted": 0.051, "weightedAverageShsOut": 94125850, "weightedAverageShsOutDil": 94125850, "link": "", "finalLink": "", "calculatedOtherExpenses": 3200000, "calculatedOperatingExpenses": 174100000, "calculatedNetInterest": 0, "calculatedOtherIncome": -22700000, "calculatedIncomeNonControlling": 0, "calculatedEbitda": 16900000}, {"date": "1994-12-31", "symbol": "ODFL", "reportedCurrency": "USD", "cik": "0000878927", "fillingDate": "1994-12-31", "acceptedDate": "1994-12-30 19:00:00", "calendarYear": "1994", "period": "FY", "revenue": 243500000, "costOfRevenue": 54800000, "grossProfit": 188700000, "grossProfitRatio": 0.7749486653, "researchAndDevelopmentExpenses": 0, "generalAndAdministrativeExpenses": 0, "sellingAndMarketingExpenses": 0, "sellingGeneralAndAdministrativeExpenses": 149700000, "otherExpenses": 2200000, "operatingExpenses": 151900000, "costAndExpenses": 206700000, "interestIncome": 0, "interestExpense": 0, "depreciationAndAmortization": -11800000, "ebitda": 48700000, "ebitdaratio": 0.2, "operatingIncome": 36800000, "operatingIncomeRatio": 0.1511293634, "totalOtherIncomeExpensesNet": -100000, "incomeBeforeTax": 16400000, "incomeBeforeTaxRatio": 0.0673511294, "incomeTaxExpense": 6400000, "netIncome": 10000000, "netIncomeRatio": 0.0410677618, "eps": 0.11, "epsdiluted": 0.1, "weightedAverageShsOut": 94779676, "weightedAverageShsOutDil": 95576033, "link": "", "finalLink": "", "calculatedOtherExpenses": 2200000, "calculatedOperatingExpenses": 151900000, "calculatedNetInterest": 0, "calculatedOtherIncome": -20400000, "calculatedIncomeNonControlling": 0, "calculatedEbitda": 25000000}, {"date": "1993-12-31", "symbol": "ODFL", "reportedCurrency": "USD", "cik": "0000878927", "fillingDate": "1993-12-31", "acceptedDate": "1993-12-30 19:00:00", "calendarYear": "1993", "period": "FY", "revenue": 205400000, "costOfRevenue": 47700000, "grossProfit": 157700000, "grossProfitRatio": 0.7677702045, "researchAndDevelopmentExpenses": 0, "generalAndAdministrativeExpenses": 0, "sellingAndMarketingExpenses": 0, "sellingGeneralAndAdministrativeExpenses": 125100000, "otherExpenses": 2200000, "operatingExpenses": 127300000, "costAndExpenses": 175000000, "interestIncome": 0, "interestExpense": 0, "depreciationAndAmortization": -10100000, "ebitda": 40700000, "ebitdaratio": 0.1981499513, "operatingIncome": 30400000, "operatingIncomeRatio": 0.1480038948, "totalOtherIncomeExpensesNet": -200000, "incomeBeforeTax": 13200000, "incomeBeforeTaxRatio": 0.0642648491, "incomeTaxExpense": 4900000, "netIncome": 8300000, "netIncomeRatio": 0.0404089581, "eps": 0.087, "epsdiluted": 0.087, "weightedAverageShsOut": 95354236, "weightedAverageShsOutDil": 95354236, "link": "", "finalLink": "", "calculatedOtherExpenses": 2200000, "calculatedOperatingExpenses": 127300000, "calculatedNetInterest": 0, "calculatedOtherIncome": -17200000, "calculatedIncomeNonControlling": 0, "calculatedEbitda": 20300000}, {"date": "1992-12-31", "symbol": "ODFL", "reportedCurrency": "USD", "cik": "0000878927", "fillingDate": "1992-12-31", "acceptedDate": "1992-12-30 19:00:00", "calendarYear": "1992", "period": "FY", "revenue": 183900000, "costOfRevenue": 42100000, "grossProfit": 141800000, "grossProfitRatio": 0.7710712344, "researchAndDevelopmentExpenses": 0, "generalAndAdministrativeExpenses": 0, "sellingAndMarketingExpenses": 0, "sellingGeneralAndAdministrativeExpenses": 111000000, "otherExpenses": 1800000, "operatingExpenses": 112800000, "costAndExpenses": 154900000, "interestIncome": 0, "interestExpense": 0, "depreciationAndAmortization": -8600000, "ebitda": 37700000, "ebitdaratio": 0.2050027189, "operatingIncome": 29000000, "operatingIncomeRatio": 0.1576943991, "totalOtherIncomeExpensesNet": -100000, "incomeBeforeTax": 14000000, "incomeBeforeTaxRatio": 0.0761283306, "incomeTaxExpense": 5300000, "netIncome": 8000000, "netIncomeRatio": 0.0435019032, "eps": 0.0835, "epsdiluted": 0.0835, "weightedAverageShsOut": 95777286, "weightedAverageShsOutDil": 95777286, "link": "", "finalLink": "", "calculatedOtherExpenses": 1800000, "calculatedOperatingExpenses": 112800000, "calculatedNetInterest": 0, "calculatedOtherIncome": -15000000, "calculatedIncomeNonControlling": 700000, "calculatedEbitda": 20400000}, {"date": "1991-12-31", "symbol": "ODFL", "reportedCurrency": "USD", "cik": "0000878927", "fillingDate": "1991-12-31", "acceptedDate": "1991-12-30 19:00:00", "calendarYear": "1991", "period": "FY", "revenue": 155900000, "costOfRevenue": 39300000, "grossProfit": 116600000, "grossProfitRatio": 0.7479153303, "researchAndDevelopmentExpenses": 0, "generalAndAdministrativeExpenses": 0, "sellingAndMarketingExpenses": 0, "sellingGeneralAndAdministrativeExpenses": 91800000, "otherExpenses": 1900000, "operatingExpenses": 93700000, "costAndExpenses": 133000000, "interestIncome": 0, "interestExpense": 0, "depreciationAndAmortization": -6700000, "ebitda": 29900000, "ebitdaratio": 0.1917896087, "operatingIncome": 22900000, "operatingIncomeRatio": 0.1468890314, "totalOtherIncomeExpensesNet": -300000, "incomeBeforeTax": 10200000, "incomeBeforeTaxRatio": 0.0654265555, "incomeTaxExpense": 3900000, "netIncome": 200000, "netIncomeRatio": 0.0012828736, "eps": 0.0018, "epsdiluted": 0.0018, "weightedAverageShsOut": 113732098, "weightedAverageShsOutDil": 113732098, "link": "", "finalLink": "", "calculatedOtherExpenses": 1900000, "calculatedOperatingExpenses": 93700000, "calculatedNetInterest": 0, "calculatedOtherIncome": -12700000, "calculatedIncomeNonControlling": 6100000, "calculatedEbitda": 16200000}, {"date": "1990-12-31", "symbol": "ODFL", "reportedCurrency": "USD", "cik": "0000878927", "fillingDate": "1990-12-31", "acceptedDate": "1990-12-30 19:00:00", "calendarYear": "1990", "period": "FY", "revenue": 134800000, "costOfRevenue": 0, "grossProfit": 134800000, "grossProfitRatio": 1, "researchAndDevelopmentExpenses": 0, "generalAndAdministrativeExpenses": 0, "sellingAndMarketingExpenses": 0, "sellingGeneralAndAdministrativeExpenses": 0, "otherExpenses": 0, "operatingExpenses": 0, "costAndExpenses": 0, "interestIncome": 0, "interestExpense": 0, "depreciationAndAmortization": 0, "ebitda": 134800000, "ebitdaratio": 1, "operatingIncome": 134800000, "operatingIncomeRatio": 1, "totalOtherIncomeExpensesNet": 0, "incomeBeforeTax": 0, "incomeBeforeTaxRatio": 0, "incomeTaxExpense": -4700000, "netIncome": 4700000, "netIncomeRatio": 0.0348664688, "eps": 0.0615, "epsdiluted": 0.0615, "weightedAverageShsOut": 76365553, "weightedAverageShsOutDil": 76365553, "link": "", "finalLink": "", "calculatedOtherExpenses": 0, "calculatedOperatingExpenses": 0, "calculatedNetInterest": 0, "calculatedOtherIncome": -134800000, "calculatedIncomeNonControlling": 0, "calculatedEbitda": 134800000}]}