{"originalCurrency": "USD", "convertedCurrency": "USD", "report": [{"date": "2023-12-31", "symbol": "OGE", "reportedCurrency": "USD", "cik": "0001021635", "fillingDate": "2024-02-21", "acceptedDate": "2024-02-20 19:33:32", "calendarYear": "2023", "period": "FY", "revenue": 2674300000, "costOfRevenue": 1414300000, "grossProfit": 1260000000, "grossProfitRatio": 0.4711513293, "researchAndDevelopmentExpenses": 0, "generalAndAdministrativeExpenses": 0, "sellingAndMarketingExpenses": 0, "sellingGeneralAndAdministrativeExpenses": 502600000, "otherExpenses": 24800000, "operatingExpenses": 602700000, "costAndExpenses": 2017000000, "interestIncome": 0, "interestExpense": 228500000, "depreciationAndAmortization": 506600000, "ebitda": 1188700000, "ebitdaratio": 0.444490147, "operatingIncome": 650200000, "operatingIncomeRatio": 0.2431290431, "totalOtherIncomeExpensesNet": 44200000, "incomeBeforeTax": 473000000, "incomeBeforeTaxRatio": 0.1768687133, "incomeTaxExpense": 56200000, "netIncome": 416800000, "netIncomeRatio": 0.1558538683, "eps": 2.08, "epsdiluted": 2.07, "weightedAverageShsOut": 200300000, "weightedAverageShsOutDil": 200900000, "link": "https://www.sec.gov/Archives/edgar/data/1021635/000095017024017400/0000950170-24-017400-index.htm", "finalLink": "https://www.sec.gov/Archives/edgar/data/74145/000095017024017400/oge-20231231.htm", "calculatedOtherExpenses": 107200000, "calculatedOperatingExpenses": 609800000, "calculatedNetInterest": -228500000, "calculatedOtherIncome": 51300000, "calculatedIncomeNonControlling": 0, "calculatedEbitda": 1156800000}, {"date": "2022-12-31", "symbol": "OGE", "reportedCurrency": "USD", "cik": "0001021635", "fillingDate": "2023-02-23", "acceptedDate": "2023-02-22 19:22:33", "calendarYear": "2022", "period": "FY", "revenue": 3375700000, "costOfRevenue": 2163800000, "grossProfit": 1211900000, "grossProfitRatio": 0.3590070208, "researchAndDevelopmentExpenses": 0, "generalAndAdministrativeExpenses": 0, "sellingAndMarketingExpenses": 0, "sellingGeneralAndAdministrativeExpenses": 501400000, "otherExpenses": 562400000, "operatingExpenses": 562400000, "costAndExpenses": 2726200000, "interestIncome": 170300000, "interestExpense": 166300000, "depreciationAndAmortization": 460900000, "ebitda": 1409600000, "ebitdaratio": 0.4175726516, "operatingIncome": 948700000, "operatingIncomeRatio": 0.2810380069, "totalOtherIncomeExpensesNet": -159400000, "incomeBeforeTax": 789300000, "incomeBeforeTaxRatio": 0.233818171, "incomeTaxExpense": 123600000, "netIncome": 665700000, "netIncomeRatio": 0.197203543, "eps": 3.33, "epsdiluted": 3.32, "weightedAverageShsOut": 200200000, "weightedAverageShsOutDil": 200800000, "link": "https://www.sec.gov/Archives/edgar/data/1021635/000095017023003858/0000950170-23-003858-index.htm", "finalLink": "https://www.sec.gov/Archives/edgar/data/74145/000095017023003858/oge-20221231.htm", "calculatedOtherExpenses": -238200000, "calculatedOperatingExpenses": 263200000, "calculatedNetInterest": 4000000, "calculatedOtherIncome": -163400000, "calculatedIncomeNonControlling": 0, "calculatedEbitda": 1409600000}, {"date": "2021-12-31", "symbol": "OGE", "reportedCurrency": "USD", "cik": "0001021635", "fillingDate": "2022-02-24", "acceptedDate": "2022-02-23 17:39:53", "calendarYear": "2021", "period": "FY", "revenue": 3653700000, "costOfRevenue": 2590700000, "grossProfit": 1063000000, "grossProfitRatio": 0.2909379533, "researchAndDevelopmentExpenses": 0, "generalAndAdministrativeExpenses": 0, "sellingAndMarketingExpenses": 0, "sellingGeneralAndAdministrativeExpenses": 463100000, "otherExpenses": 515300000, "operatingExpenses": 515300000, "costAndExpenses": 3106000000, "interestIncome": 161800000, "interestExpense": 161800000, "depreciationAndAmortization": 416000000, "ebitda": 1449600000, "ebitdaratio": 0.3967485015, "operatingIncome": 1033600000, "operatingIncomeRatio": 0.2828913157, "totalOtherIncomeExpensesNet": -155100000, "incomeBeforeTax": 878500000, "incomeBeforeTaxRatio": 0.2404411966, "incomeTaxExpense": 141200000, "netIncome": 737300000, "netIncomeRatio": 0.2017954402, "eps": 3.68, "epsdiluted": 3.68, "weightedAverageShsOut": 200100000, "weightedAverageShsOutDil": 200300000, "link": "https://www.sec.gov/Archives/edgar/data/1021635/000102163522000037/0001021635-22-000037-index.htm", "finalLink": "https://www.sec.gov/Archives/edgar/data/74145/000102163522000037/oge-20211231.htm", "calculatedOtherExpenses": -433700000, "calculatedOperatingExpenses": 29400000, "calculatedNetInterest": 0, "calculatedOtherIncome": -155100000, "calculatedIncomeNonControlling": 0, "calculatedEbitda": 1449600000}, {"date": "2020-12-31", "symbol": "OGE", "reportedCurrency": "USD", "cik": "0001021635", "fillingDate": "2021-02-25", "acceptedDate": "2021-02-24 18:50:10", "calendarYear": "2020", "period": "FY", "revenue": 2122300000, "costOfRevenue": 1107400000, "grossProfit": 1014900000, "grossProfitRatio": 0.478207605, "researchAndDevelopmentExpenses": 0, "generalAndAdministrativeExpenses": 0, "sellingAndMarketingExpenses": 0, "sellingGeneralAndAdministrativeExpenses": 462800000, "otherExpenses": 490800000, "operatingExpenses": 490800000, "costAndExpenses": 1598200000, "interestIncome": 160400000, "interestExpense": 160400000, "depreciationAndAmortization": 391300000, "ebitda": 245800000, "ebitdaratio": 0.1158177449, "operatingIncome": -145500000, "operatingIncomeRatio": -0.0685576968, "totalOtherIncomeExpensesNet": -155600000, "incomeBeforeTax": -301100000, "incomeBeforeTaxRatio": -0.1418743816, "incomeTaxExpense": -127400000, "netIncome": -173700000, "netIncomeRatio": -0.081845168, "eps": -0.87, "epsdiluted": -0.87, "weightedAverageShsOut": 200100000, "weightedAverageShsOutDil": 200100000, "link": "https://www.sec.gov/Archives/edgar/data/1021635/000102163521000026/0001021635-21-000026-index.htm", "finalLink": "https://www.sec.gov/Archives/edgar/data/74145/000102163521000026/oge-20201231.htm", "calculatedOtherExpenses": 697600000, "calculatedOperatingExpenses": 1160400000, "calculatedNetInterest": 0, "calculatedOtherIncome": -155600000, "calculatedIncomeNonControlling": 0, "calculatedEbitda": 245800000}, {"date": "2019-12-31", "symbol": "OGE", "reportedCurrency": "USD", "cik": "0001021635", "fillingDate": "2020-02-27", "acceptedDate": "2020-02-26 17:59:05", "calendarYear": "2019", "period": "FY", "revenue": 2231600000, "costOfRevenue": 1278700000, "grossProfit": 952900000, "grossProfitRatio": 0.4270030471, "researchAndDevelopmentExpenses": 0, "generalAndAdministrativeExpenses": 9800000, "sellingAndMarketingExpenses": 0, "sellingGeneralAndAdministrativeExpenses": 9800000, "otherExpenses": 436000000, "operatingExpenses": 445800000, "costAndExpenses": 1724500000, "interestIncome": 150700000, "interestExpense": 150700000, "depreciationAndAmortization": 460300000, "ebitda": 964600000, "ebitdaratio": 0.4322459222, "operatingIncome": 504300000, "operatingIncomeRatio": 0.2259813587, "totalOtherIncomeExpensesNet": -40900000, "incomeBeforeTax": 463400000, "incomeBeforeTaxRatio": 0.2076537014, "incomeTaxExpense": 29800000, "netIncome": 433600000, "netIncomeRatio": 0.1943000538, "eps": 2.17, "epsdiluted": 2.16, "weightedAverageShsOut": 200100000, "weightedAverageShsOutDil": 200700000, "link": "https://www.sec.gov/Archives/edgar/data/1021635/000102163520000016/0001021635-20-000016-index.htm", "finalLink": "https://www.sec.gov/Archives/edgar/data/1021635/000102163520000016/oge-20191231.htm", "calculatedOtherExpenses": 438800000, "calculatedOperatingExpenses": 448600000, "calculatedNetInterest": 0, "calculatedOtherIncome": -40900000, "calculatedIncomeNonControlling": 0, "calculatedEbitda": 964600000}, {"date": "2018-12-31", "symbol": "OGE", "reportedCurrency": "USD", "cik": "0001021635", "fillingDate": "2019-02-21", "acceptedDate": "2019-02-20 17:45:19", "calendarYear": "2018", "period": "FY", "revenue": 2270300000, "costOfRevenue": 1367100000, "grossProfit": 903200000, "grossProfitRatio": 0.3978328855, "researchAndDevelopmentExpenses": 0, "generalAndAdministrativeExpenses": 10800000, "sellingAndMarketingExpenses": 0, "sellingGeneralAndAdministrativeExpenses": 10800000, "otherExpenses": -12500000, "operatingExpenses": 401900000, "costAndExpenses": 1769000000, "interestIncome": 0, "interestExpense": 167700000, "depreciationAndAmortization": 321600000, "ebitda": 963200000, "ebitdaratio": 0.4242611109, "operatingIncome": 489600000, "operatingIncomeRatio": 0.2156543188, "totalOtherIncomeExpensesNet": 164100000, "incomeBeforeTax": 497700000, "incomeBeforeTaxRatio": 0.2192221292, "incomeTaxExpense": 72200000, "netIncome": 425500000, "netIncomeRatio": 0.1874201647, "eps": 2.13, "epsdiluted": 2.12, "weightedAverageShsOut": 199700000, "weightedAverageShsOutDil": 200500000, "link": "https://www.sec.gov/Archives/edgar/data/1021635/000102163519000015/0001021635-19-000015-index.htm", "finalLink": "https://www.sec.gov/Archives/edgar/data/1021635/000102163519000015/a2018ogeenergy10-k.htm", "calculatedOtherExpenses": 402800000, "calculatedOperatingExpenses": 413600000, "calculatedNetInterest": -167700000, "calculatedOtherIncome": 175800000, "calculatedIncomeNonControlling": 0, "calculatedEbitda": 811200000}, {"date": "2017-12-31", "symbol": "OGE", "reportedCurrency": "USD", "cik": "0001021635", "fillingDate": "2018-02-22", "acceptedDate": "2018-02-21 17:55:51", "calendarYear": "2017", "period": "FY", "revenue": 2261100000, "costOfRevenue": 1377900000, "grossProfit": 883200000, "grossProfitRatio": 0.390606342, "researchAndDevelopmentExpenses": 0, "generalAndAdministrativeExpenses": 0, "sellingAndMarketingExpenses": 0, "sellingGeneralAndAdministrativeExpenses": 458700000, "otherExpenses": 32300000, "operatingExpenses": 354900000, "costAndExpenses": 1732800000, "interestIncome": 0, "interestExpense": 161800000, "depreciationAndAmortization": 283500000, "ebitda": 975300000, "ebitdaratio": 0.4313387289, "operatingIncome": 510300000, "operatingIncomeRatio": 0.2256866127, "totalOtherIncomeExpensesNet": 203200000, "incomeBeforeTax": 569700000, "incomeBeforeTaxRatio": 0.2519570121, "incomeTaxExpense": -49300000, "netIncome": 619000000, "netIncomeRatio": 0.273760559, "eps": 3.1, "epsdiluted": 3.1, "weightedAverageShsOut": 199700000, "weightedAverageShsOutDil": 200000000, "link": "https://www.sec.gov/Archives/edgar/data/1021635/000102163518000015/0001021635-18-000015-index.htm", "finalLink": "https://www.sec.gov/Archives/edgar/data/1021635/000102163518000015/a2017ogeenergy10-k.htm", "calculatedOtherExpenses": -85800000, "calculatedOperatingExpenses": 372900000, "calculatedNetInterest": -161800000, "calculatedOtherIncome": 221200000, "calculatedIncomeNonControlling": 0, "calculatedEbitda": 793800000}, {"date": "2016-12-31", "symbol": "OGE", "reportedCurrency": "USD", "cik": "0001021635", "fillingDate": "2017-02-23", "acceptedDate": "2017-02-22 17:42:57", "calendarYear": "2016", "period": "FY", "revenue": 2259200000, "costOfRevenue": 1345700000, "grossProfit": 913500000, "grossProfitRatio": 0.4043466714, "researchAndDevelopmentExpenses": 0, "generalAndAdministrativeExpenses": 0, "sellingAndMarketingExpenses": 0, "sellingGeneralAndAdministrativeExpenses": 465600000, "otherExpenses": 9100000, "operatingExpenses": 402700000, "costAndExpenses": 1748400000, "interestIncome": 0, "interestExpense": 149600000, "depreciationAndAmortization": 322600000, "ebitda": 944300000, "ebitdaratio": 0.4179798159, "operatingIncome": 503300000, "operatingIncomeRatio": 0.2227779745, "totalOtherIncomeExpensesNet": 125100000, "incomeBeforeTax": 486300000, "incomeBeforeTaxRatio": 0.215253187, "incomeTaxExpense": 148100000, "netIncome": 338200000, "netIncomeRatio": 0.1496990085, "eps": 1.69, "epsdiluted": 1.69, "weightedAverageShsOut": 199700000, "weightedAverageShsOutDil": 199900000, "link": "https://www.sec.gov/Archives/edgar/data/1021635/000102163517000013/0001021635-17-000013-index.htm", "finalLink": "https://www.sec.gov/Archives/edgar/data/1021635/000102163517000013/a2016ogeenergy10-k.htm", "calculatedOtherExpenses": -55400000, "calculatedOperatingExpenses": 410200000, "calculatedNetInterest": -149600000, "calculatedOtherIncome": 132600000, "calculatedIncomeNonControlling": 0, "calculatedEbitda": 825900000}, {"date": "2015-12-31", "symbol": "OGE", "reportedCurrency": "USD", "cik": "0001021635", "fillingDate": "2016-02-26", "acceptedDate": "2016-02-26 08:30:44", "calendarYear": "2015", "period": "FY", "revenue": 2196900000, "costOfRevenue": 1316600000, "grossProfit": 880300000, "grossProfitRatio": 0.4007009878, "researchAndDevelopmentExpenses": 0, "generalAndAdministrativeExpenses": 0, "sellingAndMarketingExpenses": 0, "sellingGeneralAndAdministrativeExpenses": 451600000, "otherExpenses": 12700000, "operatingExpenses": 394900000, "costAndExpenses": 1711500000, "interestIncome": 0, "interestExpense": 153200000, "depreciationAndAmortization": 307900000, "ebitda": 821500000, "ebitdaratio": 0.3739360007, "operatingIncome": 481200000, "operatingIncomeRatio": 0.2190359142, "totalOtherIncomeExpensesNet": 36500000, "incomeBeforeTax": 368700000, "incomeBeforeTaxRatio": 0.1678273931, "incomeTaxExpense": 97400000, "netIncome": 271300000, "netIncomeRatio": 0.1234921935, "eps": 1.36, "epsdiluted": 1.36, "weightedAverageShsOut": 199600000, "weightedAverageShsOutDil": 199600000, "link": "https://www.sec.gov/Archives/edgar/data/1021635/000102163516000172/0001021635-16-000172-index.htm", "finalLink": "https://www.sec.gov/Archives/edgar/data/1021635/000102163516000172/a2015oge10-k.htm", "calculatedOtherExpenses": -52500000, "calculatedOperatingExpenses": 399100000, "calculatedNetInterest": -153200000, "calculatedOtherIncome": 40700000, "calculatedIncomeNonControlling": 0, "calculatedEbitda": 789100000}, {"date": "2014-12-31", "symbol": "OGE", "reportedCurrency": "USD", "cik": "0001021635", "fillingDate": "2015-02-26", "acceptedDate": "2015-02-26 08:09:05", "calendarYear": "2014", "period": "FY", "revenue": 2453100000, "costOfRevenue": 1546200000, "grossProfit": 906900000, "grossProfitRatio": 0.3696954873, "researchAndDevelopmentExpenses": 0, "generalAndAdministrativeExpenses": 0, "sellingAndMarketingExpenses": 0, "sellingGeneralAndAdministrativeExpenses": 0, "otherExpenses": 3400000, "operatingExpenses": 367700000, "costAndExpenses": 1913900000, "interestIncome": 0, "interestExpense": 150800000, "depreciationAndAmortization": 281400000, "ebitda": 996600000, "ebitdaratio": 0.4062614651, "operatingIncome": 536800000, "operatingIncomeRatio": 0.21882516, "totalOtherIncomeExpensesNet": 180200000, "incomeBeforeTax": 568600000, "incomeBeforeTaxRatio": 0.2317883494, "incomeTaxExpense": 172800000, "netIncome": 395800000, "netIncomeRatio": 0.1613468672, "eps": 1.99, "epsdiluted": 1.98, "weightedAverageShsOut": 199200000, "weightedAverageShsOutDil": 199900000, "link": "https://www.sec.gov/Archives/edgar/data/1021635/000102163515000020/0001021635-15-000020-index.htm", "finalLink": "https://www.sec.gov/Archives/edgar/data/1021635/000102163515000020/a2014oge10-k.htm", "calculatedOtherExpenses": 370100000, "calculatedOperatingExpenses": 370100000, "calculatedNetInterest": -150800000, "calculatedOtherIncome": 182600000, "calculatedIncomeNonControlling": 0, "calculatedEbitda": 818200000}, {"date": "2013-12-31", "symbol": "OGE", "reportedCurrency": "USD", "cik": "0001021635", "fillingDate": "2014-02-25", "acceptedDate": "2014-02-25 08:20:18", "calendarYear": "2013", "period": "FY", "revenue": 2867700000, "costOfRevenue": 1918100000, "grossProfit": 949600000, "grossProfitRatio": 0.3311364508, "researchAndDevelopmentExpenses": 0, "generalAndAdministrativeExpenses": 0, "sellingAndMarketingExpenses": 0, "sellingGeneralAndAdministrativeExpenses": 0, "otherExpenses": 9600000, "operatingExpenses": 396100000, "costAndExpenses": 2314200000, "interestIncome": 0, "interestExpense": 147500000, "depreciationAndAmortization": 298600000, "ebitda": 963600000, "ebitdaratio": 0.336018412, "operatingIncome": 553500000, "operatingIncomeRatio": 0.1930118213, "totalOtherIncomeExpensesNet": 118100000, "incomeBeforeTax": 524100000, "incomeBeforeTaxRatio": 0.1827597029, "incomeTaxExpense": 130300000, "netIncome": 387600000, "netIncomeRatio": 0.1351605817, "eps": 1.96, "epsdiluted": 1.94, "weightedAverageShsOut": 198200000, "weightedAverageShsOutDil": 199400000, "link": "https://www.sec.gov/Archives/edgar/data/1021635/000102163514000027/0001021635-14-000027-index.htm", "finalLink": "https://www.sec.gov/Archives/edgar/data/1021635/000102163514000027/a2013oge10-k.htm", "calculatedOtherExpenses": 396100000, "calculatedOperatingExpenses": 396100000, "calculatedNetInterest": -147500000, "calculatedOtherIncome": 118100000, "calculatedIncomeNonControlling": 6200000, "calculatedEbitda": 852100000}, {"date": "2012-12-31", "symbol": "OGE", "reportedCurrency": "USD", "cik": "0001021635", "fillingDate": "2013-02-27", "acceptedDate": "2013-02-27 08:26:15", "calendarYear": "2012", "period": "FY", "revenue": 3671200000, "costOfRevenue": 2520200000, "grossProfit": 1151000000, "grossProfitRatio": 0.3135214644, "researchAndDevelopmentExpenses": 0, "generalAndAdministrativeExpenses": 0, "sellingAndMarketingExpenses": 0, "sellingGeneralAndAdministrativeExpenses": 7500000, "otherExpenses": 500000, "operatingExpenses": 481200000, "costAndExpenses": 3001400000, "interestIncome": 600000, "interestExpense": 164100000, "depreciationAndAmortization": 374800000, "ebitda": 1045700000, "ebitdaratio": 0.2848387448, "operatingIncome": 676900000, "operatingIncomeRatio": 0.1843811288, "totalOtherIncomeExpensesNet": 13800000, "incomeBeforeTax": 520100000, "incomeBeforeTaxRatio": 0.1416702985, "incomeTaxExpense": 135100000, "netIncome": 355000000, "netIncomeRatio": 0.0966986272, "eps": 1.8, "epsdiluted": 1.79, "weightedAverageShsOut": 197100000, "weightedAverageShsOutDil": 198100000, "link": "https://www.sec.gov/Archives/edgar/data/1021635/000102163513000018/0001021635-13-000018-index.htm", "finalLink": "https://www.sec.gov/Archives/edgar/data/1021635/000102163513000018/a2012oge10-k.htm", "calculatedOtherExpenses": 466600000, "calculatedOperatingExpenses": 474100000, "calculatedNetInterest": -163500000, "calculatedOtherIncome": 6700000, "calculatedIncomeNonControlling": 30000000, "calculatedEbitda": 1051700000}, {"date": "2011-12-31", "symbol": "OGE", "reportedCurrency": "USD", "cik": "0001021635", "fillingDate": "2012-02-16", "acceptedDate": "2012-02-16 09:15:08", "calendarYear": "2011", "period": "FY", "revenue": 3915900000, "costOfRevenue": 2277900000, "grossProfit": 1638000000, "grossProfitRatio": 0.4182946449, "researchAndDevelopmentExpenses": 0, "generalAndAdministrativeExpenses": 0, "sellingAndMarketingExpenses": 0, "sellingGeneralAndAdministrativeExpenses": 0, "otherExpenses": 985000000, "operatingExpenses": 985000000, "costAndExpenses": 3262900000, "interestIncome": 500000, "interestExpense": 151300000, "depreciationAndAmortization": 307100000, "ebitda": 958000000, "ebitdaratio": 0.2446436324, "operatingIncome": 646700000, "operatingIncomeRatio": 0.1651472203, "totalOtherIncomeExpensesNet": 24700000, "incomeBeforeTax": 524300000, "incomeBeforeTaxRatio": 0.1338900381, "incomeTaxExpense": 160700000, "netIncome": 342900000, "netIncomeRatio": 0.0875660768, "eps": 1.75, "epsdiluted": 1.73, "weightedAverageShsOut": 195800000, "weightedAverageShsOutDil": 198500000, "link": "https://www.sec.gov/Archives/edgar/data/1021635/000102163512000006/0001021635-12-000006-index.htm", "finalLink": "https://www.sec.gov/Archives/edgar/data/1021635/000102163512000006/oge201110-k.htm", "calculatedOtherExpenses": 991300000, "calculatedOperatingExpenses": 991300000, "calculatedNetInterest": -150800000, "calculatedOtherIncome": 28400000, "calculatedIncomeNonControlling": 20700000, "calculatedEbitda": 953800000}, {"date": "2010-12-31", "symbol": "OGE", "reportedCurrency": "USD", "cik": "0001021635", "fillingDate": "2011-02-17", "acceptedDate": "2011-02-17 07:47:16", "calendarYear": "2010", "period": "FY", "revenue": 3716900000, "costOfRevenue": 2187400000, "grossProfit": 1529500000, "grossProfitRatio": 0.4114988297, "researchAndDevelopmentExpenses": 0, "generalAndAdministrativeExpenses": 0, "sellingAndMarketingExpenses": 0, "sellingGeneralAndAdministrativeExpenses": 0, "otherExpenses": 935600000, "operatingExpenses": 935600000, "costAndExpenses": 3123000000, "interestIncome": 0, "interestExpense": 139700000, "depreciationAndAmortization": 292400000, "ebitda": 886300000, "ebitdaratio": 0.2384513977, "operatingIncome": 593900000, "operatingIncomeRatio": 0.1597836907, "totalOtherIncomeExpensesNet": 7200000, "incomeBeforeTax": 461400000, "incomeBeforeTaxRatio": 0.1241357045, "incomeTaxExpense": 161000000, "netIncome": 295300000, "netIncomeRatio": 0.079447927, "eps": 1.52, "epsdiluted": 1.5, "weightedAverageShsOut": 194600000, "weightedAverageShsOutDil": 197800000, "link": "https://www.sec.gov/Archives/edgar/data/1021635/000102163511000004/0001021635-11-000004-index.htm", "finalLink": "https://www.sec.gov/Archives/edgar/data/1021635/000102163511000004/oge10k123110.htm", "calculatedOtherExpenses": 935600000, "calculatedOperatingExpenses": 935600000, "calculatedNetInterest": -139700000, "calculatedOtherIncome": 7200000, "calculatedIncomeNonControlling": 5100000, "calculatedEbitda": 886300000}, {"date": "2009-12-31", "symbol": "OGE", "reportedCurrency": "USD", "cik": "0001021635", "fillingDate": "2010-02-18", "acceptedDate": "2010-02-18 08:14:40", "calendarYear": "2009", "period": "FY", "revenue": 2869700000, "costOfRevenue": 1557700000, "grossProfit": 1312000000, "grossProfitRatio": 0.4571906471, "researchAndDevelopmentExpenses": 0, "generalAndAdministrativeExpenses": 0, "sellingAndMarketingExpenses": 0, "sellingGeneralAndAdministrativeExpenses": 0, "otherExpenses": 817000000, "operatingExpenses": 817000000, "costAndExpenses": 2374700000, "interestIncome": 1400000, "interestExpense": 137400000, "depreciationAndAmortization": 262600000, "ebitda": 759000000, "ebitdaratio": 0.2644875771, "operatingIncome": 491900000, "operatingIncomeRatio": 0.1714116458, "totalOtherIncomeExpensesNet": 23200000, "incomeBeforeTax": 382200000, "incomeBeforeTaxRatio": 0.1331846534, "incomeTaxExpense": 121100000, "netIncome": 258300000, "netIncomeRatio": 0.0900094086, "eps": 1.34, "epsdiluted": 1.33, "weightedAverageShsOut": 192400000, "weightedAverageShsOutDil": 194400000, "link": "https://www.sec.gov/Archives/edgar/data/1021635/000102163510000011/0001021635-10-000011-index.htm", "finalLink": "https://www.sec.gov/Archives/edgar/data/1021635/000102163510000011/redone10k.htm", "calculatedOtherExpenses": 820100000, "calculatedOperatingExpenses": 820100000, "calculatedNetInterest": -136000000, "calculatedOtherIncome": 26300000, "calculatedIncomeNonControlling": 2800000, "calculatedEbitda": 754500000}, {"date": "2008-12-31", "symbol": "OGE", "reportedCurrency": "USD", "cik": "0001021635", "fillingDate": "2009-02-13", "acceptedDate": "2009-02-13 08:15:26", "calendarYear": "2008", "period": "FY", "revenue": 4070700000, "costOfRevenue": 2818000000, "grossProfit": 1252700000, "grossProfitRatio": 0.3077357703, "researchAndDevelopmentExpenses": 0, "generalAndAdministrativeExpenses": 0, "sellingAndMarketingExpenses": 0, "sellingGeneralAndAdministrativeExpenses": 0, "otherExpenses": 790600000, "operatingExpenses": 790600000, "costAndExpenses": 3608600000, "interestIncome": 6700000, "interestExpense": 120000000, "depreciationAndAmortization": 217500000, "ebitda": 695800000, "ebitdaratio": 0.1709288329, "operatingIncome": 462100000, "operatingIncomeRatio": 0.1135185595, "totalOtherIncomeExpensesNet": -16200000, "incomeBeforeTax": 332600000, "incomeBeforeTaxRatio": 0.0817058491, "incomeTaxExpense": 101200000, "netIncome": 231400000, "netIncomeRatio": 0.05684526, "eps": 1.25, "epsdiluted": 1.25, "weightedAverageShsOut": 184800000, "weightedAverageShsOutDil": 185600000, "link": "https://www.sec.gov/Archives/edgar/data/1021635/000102163509000076/0001021635-09-000076-index.htm", "finalLink": "https://www.sec.gov/Archives/edgar/data/1021635/000102163509000076/oge10k123108.htm", "calculatedOtherExpenses": 790600000, "calculatedOperatingExpenses": 790600000, "calculatedNetInterest": -113300000, "calculatedOtherIncome": -16200000, "calculatedIncomeNonControlling": 0, "calculatedEbitda": 679600000}, {"date": "2007-12-31", "symbol": "OGE", "reportedCurrency": "USD", "cik": "0001021635", "fillingDate": "2008-02-28", "acceptedDate": "2008-02-28 08:24:38", "calendarYear": "2007", "period": "FY", "revenue": 3797600000, "costOfRevenue": 2634700000, "grossProfit": 1162900000, "grossProfitRatio": 0.3062197177, "researchAndDevelopmentExpenses": 0, "generalAndAdministrativeExpenses": 0, "sellingAndMarketingExpenses": 0, "sellingGeneralAndAdministrativeExpenses": 0, "otherExpenses": 707600000, "operatingExpenses": 707600000, "costAndExpenses": 3342300000, "interestIncome": 2100000, "interestExpense": 90200000, "depreciationAndAmortization": 195300000, "ebitda": 656900000, "ebitdaratio": 0.1729776701, "operatingIncome": 455300000, "operatingIncomeRatio": 0.1198915104, "totalOtherIncomeExpensesNet": -6300000, "incomeBeforeTax": 360900000, "incomeBeforeTaxRatio": 0.0950337055, "incomeTaxExpense": 116700000, "netIncome": 244200000, "netIncomeRatio": 0.0643037708, "eps": 1.33, "epsdiluted": 1.32, "weightedAverageShsOut": 183400000, "weightedAverageShsOutDil": 185000000, "link": "https://www.sec.gov/Archives/edgar/data/1021635/000102163508000045/0001021635-08-000045-index.htm", "finalLink": "https://www.sec.gov/Archives/edgar/data/1021635/000102163508000045/oge10k123107.htm", "calculatedOtherExpenses": 707600000, "calculatedOperatingExpenses": 707600000, "calculatedNetInterest": -88100000, "calculatedOtherIncome": -6300000, "calculatedIncomeNonControlling": 0, "calculatedEbitda": 650600000}, {"date": "2006-12-31", "symbol": "OGE", "reportedCurrency": "USD", "cik": "0001021635", "fillingDate": "2007-02-16", "acceptedDate": "2007-02-16 08:06:42", "calendarYear": "2006", "period": "FY", "revenue": 4005600000, "costOfRevenue": 2902500000, "grossProfit": 1103100000, "grossProfitRatio": 0.2753894548, "researchAndDevelopmentExpenses": 0, "generalAndAdministrativeExpenses": 0, "sellingAndMarketingExpenses": 0, "sellingGeneralAndAdministrativeExpenses": 0, "otherExpenses": 670400000, "operatingExpenses": 670400000, "costAndExpenses": 3572900000, "interestIncome": 6200000, "interestExpense": 96000000, "depreciationAndAmortization": 181400000, "ebitda": 614500000, "ebitdaratio": 0.1534102257, "operatingIncome": 432700000, "operatingIncomeRatio": 0.1080237667, "totalOtherIncomeExpensesNet": -400000, "incomeBeforeTax": 346600000, "incomeBeforeTaxRatio": 0.0865288596, "incomeTaxExpense": 120500000, "netIncome": 262100000, "netIncomeRatio": 0.0654333932, "eps": 1.44, "epsdiluted": 1.42, "weightedAverageShsOut": 182000000, "weightedAverageShsOutDil": 184200000, "link": "https://www.sec.gov/Archives/edgar/data/1021635/000102163507000042/0001021635-07-000042-index.htm", "finalLink": "https://www.sec.gov/Archives/edgar/data/1021635/000102163507000042/oge10k123106.htm", "calculatedOtherExpenses": 670400000, "calculatedOperatingExpenses": 670400000, "calculatedNetInterest": -89800000, "calculatedOtherIncome": 3700000, "calculatedIncomeNonControlling": -36000000, "calculatedEbitda": 614100000}, {"date": "2005-12-31", "symbol": "OGE", "reportedCurrency": "USD", "cik": "0001021635", "fillingDate": "2006-02-24", "acceptedDate": "2006-02-24 07:17:00", "calendarYear": "2005", "period": "FY", "revenue": 5948200000, "costOfRevenue": 4963100000, "grossProfit": 985100000, "grossProfitRatio": 0.1656131267, "researchAndDevelopmentExpenses": 0, "generalAndAdministrativeExpenses": 0, "sellingAndMarketingExpenses": 0, "sellingGeneralAndAdministrativeExpenses": 0, "otherExpenses": 654600000, "operatingExpenses": 654600000, "costAndExpenses": 5617700000, "interestIncome": 3500000, "interestExpense": 92500000, "depreciationAndAmortization": 186100000, "ebitda": 522400000, "ebitdaratio": 0.0878248882, "operatingIncome": 330500000, "operatingIncomeRatio": 0.0555630275, "totalOtherIncomeExpensesNet": -5800000, "incomeBeforeTax": 237900000, "incomeBeforeTaxRatio": 0.0399952927, "incomeTaxExpense": 71800000, "netIncome": 211000000, "netIncomeRatio": 0.0354729162, "eps": 1.17, "epsdiluted": 1.16, "weightedAverageShsOut": 180341880, "weightedAverageShsOutDil": 181896552, "link": "https://www.sec.gov/Archives/edgar/data/1021635/000102163506000039/0001021635-06-000039-index.htm", "finalLink": "https://www.sec.gov/Archives/edgar/data/1021635/000102163506000039/oge10k123105.htm", "calculatedOtherExpenses": 654600000, "calculatedOperatingExpenses": 654600000, "calculatedNetInterest": -89000000, "calculatedOtherIncome": -3600000, "calculatedIncomeNonControlling": -44900000, "calculatedEbitda": 516600000}, {"date": "2004-12-31", "symbol": "OGE", "reportedCurrency": "USD", "cik": "0001021635", "fillingDate": "2005-02-25", "acceptedDate": "2005-02-25 08:06:41", "calendarYear": "2004", "period": "FY", "revenue": 4926600000, "costOfRevenue": 0, "grossProfit": 4926600000, "grossProfitRatio": 1, "researchAndDevelopmentExpenses": 0, "generalAndAdministrativeExpenses": 0, "sellingAndMarketingExpenses": 0, "sellingGeneralAndAdministrativeExpenses": 0, "otherExpenses": 4609100000, "operatingExpenses": 4609100000, "costAndExpenses": 4609100000, "interestIncome": 5200000, "interestExpense": 97800000, "depreciationAndAmortization": 178600000, "ebitda": 489500000, "ebitdaratio": 0.099358584, "operatingIncome": 317500000, "operatingIncomeRatio": 0.0644460683, "totalOtherIncomeExpensesNet": 6600000, "incomeBeforeTax": 233200000, "incomeBeforeTaxRatio": 0.047334876, "incomeTaxExpense": 80200000, "netIncome": 153500000, "netIncomeRatio": 0.0311573905, "eps": 0.87, "epsdiluted": 0.87, "weightedAverageShsOut": 176436782, "weightedAverageShsOutDil": 177456647, "link": "https://www.sec.gov/Archives/edgar/data/1021635/000102163505000037/0001021635-05-000037-index.htm", "finalLink": "https://www.sec.gov/Archives/edgar/data/1021635/000102163505000037/oge10k123104.htm", "calculatedOtherExpenses": 4609100000, "calculatedOperatingExpenses": 4609100000, "calculatedNetInterest": -92600000, "calculatedOtherIncome": 8300000, "calculatedIncomeNonControlling": -500000, "calculatedEbitda": 496100000}, {"date": "2003-12-31", "symbol": "OGE", "reportedCurrency": "USD", "cik": "0001021635", "fillingDate": "2004-03-08", "acceptedDate": "2004-03-08 16:46:48", "calendarYear": "2003", "period": "FY", "revenue": 3779000000, "costOfRevenue": 2846000000, "grossProfit": 933000000, "grossProfitRatio": 0.2468907118, "researchAndDevelopmentExpenses": 0, "generalAndAdministrativeExpenses": 0, "sellingAndMarketingExpenses": 0, "sellingGeneralAndAdministrativeExpenses": 0, "otherExpenses": 626100000, "operatingExpenses": 626100000, "costAndExpenses": 3472100000, "interestIncome": 1300000, "interestExpense": 98500000, "depreciationAndAmortization": 176900000, "ebitda": 484700000, "ebitdaratio": 0.1282614448, "operatingIncome": 306900000, "operatingIncomeRatio": 0.0812119608, "totalOtherIncomeExpensesNet": -900000, "incomeBeforeTax": 209300000, "incomeBeforeTaxRatio": 0.0553850225, "incomeTaxExpense": 73700000, "netIncome": 129800000, "netIncomeRatio": 0.034347711, "eps": 0.8, "epsdiluted": 0.79, "weightedAverageShsOut": 163270440, "weightedAverageShsOutDil": 164303797, "link": "https://www.sec.gov/Archives/edgar/data/1021635/000102163504000075/0001021635-04-000075-index.htm", "finalLink": "https://www.sec.gov/Archives/edgar/data/1021635/000102163504000075/oge10k123103.htm", "calculatedOtherExpenses": 626100000, "calculatedOperatingExpenses": 626100000, "calculatedNetInterest": -97200000, "calculatedOtherIncome": -400000, "calculatedIncomeNonControlling": 5800000, "calculatedEbitda": 483800000}, {"date": "2002-12-31", "symbol": "OGE", "reportedCurrency": "USD", "cik": "0001021635", "fillingDate": "2003-03-26", "acceptedDate": "2003-03-26 08:34:37", "calendarYear": "2002", "period": "FY", "revenue": 3023900000, "costOfRevenue": 0, "grossProfit": 3023900000, "grossProfitRatio": 1, "researchAndDevelopmentExpenses": 0, "generalAndAdministrativeExpenses": 0, "sellingAndMarketingExpenses": 0, "sellingGeneralAndAdministrativeExpenses": 0, "otherExpenses": 2788200000, "operatingExpenses": 2788200000, "costAndExpenses": 2788200000, "interestIncome": 1700000, "interestExpense": 111700000, "depreciationAndAmortization": 182500000, "ebitda": 419200000, "ebitdaratio": 0.1386289229, "operatingIncome": 235700000, "operatingIncomeRatio": 0.0779456993, "totalOtherIncomeExpensesNet": -1000000, "incomeBeforeTax": 125600000, "incomeBeforeTaxRatio": 0.0415357651, "incomeTaxExpense": 44600000, "netIncome": 90800000, "netIncomeRatio": 0.030027448, "eps": 0.58, "epsdiluted": 0.58, "weightedAverageShsOut": 156551724, "weightedAverageShsOutDil": 156551724, "link": "https://www.sec.gov/Archives/edgar/data/1021635/000102163503000012/0001021635-03-000012-index.htm", "finalLink": "https://www.sec.gov/Archives/edgar/data/1021635/000102163503000012/oge10k02.htm", "calculatedOtherExpenses": 2788200000, "calculatedOperatingExpenses": 2788200000, "calculatedNetInterest": -110000000, "calculatedOtherIncome": -100000, "calculatedIncomeNonControlling": -9800000, "calculatedEbitda": 418200000}, {"date": "2001-12-31", "symbol": "OGE", "reportedCurrency": "USD", "cik": "0001021635", "fillingDate": "2002-03-28", "acceptedDate": "2002-03-28 00:00:00", "calendarYear": "2001", "period": "FY", "revenue": 3182363000, "costOfRevenue": 0, "grossProfit": 3182363000, "grossProfitRatio": 1, "researchAndDevelopmentExpenses": 0, "generalAndAdministrativeExpenses": 0, "sellingAndMarketingExpenses": 0, "sellingGeneralAndAdministrativeExpenses": 0, "otherExpenses": 2904348000, "operatingExpenses": 2904348000, "costAndExpenses": 2904348000, "interestIncome": 4401000, "interestExpense": 127236000, "depreciationAndAmortization": 181224000, "ebitda": 461265000, "ebitdaratio": 0.1449441814, "operatingIncome": 278015000, "operatingIncomeRatio": 0.0873611841, "totalOtherIncomeExpensesNet": -2026000, "incomeBeforeTax": 153154000, "incomeBeforeTaxRatio": 0.0481258738, "incomeTaxExpense": 52583000, "netIncome": 100571000, "netIncomeRatio": 0.0316026173, "eps": 0.65, "epsdiluted": 0.65, "weightedAverageShsOut": 155968992, "weightedAverageShsOutDil": 155968992, "link": "https://www.sec.gov/Archives/edgar/data/1021635/000007414502000009/0000074145-02-000009-index.htm", "finalLink": "https://www.sec.gov/Archives/edgar/data/1021635/000007414502000009/oge10k2001.htm", "calculatedOtherExpenses": 2904348000, "calculatedOperatingExpenses": 2904348000, "calculatedNetInterest": -122835000, "calculatedOtherIncome": -2026000, "calculatedIncomeNonControlling": 0, "calculatedEbitda": 459239000}, {"date": "2000-12-31", "symbol": "OGE", "reportedCurrency": "USD", "cik": "0001021635", "fillingDate": "2001-03-26", "acceptedDate": "2001-03-26 00:00:00", "calendarYear": "2000", "period": "FY", "revenue": 3298727000, "costOfRevenue": 2173026000, "grossProfit": 1125701000, "grossProfitRatio": 0.3412531561, "researchAndDevelopmentExpenses": 0, "generalAndAdministrativeExpenses": 0, "sellingAndMarketingExpenses": 0, "sellingGeneralAndAdministrativeExpenses": 0, "otherExpenses": 775880000, "operatingExpenses": 775880000, "costAndExpenses": 2948906000, "interestIncome": 3788000, "interestExpense": 132664000, "depreciationAndAmortization": 176144000, "ebitda": 523370000, "ebitdaratio": 0.1586581733, "operatingIncome": 349821000, "operatingIncomeRatio": 0.1060472722, "totalOtherIncomeExpensesNet": 2595000, "incomeBeforeTax": 223540000, "incomeBeforeTaxRatio": 0.067765535, "incomeTaxExpense": 76505000, "netIncome": 147035000, "netIncomeRatio": 0.0445732551, "eps": 0.95, "epsdiluted": 0.95, "weightedAverageShsOut": 155592593, "weightedAverageShsOutDil": 155592593, "link": "https://www.sec.gov/Archives/edgar/data/1021635/000102163501000010/0001021635-01-000010-index.htm", "finalLink": "https://www.sec.gov/Archives/edgar/data/1021635/000102163501000010/0001021635-01-000010-0001.htm", "calculatedOtherExpenses": 775880000, "calculatedOperatingExpenses": 775880000, "calculatedNetInterest": -128876000, "calculatedOtherIncome": 2595000, "calculatedIncomeNonControlling": 0, "calculatedEbitda": 525965000}, {"date": "1999-12-31", "symbol": "OGE", "reportedCurrency": "USD", "cik": "0001021635", "fillingDate": "2000-03-27", "acceptedDate": "2000-03-27 00:00:00", "calendarYear": "1999", "period": "FY", "revenue": 2172400000, "costOfRevenue": 1230800000, "grossProfit": 941600000, "grossProfitRatio": 0.4334376726, "researchAndDevelopmentExpenses": 0, "generalAndAdministrativeExpenses": 0, "sellingAndMarketingExpenses": 0, "sellingGeneralAndAdministrativeExpenses": 0, "otherExpenses": 603400000, "operatingExpenses": 603400000, "costAndExpenses": 1834200000, "interestIncome": 0, "interestExpense": 0, "depreciationAndAmortization": 161700000, "ebitda": 499900000, "ebitdaratio": 0.2301141595, "operatingIncome": 338200000, "operatingIncomeRatio": 0.1556803535, "totalOtherIncomeExpensesNet": 3300000, "incomeBeforeTax": 241200000, "incomeBeforeTaxRatio": 0.1110292764, "incomeTaxExpense": 89900000, "netIncome": 151300000, "netIncomeRatio": 0.0696464739, "eps": 0.97, "epsdiluted": 0.97, "weightedAverageShsOut": 155979381, "weightedAverageShsOutDil": 155979381, "link": "https://www.sec.gov/Archives/edgar/data/1021635/000102163500000006/0001021635-00-000006-index.html", "finalLink": "https://www.sec.gov/Archives/edgar/data/1021635/000102163500000006/", "calculatedOtherExpenses": 603400000, "calculatedOperatingExpenses": 603400000, "calculatedNetInterest": 0, "calculatedOtherIncome": -97000000, "calculatedIncomeNonControlling": 0, "calculatedEbitda": 499900000}, {"date": "1998-12-31", "symbol": "OGE", "reportedCurrency": "USD", "cik": "0001021635", "fillingDate": "1999-03-30", "acceptedDate": "1999-03-30 00:00:00", "calendarYear": "1998", "period": "FY", "revenue": 1617800000, "costOfRevenue": 772100000, "grossProfit": 845700000, "grossProfitRatio": 0.5227469403, "researchAndDevelopmentExpenses": 0, "generalAndAdministrativeExpenses": 0, "sellingAndMarketingExpenses": 0, "sellingGeneralAndAdministrativeExpenses": 0, "otherExpenses": 506100000, "operatingExpenses": 506100000, "costAndExpenses": 1278200000, "interestIncome": 3600000, "interestExpense": 71800000, "depreciationAndAmortization": 147600000, "ebitda": 487200000, "ebitdaratio": 0.3011497095, "operatingIncome": 339600000, "operatingIncomeRatio": 0.209914699, "totalOtherIncomeExpensesNet": 2200000, "incomeBeforeTax": 274500000, "incomeBeforeTaxRatio": 0.1696748671, "incomeTaxExpense": 108600000, "netIncome": 165900000, "netIncomeRatio": 0.1025466683, "eps": 1.02, "epsdiluted": 1.02, "weightedAverageShsOut": 161960784, "weightedAverageShsOutDil": 162198953, "link": "https://www.sec.gov/Archives/edgar/data/1021635/000102163599000007/0001021635-99-000007-index.html", "finalLink": "https://www.sec.gov/Archives/edgar/data/1021635/", "calculatedOtherExpenses": 506100000, "calculatedOperatingExpenses": 506100000, "calculatedNetInterest": -68200000, "calculatedOtherIncome": 3100000, "calculatedIncomeNonControlling": 0, "calculatedEbitda": 487200000}, {"date": "1997-12-31", "symbol": "OGE", "reportedCurrency": "USD", "cik": "0001021635", "fillingDate": "1998-03-31", "acceptedDate": "1998-03-31 00:00:00", "calendarYear": "1997", "period": "FY", "revenue": 1472300000, "costOfRevenue": 701800000, "grossProfit": 770500000, "grossProfitRatio": 0.5233308429, "researchAndDevelopmentExpenses": 0, "generalAndAdministrativeExpenses": 0, "sellingAndMarketingExpenses": 0, "sellingGeneralAndAdministrativeExpenses": 0, "otherExpenses": 502100000, "operatingExpenses": 502100000, "costAndExpenses": 1203900000, "interestIncome": 0, "interestExpense": 0, "depreciationAndAmortization": 141400000, "ebitda": 409800000, "ebitdaratio": 0.2783400122, "operatingIncome": 268400000, "operatingIncomeRatio": 0.182299803, "totalOtherIncomeExpensesNet": 1200000, "incomeBeforeTax": 207000000, "incomeBeforeTaxRatio": 0.1405963459, "incomeTaxExpense": 74400000, "netIncome": 132600000, "netIncomeRatio": 0.0900631665, "eps": 0.81, "epsdiluted": 0.81, "weightedAverageShsOut": 160864198, "weightedAverageShsOutDil": 160864198, "link": "https://www.sec.gov/Archives/edgar/data/1021635/000102163598000010/0001021635-98-000010-index.html", "finalLink": "https://www.sec.gov/Archives/edgar/data/1021635/", "calculatedOtherExpenses": 502100000, "calculatedOperatingExpenses": 502100000, "calculatedNetInterest": 0, "calculatedOtherIncome": -61400000, "calculatedIncomeNonControlling": 0, "calculatedEbitda": 409800000}, {"date": "1996-12-31", "symbol": "OGE", "reportedCurrency": "USD", "cik": "0001021635", "fillingDate": "1997-03-24", "acceptedDate": "1997-03-24 00:00:00", "calendarYear": "1996", "period": "FY", "revenue": 1387400000, "costOfRevenue": 618500000, "grossProfit": 768900000, "grossProfitRatio": 0.5542021047, "researchAndDevelopmentExpenses": 0, "generalAndAdministrativeExpenses": 0, "sellingAndMarketingExpenses": 0, "sellingGeneralAndAdministrativeExpenses": 0, "otherExpenses": 489500000, "operatingExpenses": 489500000, "costAndExpenses": 1108000000, "interestIncome": 2200000, "interestExpense": 68700000, "depreciationAndAmortization": 138200000, "ebitda": 417600000, "ebitdaratio": 0.3009946663, "operatingIncome": 279400000, "operatingIncomeRatio": 0.2013838835, "totalOtherIncomeExpensesNet": -2100000, "incomeBeforeTax": 211500000, "incomeBeforeTaxRatio": 0.1524434193, "incomeTaxExpense": 78200000, "netIncome": 133300000, "netIncomeRatio": 0.0960789967, "eps": 0.81, "epsdiluted": 0.81, "weightedAverageShsOut": 161728395, "weightedAverageShsOutDil": 161728395, "link": "https://www.sec.gov/Archives/edgar/data/1021635/000102163597000008/0001021635-97-000008-index.html", "finalLink": "https://www.sec.gov/Archives/edgar/data/1021635/", "calculatedOtherExpenses": 489500000, "calculatedOperatingExpenses": 489500000, "calculatedNetInterest": -66500000, "calculatedOtherIncome": -1400000, "calculatedIncomeNonControlling": 0, "calculatedEbitda": 417600000}, {"date": "1995-12-31", "symbol": "OGE", "reportedCurrency": "USD", "cik": "0001021635", "fillingDate": "1995-12-31", "acceptedDate": "1995-12-30 19:00:00", "calendarYear": "1995", "period": "FY", "revenue": 1302100000, "costOfRevenue": 564300000, "grossProfit": 737800000, "grossProfitRatio": 0.5666231472, "researchAndDevelopmentExpenses": 0, "generalAndAdministrativeExpenses": 0, "sellingAndMarketingExpenses": 0, "sellingGeneralAndAdministrativeExpenses": 0, "otherExpenses": 466800000, "operatingExpenses": 466800000, "costAndExpenses": 1031100000, "interestIncome": 4400000, "interestExpense": 78900000, "depreciationAndAmortization": 135700000, "ebitda": 406700000, "ebitdaratio": 0.312341602, "operatingIncome": 271000000, "operatingIncomeRatio": 0.208125336, "totalOtherIncomeExpensesNet": -3600000, "incomeBeforeTax": 194100000, "incomeBeforeTaxRatio": 0.1490668919, "incomeTaxExpense": 68800000, "netIncome": 125300000, "netIncomeRatio": 0.0962291683, "eps": 0.77, "epsdiluted": 0.77, "weightedAverageShsOut": 160784314, "weightedAverageShsOutDil": 160784314, "link": "", "finalLink": "", "calculatedOtherExpenses": 466800000, "calculatedOperatingExpenses": 466800000, "calculatedNetInterest": -74500000, "calculatedOtherIncome": -2400000, "calculatedIncomeNonControlling": 0, "calculatedEbitda": 406700000}, {"date": "1994-12-31", "symbol": "OGE", "reportedCurrency": "USD", "cik": "0001021635", "fillingDate": "1994-12-31", "acceptedDate": "1994-12-30 19:00:00", "calendarYear": "1994", "period": "FY", "revenue": 1355200000, "costOfRevenue": 606000000, "grossProfit": 749200000, "grossProfitRatio": 0.5528335301, "researchAndDevelopmentExpenses": 0, "generalAndAdministrativeExpenses": 0, "sellingAndMarketingExpenses": 0, "sellingGeneralAndAdministrativeExpenses": 0, "otherExpenses": 476600000, "operatingExpenses": 476600000, "costAndExpenses": 1082600000, "interestIncome": 3400000, "interestExpense": 75600000, "depreciationAndAmortization": 132000000, "ebitda": 404600000, "ebitdaratio": 0.298553719, "operatingIncome": 272600000, "operatingIncomeRatio": 0.2011511216, "totalOtherIncomeExpensesNet": -5600000, "incomeBeforeTax": 195800000, "incomeBeforeTaxRatio": 0.1444805195, "incomeTaxExpense": 72000000, "netIncome": 123800000, "netIncomeRatio": 0.09135183, "eps": 0.76, "epsdiluted": 0.76, "weightedAverageShsOut": 160927152, "weightedAverageShsOutDil": 160927152, "link": "", "finalLink": "", "calculatedOtherExpenses": 476600000, "calculatedOperatingExpenses": 476600000, "calculatedNetInterest": -72200000, "calculatedOtherIncome": -4600000, "calculatedIncomeNonControlling": 0, "calculatedEbitda": 404600000}, {"date": "1993-12-31", "symbol": "OGE", "reportedCurrency": "USD", "cik": "0001021635", "fillingDate": "1993-12-31", "acceptedDate": "1993-12-30 19:00:00", "calendarYear": "1993", "period": "FY", "revenue": 1447300000, "costOfRevenue": 0, "grossProfit": 1447300000, "grossProfitRatio": 1, "researchAndDevelopmentExpenses": 0, "generalAndAdministrativeExpenses": 0, "sellingAndMarketingExpenses": 0, "sellingGeneralAndAdministrativeExpenses": 0, "otherExpenses": 0, "operatingExpenses": 0, "costAndExpenses": 0, "interestIncome": 0, "interestExpense": 0, "depreciationAndAmortization": 0, "ebitda": 1447300000, "ebitdaratio": 1, "operatingIncome": 1447300000, "operatingIncomeRatio": 1, "totalOtherIncomeExpensesNet": 0, "incomeBeforeTax": 0, "incomeBeforeTaxRatio": 0, "incomeTaxExpense": -114300000, "netIncome": 114300000, "netIncomeRatio": 0.0789746424, "eps": 0.7, "epsdiluted": 0.7, "weightedAverageShsOut": 161151079, "weightedAverageShsOutDil": 161151079, "link": "", "finalLink": "", "calculatedOtherExpenses": 0, "calculatedOperatingExpenses": 0, "calculatedNetInterest": 0, "calculatedOtherIncome": -1447300000, "calculatedIncomeNonControlling": 0, "calculatedEbitda": 1447300000}, {"date": "1992-12-31", "symbol": "OGE", "reportedCurrency": "USD", "cik": "0001021635", "fillingDate": "1992-12-31", "acceptedDate": "1992-12-30 19:00:00", "calendarYear": "1992", "period": "FY", "revenue": 1315000000, "costOfRevenue": 0, "grossProfit": 1315000000, "grossProfitRatio": 1, "researchAndDevelopmentExpenses": 0, "generalAndAdministrativeExpenses": 0, "sellingAndMarketingExpenses": 0, "sellingGeneralAndAdministrativeExpenses": 0, "otherExpenses": 0, "operatingExpenses": 0, "costAndExpenses": 0, "interestIncome": 0, "interestExpense": 0, "depreciationAndAmortization": 0, "ebitda": 1315000000, "ebitdaratio": 1, "operatingIncome": 1315000000, "operatingIncomeRatio": 1, "totalOtherIncomeExpensesNet": 0, "incomeBeforeTax": 0, "incomeBeforeTaxRatio": 0, "incomeTaxExpense": -99700000, "netIncome": 99700000, "netIncomeRatio": 0.0758174905, "eps": 0.61, "epsdiluted": 0.61, "weightedAverageShsOut": 160991736, "weightedAverageShsOutDil": 160991736, "link": "", "finalLink": "", "calculatedOtherExpenses": 0, "calculatedOperatingExpenses": 0, "calculatedNetInterest": 0, "calculatedOtherIncome": -1315000000, "calculatedIncomeNonControlling": 0, "calculatedEbitda": 1315000000}, {"date": "1991-12-31", "symbol": "OGE", "reportedCurrency": "USD", "cik": "0001021635", "fillingDate": "1991-12-31", "acceptedDate": "1991-12-30 19:00:00", "calendarYear": "1991", "period": "FY", "revenue": 1314800000, "costOfRevenue": 0, "grossProfit": 1314800000, "grossProfitRatio": 1, "researchAndDevelopmentExpenses": 0, "generalAndAdministrativeExpenses": 0, "sellingAndMarketingExpenses": 0, "sellingGeneralAndAdministrativeExpenses": 0, "otherExpenses": 0, "operatingExpenses": 0, "costAndExpenses": 0, "interestIncome": 0, "interestExpense": 0, "depreciationAndAmortization": 0, "ebitda": 1314800000, "ebitdaratio": 1, "operatingIncome": 1314800000, "operatingIncomeRatio": 1, "totalOtherIncomeExpensesNet": 0, "incomeBeforeTax": 0, "incomeBeforeTaxRatio": 0, "incomeTaxExpense": -133900000, "netIncome": 133900000, "netIncomeRatio": 0.1018405841, "eps": 0.82, "epsdiluted": 0.82, "weightedAverageShsOut": 160487805, "weightedAverageShsOutDil": 160487805, "link": "", "finalLink": "", "calculatedOtherExpenses": 0, "calculatedOperatingExpenses": 0, "calculatedNetInterest": 0, "calculatedOtherIncome": -1314800000, "calculatedIncomeNonControlling": 0, "calculatedEbitda": 1314800000}, {"date": "1990-12-31", "symbol": "OGE", "reportedCurrency": "USD", "cik": "0001021635", "fillingDate": "1990-12-31", "acceptedDate": "1990-12-30 19:00:00", "calendarYear": "1990", "period": "FY", "revenue": 1230800000, "costOfRevenue": 0, "grossProfit": 1230800000, "grossProfitRatio": 1, "researchAndDevelopmentExpenses": 0, "generalAndAdministrativeExpenses": 0, "sellingAndMarketingExpenses": 0, "sellingGeneralAndAdministrativeExpenses": 0, "otherExpenses": 0, "operatingExpenses": 0, "costAndExpenses": 0, "interestIncome": 0, "interestExpense": 0, "depreciationAndAmortization": 0, "ebitda": 1230800000, "ebitdaratio": 1, "operatingIncome": 1230800000, "operatingIncomeRatio": 1, "totalOtherIncomeExpensesNet": 0, "incomeBeforeTax": 0, "incomeBeforeTaxRatio": 0, "incomeTaxExpense": -139200000, "netIncome": 139200000, "netIncomeRatio": 0.1130971726, "eps": 0.85, "epsdiluted": 0.85, "weightedAverageShsOut": 161775148, "weightedAverageShsOutDil": 161775148, "link": "", "finalLink": "", "calculatedOtherExpenses": 0, "calculatedOperatingExpenses": 0, "calculatedNetInterest": 0, "calculatedOtherIncome": -1230800000, "calculatedIncomeNonControlling": 0, "calculatedEbitda": 1230800000}, {"date": "1989-12-31", "symbol": "OGE", "reportedCurrency": "USD", "cik": "0001021635", "fillingDate": "1989-12-31", "acceptedDate": "1989-12-30 19:00:00", "calendarYear": "1989", "period": "FY", "revenue": 1141300000, "costOfRevenue": 0, "grossProfit": 1141300000, "grossProfitRatio": 1, "researchAndDevelopmentExpenses": 0, "generalAndAdministrativeExpenses": 0, "sellingAndMarketingExpenses": 0, "sellingGeneralAndAdministrativeExpenses": 0, "otherExpenses": 0, "operatingExpenses": 0, "costAndExpenses": 0, "interestIncome": 0, "interestExpense": 0, "depreciationAndAmortization": 0, "ebitda": 1141300000, "ebitdaratio": 1, "operatingIncome": 1141300000, "operatingIncomeRatio": 1, "totalOtherIncomeExpensesNet": 0, "incomeBeforeTax": 0, "incomeBeforeTaxRatio": 0, "incomeTaxExpense": -129400000, "netIncome": 129400000, "netIncomeRatio": 0.1133794795, "eps": 0.77, "epsdiluted": 0.77, "weightedAverageShsOut": 165882353, "weightedAverageShsOutDil": 165882353, "link": "", "finalLink": "", "calculatedOtherExpenses": 0, "calculatedOperatingExpenses": 0, "calculatedNetInterest": 0, "calculatedOtherIncome": -1141300000, "calculatedIncomeNonControlling": 0, "calculatedEbitda": 1141300000}, {"date": "1988-12-31", "symbol": "OGE", "reportedCurrency": "USD", "cik": "0001021635", "fillingDate": "1988-12-31", "acceptedDate": "1988-12-30 19:00:00", "calendarYear": "1988", "period": "FY", "revenue": 1098200000, "costOfRevenue": 0, "grossProfit": 1098200000, "grossProfitRatio": 1, "researchAndDevelopmentExpenses": 0, "generalAndAdministrativeExpenses": 0, "sellingAndMarketingExpenses": 0, "sellingGeneralAndAdministrativeExpenses": 0, "otherExpenses": 0, "operatingExpenses": 0, "costAndExpenses": 0, "interestIncome": 0, "interestExpense": 0, "depreciationAndAmortization": 0, "ebitda": 1098200000, "ebitdaratio": 1, "operatingIncome": 1098200000, "operatingIncomeRatio": 1, "totalOtherIncomeExpensesNet": 0, "incomeBeforeTax": 0, "incomeBeforeTaxRatio": 0, "incomeTaxExpense": -137800000, "netIncome": 137800000, "netIncomeRatio": 0.125478055, "eps": 0.8, "epsdiluted": 0.8, "weightedAverageShsOut": 169125000, "weightedAverageShsOutDil": 169125000, "link": "", "finalLink": "", "calculatedOtherExpenses": 0, "calculatedOperatingExpenses": 0, "calculatedNetInterest": 0, "calculatedOtherIncome": -1098200000, "calculatedIncomeNonControlling": 0, "calculatedEbitda": 1098200000}, {"date": "1987-12-31", "symbol": "OGE", "reportedCurrency": "USD", "cik": "0001021635", "fillingDate": "1987-12-31", "acceptedDate": "1987-12-30 19:00:00", "calendarYear": "1987", "period": "FY", "revenue": 1064500000, "costOfRevenue": 0, "grossProfit": 1064500000, "grossProfitRatio": 1, "researchAndDevelopmentExpenses": 0, "generalAndAdministrativeExpenses": 0, "sellingAndMarketingExpenses": 0, "sellingGeneralAndAdministrativeExpenses": 0, "otherExpenses": 0, "operatingExpenses": 0, "costAndExpenses": 0, "interestIncome": 0, "interestExpense": 0, "depreciationAndAmortization": 0, "ebitda": 1064500000, "ebitdaratio": 1, "operatingIncome": 1064500000, "operatingIncomeRatio": 1, "totalOtherIncomeExpensesNet": 0, "incomeBeforeTax": 0, "incomeBeforeTaxRatio": 0, "incomeTaxExpense": -114000000, "netIncome": 114000000, "netIncomeRatio": 0.1070925317, "eps": 0.65, "epsdiluted": 0.65, "weightedAverageShsOut": 171538462, "weightedAverageShsOutDil": 171538462, "link": "", "finalLink": "", "calculatedOtherExpenses": 0, "calculatedOperatingExpenses": 0, "calculatedNetInterest": 0, "calculatedOtherIncome": -1064500000, "calculatedIncomeNonControlling": 0, "calculatedEbitda": 1064500000}, {"date": "1986-12-31", "symbol": "OGE", "reportedCurrency": "USD", "cik": "0001021635", "fillingDate": "1986-12-31", "acceptedDate": "1986-12-30 19:00:00", "calendarYear": "1986", "period": "FY", "revenue": 1090900000, "costOfRevenue": 0, "grossProfit": 1090900000, "grossProfitRatio": 1, "researchAndDevelopmentExpenses": 0, "generalAndAdministrativeExpenses": 0, "sellingAndMarketingExpenses": 0, "sellingGeneralAndAdministrativeExpenses": 0, "otherExpenses": 0, "operatingExpenses": 0, "costAndExpenses": 0, "interestIncome": 0, "interestExpense": 0, "depreciationAndAmortization": 0, "ebitda": 1090900000, "ebitdaratio": 1, "operatingIncome": 1090900000, "operatingIncomeRatio": 1, "totalOtherIncomeExpensesNet": 0, "incomeBeforeTax": 0, "incomeBeforeTaxRatio": 0, "incomeTaxExpense": -126300000, "netIncome": 126300000, "netIncomeRatio": 0.1157759648, "eps": 0.69, "epsdiluted": 0.69, "weightedAverageShsOut": 172608696, "weightedAverageShsOutDil": 172608696, "link": "", "finalLink": "", "calculatedOtherExpenses": 0, "calculatedOperatingExpenses": 0, "calculatedNetInterest": 0, "calculatedOtherIncome": -1090900000, "calculatedIncomeNonControlling": 0, "calculatedEbitda": 1090900000}, {"date": "1985-12-31", "symbol": "OGE", "reportedCurrency": "USD", "cik": "0001021635", "fillingDate": "1985-12-31", "acceptedDate": "1985-12-30 19:00:00", "calendarYear": "1985", "period": "FY", "revenue": 1084800000, "costOfRevenue": 0, "grossProfit": 1084800000, "grossProfitRatio": 1, "researchAndDevelopmentExpenses": 0, "generalAndAdministrativeExpenses": 0, "sellingAndMarketingExpenses": 0, "sellingGeneralAndAdministrativeExpenses": 0, "otherExpenses": 0, "operatingExpenses": 0, "costAndExpenses": 0, "interestIncome": 0, "interestExpense": 0, "depreciationAndAmortization": 0, "ebitda": 1084800000, "ebitdaratio": 1, "operatingIncome": 1084800000, "operatingIncomeRatio": 1, "totalOtherIncomeExpensesNet": 0, "incomeBeforeTax": 0, "incomeBeforeTaxRatio": 0, "incomeTaxExpense": -108600000, "netIncome": 108600000, "netIncomeRatio": 0.1001106195, "eps": 0.57, "epsdiluted": 0.57, "weightedAverageShsOut": 168173913, "weightedAverageShsOutDil": 168173913, "link": "", "finalLink": "", "calculatedOtherExpenses": 0, "calculatedOperatingExpenses": 0, "calculatedNetInterest": 0, "calculatedOtherIncome": -1084800000, "calculatedIncomeNonControlling": 0, "calculatedEbitda": 1084800000}]}