{"originalCurrency": "USD", "convertedCurrency": "USD", "report": [{"date": "2023-12-31", "symbol": "OGS", "reportedCurrency": "USD", "cik": "0001587732", "fillingDate": "2024-02-22", "acceptedDate": "2024-02-22 16:36:10", "calendarYear": "2023", "period": "FY", "revenue": 2371990000, "costOfRevenue": 1922739000, "grossProfit": 449251000, "grossProfitRatio": 0.1893983533, "researchAndDevelopmentExpenses": 0, "generalAndAdministrativeExpenses": 0, "sellingAndMarketingExpenses": 0, "sellingGeneralAndAdministrativeExpenses": 4017000, "otherExpenses": -71661000, "operatingExpenses": 71661000, "costAndExpenses": 1994400000, "interestIncome": 0, "interestExpense": 121039000, "depreciationAndAmortization": 279830000, "ebitda": 657420000, "ebitdaratio": 0.2771596845, "operatingIncome": 377590000, "operatingIncomeRatio": 0.1591870117, "totalOtherIncomeExpensesNet": -105863000, "incomeBeforeTax": 271727000, "incomeBeforeTaxRatio": 0.1145565538, "incomeTaxExpense": 40495000, "netIncome": 231232000, "netIncomeRatio": 0.0974843907, "eps": 4.16, "epsdiluted": 4.14, "weightedAverageShsOut": 55600000, "weightedAverageShsOutDil": 55860000, "link": "https://www.sec.gov/Archives/edgar/data/1587732/000158773224000013/0001587732-24-000013-index.htm", "finalLink": "https://www.sec.gov/Archives/edgar/data/1587732/000158773224000013/ogs-20231231.htm", "calculatedOtherExpenses": 67644000, "calculatedOperatingExpenses": 71661000, "calculatedNetInterest": -121039000, "calculatedOtherIncome": 15176000, "calculatedIncomeNonControlling": 0, "calculatedEbitda": 657420000}, {"date": "2022-12-31", "symbol": "OGS", "reportedCurrency": "USD", "cik": "0001587732", "fillingDate": "2023-02-23", "acceptedDate": "2023-02-23 16:45:11", "calendarYear": "2022", "period": "FY", "revenue": 2578005000, "costOfRevenue": 1931352000, "grossProfit": 646653000, "grossProfitRatio": 0.250834657, "researchAndDevelopmentExpenses": 0, "generalAndAdministrativeExpenses": 0, "sellingAndMarketingExpenses": 0, "sellingGeneralAndAdministrativeExpenses": 3766000, "otherExpenses": 296696000, "operatingExpenses": 296696000, "costAndExpenses": 2228048000, "interestIncome": 77506000, "interestExpense": 77506000, "depreciationAndAmortization": 224296000, "ebitda": 574253000, "ebitdaratio": 0.2227509256, "operatingIncome": 349957000, "operatingIncomeRatio": 0.1357472154, "totalOtherIncomeExpensesNet": -81689000, "incomeBeforeTax": 268268000, "incomeBeforeTaxRatio": 0.1040603102, "incomeTaxExpense": 46526000, "netIncome": 221742000, "netIncomeRatio": 0.0860130217, "eps": 4.09, "epsdiluted": 4.08, "weightedAverageShsOut": 54207000, "weightedAverageShsOutDil": 54338000, "link": "https://www.sec.gov/Archives/edgar/data/1587732/000158773223000015/0001587732-23-000015-index.htm", "finalLink": "https://www.sec.gov/Archives/edgar/data/1587732/000158773223000015/ogs-20221231.htm", "calculatedOtherExpenses": 292930000, "calculatedOperatingExpenses": 296696000, "calculatedNetInterest": 0, "calculatedOtherIncome": -81689000, "calculatedIncomeNonControlling": 0, "calculatedEbitda": 574253000}, {"date": "2021-12-31", "symbol": "OGS", "reportedCurrency": "USD", "cik": "0001587732", "fillingDate": "2022-02-24", "acceptedDate": "2022-02-24 17:05:40", "calendarYear": "2021", "period": "FY", "revenue": 1808597000, "costOfRevenue": 1224682000, "grossProfit": 583915000, "grossProfitRatio": 0.3228552298, "researchAndDevelopmentExpenses": 0, "generalAndAdministrativeExpenses": 0, "sellingAndMarketingExpenses": 0, "sellingGeneralAndAdministrativeExpenses": 3930000, "otherExpenses": 273657000, "operatingExpenses": 273657000, "costAndExpenses": 1498339000, "interestIncome": 60301000, "interestExpense": 60301000, "depreciationAndAmortization": 204026000, "ebitda": 514284000, "ebitdaratio": 0.2843552212, "operatingIncome": 310258000, "operatingIncomeRatio": 0.1715462317, "totalOtherIncomeExpensesNet": -63508000, "incomeBeforeTax": 246750000, "incomeBeforeTaxRatio": 0.1364317203, "incomeTaxExpense": 40316000, "netIncome": 206434000, "netIncomeRatio": 0.1141404083, "eps": 3.85, "epsdiluted": 3.85, "weightedAverageShsOut": 53575000, "weightedAverageShsOutDil": 53674000, "link": "https://www.sec.gov/Archives/edgar/data/1587732/000158773222000019/0001587732-22-000019-index.htm", "finalLink": "https://www.sec.gov/Archives/edgar/data/1587732/000158773222000019/ogs-20211231.htm", "calculatedOtherExpenses": 269727000, "calculatedOperatingExpenses": 273657000, "calculatedNetInterest": 0, "calculatedOtherIncome": -63508000, "calculatedIncomeNonControlling": 0, "calculatedEbitda": 514284000}, {"date": "2020-12-31", "symbol": "OGS", "reportedCurrency": "USD", "cik": "0001587732", "fillingDate": "2021-02-26", "acceptedDate": "2021-02-26 14:14:36", "calendarYear": "2020", "period": "FY", "revenue": 1530268000, "costOfRevenue": 968560000, "grossProfit": 561708000, "grossProfitRatio": 0.3670651154, "researchAndDevelopmentExpenses": 0, "generalAndAdministrativeExpenses": 0, "sellingAndMarketingExpenses": 0, "sellingGeneralAndAdministrativeExpenses": 5071000, "otherExpenses": 258192000, "operatingExpenses": 258192000, "costAndExpenses": 1226752000, "interestIncome": 62505000, "interestExpense": 62505000, "depreciationAndAmortization": 187245000, "ebitda": 490761000, "ebitdaratio": 0.3207026482, "operatingIncome": 303516000, "operatingIncomeRatio": 0.1983417284, "totalOtherIncomeExpensesNet": -65525000, "incomeBeforeTax": 237991000, "incomeBeforeTaxRatio": 0.1555224314, "incomeTaxExpense": 41579000, "netIncome": 196412000, "netIncomeRatio": 0.1283513737, "eps": 3.7, "epsdiluted": 3.68, "weightedAverageShsOut": 53133000, "weightedAverageShsOutDil": 53370000, "link": "https://www.sec.gov/Archives/edgar/data/1587732/000158773221000030/0001587732-21-000030-index.htm", "finalLink": "https://www.sec.gov/Archives/edgar/data/1587732/000158773221000030/ogs-20201231.htm", "calculatedOtherExpenses": 253121000, "calculatedOperatingExpenses": 258192000, "calculatedNetInterest": 0, "calculatedOtherIncome": -65525000, "calculatedIncomeNonControlling": 0, "calculatedEbitda": 490761000}, {"date": "2019-12-31", "symbol": "OGS", "reportedCurrency": "USD", "cik": "0001587732", "fillingDate": "2020-02-20", "acceptedDate": "2020-02-20 15:12:08", "calendarYear": "2019", "period": "FY", "revenue": 1652730000, "costOfRevenue": 1117100000, "grossProfit": 535630000, "grossProfitRatio": 0.3240880241, "researchAndDevelopmentExpenses": 0, "generalAndAdministrativeExpenses": 0, "sellingAndMarketingExpenses": 0, "sellingGeneralAndAdministrativeExpenses": 5895000, "otherExpenses": 240372000, "operatingExpenses": 240372000, "costAndExpenses": 1357472000, "interestIncome": 62681000, "interestExpense": 62681000, "depreciationAndAmortization": 177419000, "ebitda": 472677000, "ebitdaratio": 0.2859977129, "operatingIncome": 295258000, "operatingIncomeRatio": 0.1786486601, "totalOtherIncomeExpensesNet": -65657000, "incomeBeforeTax": 229601000, "incomeBeforeTaxRatio": 0.138922268, "incomeTaxExpense": 42852000, "netIncome": 186749000, "netIncomeRatio": 0.112994258, "eps": 3.53, "epsdiluted": 3.51, "weightedAverageShsOut": 52895000, "weightedAverageShsOutDil": 53240000, "link": "https://www.sec.gov/Archives/edgar/data/1587732/000158773220000017/0001587732-20-000017-index.htm", "finalLink": "https://www.sec.gov/Archives/edgar/data/1587732/000158773220000017/onegas10-k2019.htm", "calculatedOtherExpenses": 234477000, "calculatedOperatingExpenses": 240372000, "calculatedNetInterest": 0, "calculatedOtherIncome": -65657000, "calculatedIncomeNonControlling": 0, "calculatedEbitda": 472677000}, {"date": "2018-12-31", "symbol": "OGS", "reportedCurrency": "USD", "cik": "0001587732", "fillingDate": "2019-02-20", "acceptedDate": "2019-02-20 16:34:40", "calendarYear": "2018", "period": "FY", "revenue": 1633731000, "costOfRevenue": 1126338000, "grossProfit": 507393000, "grossProfitRatio": 0.3105731605, "researchAndDevelopmentExpenses": 0, "generalAndAdministrativeExpenses": 0, "sellingAndMarketingExpenses": 0, "sellingGeneralAndAdministrativeExpenses": 0, "otherExpenses": -11359000, "operatingExpenses": 218964000, "costAndExpenses": 1345302000, "interestIncome": 0, "interestExpense": 51305000, "depreciationAndAmortization": 160086000, "ebitda": 437156000, "ebitdaratio": 0.2675813827, "operatingIncome": 288429000, "operatingIncomeRatio": 0.1765462001, "totalOtherIncomeExpensesNet": -11359000, "incomeBeforeTax": 225765000, "incomeBeforeTaxRatio": 0.1381898244, "incomeTaxExpense": 53531000, "netIncome": 172234000, "netIncomeRatio": 0.1054237203, "eps": 3.27, "epsdiluted": 3.25, "weightedAverageShsOut": 52693000, "weightedAverageShsOutDil": 53029000, "link": "https://www.sec.gov/Archives/edgar/data/1587732/000158773219000013/0001587732-19-000013-index.htm", "finalLink": "https://www.sec.gov/Archives/edgar/data/1587732/000158773219000013/onegas10-k2018.htm", "calculatedOtherExpenses": 218964000, "calculatedOperatingExpenses": 218964000, "calculatedNetInterest": -51305000, "calculatedOtherIncome": -11359000, "calculatedIncomeNonControlling": 0, "calculatedEbitda": 448515000}, {"date": "2017-12-31", "symbol": "OGS", "reportedCurrency": "USD", "cik": "0001587732", "fillingDate": "2018-02-22", "acceptedDate": "2018-02-22 14:05:40", "calendarYear": "2017", "period": "FY", "revenue": 1539633000, "costOfRevenue": 1031043000, "grossProfit": 508590000, "grossProfitRatio": 0.3303319687, "researchAndDevelopmentExpenses": 0, "generalAndAdministrativeExpenses": 0, "sellingAndMarketingExpenses": 0, "sellingGeneralAndAdministrativeExpenses": 0, "otherExpenses": 2727000, "operatingExpenses": 209114000, "costAndExpenses": 1240157000, "interestIncome": 0, "interestExpense": 46065000, "depreciationAndAmortization": 151889000, "ebitda": 454092000, "ebitdaratio": 0.2949352216, "operatingIncome": 299476000, "operatingIncomeRatio": 0.1945112894, "totalOtherIncomeExpensesNet": 2727000, "incomeBeforeTax": 256138000, "incomeBeforeTaxRatio": 0.1663630229, "incomeTaxExpense": 93143000, "netIncome": 162995000, "netIncomeRatio": 0.1058661382, "eps": 3.1, "epsdiluted": 3.08, "weightedAverageShsOut": 52527000, "weightedAverageShsOutDil": 52979000, "link": "https://www.sec.gov/Archives/edgar/data/1587732/000158773218000014/0001587732-18-000014-index.htm", "finalLink": "https://www.sec.gov/Archives/edgar/data/1587732/000158773218000014/onegas10-k2017.htm", "calculatedOtherExpenses": 209114000, "calculatedOperatingExpenses": 209114000, "calculatedNetInterest": -46065000, "calculatedOtherIncome": 2727000, "calculatedIncomeNonControlling": 0, "calculatedEbitda": 451365000}, {"date": "2016-12-31", "symbol": "OGS", "reportedCurrency": "USD", "cik": "0001587732", "fillingDate": "2017-02-23", "acceptedDate": "2017-02-23 16:49:32", "calendarYear": "2016", "period": "FY", "revenue": 1427232000, "costOfRevenue": 958939000, "grossProfit": 468293000, "grossProfitRatio": 0.3281127385, "researchAndDevelopmentExpenses": 0, "generalAndAdministrativeExpenses": 0, "sellingAndMarketingExpenses": 0, "sellingGeneralAndAdministrativeExpenses": 0, "otherExpenses": -43000, "operatingExpenses": 199173000, "costAndExpenses": 1158112000, "interestIncome": 0, "interestExpense": 43739000, "depreciationAndAmortization": 143829000, "ebitda": 412906000, "ebitdaratio": 0.2893054528, "operatingIncome": 269120000, "operatingIncomeRatio": 0.1885607946, "totalOtherIncomeExpensesNet": -43000, "incomeBeforeTax": 225338000, "incomeBeforeTaxRatio": 0.1578846326, "incomeTaxExpense": 85243000, "netIncome": 140095000, "netIncomeRatio": 0.0981585334, "eps": 2.67, "epsdiluted": 2.65, "weightedAverageShsOut": 52453000, "weightedAverageShsOutDil": 52963000, "link": "https://www.sec.gov/Archives/edgar/data/1587732/000158773217000011/0001587732-17-000011-index.htm", "finalLink": "https://www.sec.gov/Archives/edgar/data/1587732/000158773217000011/onegas10-k2016.htm", "calculatedOtherExpenses": 199173000, "calculatedOperatingExpenses": 199173000, "calculatedNetInterest": -43739000, "calculatedOtherIncome": -43000, "calculatedIncomeNonControlling": 0, "calculatedEbitda": 412949000}, {"date": "2015-12-31", "symbol": "OGS", "reportedCurrency": "USD", "cik": "0001587732", "fillingDate": "2016-02-18", "acceptedDate": "2016-02-18 17:20:15", "calendarYear": "2015", "period": "FY", "revenue": 1547692000, "costOfRevenue": 1120435000, "grossProfit": 427257000, "grossProfitRatio": 0.2760607408, "researchAndDevelopmentExpenses": 0, "generalAndAdministrativeExpenses": 0, "sellingAndMarketingExpenses": 0, "sellingGeneralAndAdministrativeExpenses": 0, "otherExpenses": -2550000, "operatingExpenses": 188128000, "costAndExpenses": 1308563000, "interestIncome": 0, "interestExpense": 44570000, "depreciationAndAmortization": 133023000, "ebitda": 369602000, "ebitdaratio": 0.2388084968, "operatingIncome": 239129000, "operatingIncomeRatio": 0.1545068399, "totalOtherIncomeExpensesNet": -2550000, "incomeBeforeTax": 192009000, "incomeBeforeTaxRatio": 0.1240615058, "incomeTaxExpense": 72979000, "netIncome": 119030000, "netIncomeRatio": 0.076908067, "eps": 2.26, "epsdiluted": 2.24, "weightedAverageShsOut": 52578000, "weightedAverageShsOutDil": 53254000, "link": "https://www.sec.gov/Archives/edgar/data/1587732/000158773216000088/0001587732-16-000088-index.htm", "finalLink": "https://www.sec.gov/Archives/edgar/data/1587732/000158773216000088/onegas10-k2015.htm", "calculatedOtherExpenses": 188128000, "calculatedOperatingExpenses": 188128000, "calculatedNetInterest": -44570000, "calculatedOtherIncome": -2550000, "calculatedIncomeNonControlling": 0, "calculatedEbitda": 372152000}, {"date": "2014-12-31", "symbol": "OGS", "reportedCurrency": "USD", "cik": "0001587732", "fillingDate": "2015-02-19", "acceptedDate": "2015-02-19 16:47:55", "calendarYear": "2014", "period": "FY", "revenue": 1818906000, "costOfRevenue": 1412635000, "grossProfit": 406271000, "grossProfitRatio": 0.2233600857, "researchAndDevelopmentExpenses": 0, "generalAndAdministrativeExpenses": 0, "sellingAndMarketingExpenses": 0, "sellingGeneralAndAdministrativeExpenses": 0, "otherExpenses": -1324000, "operatingExpenses": 180977000, "costAndExpenses": 1593612000, "interestIncome": 0, "interestExpense": 45842000, "depreciationAndAmortization": 125722000, "ebitda": 349692000, "ebitdaratio": 0.1922540252, "operatingIncome": 225294000, "operatingIncomeRatio": 0.1238623656, "totalOtherIncomeExpensesNet": -1324000, "incomeBeforeTax": 178128000, "incomeBeforeTaxRatio": 0.0979313939, "incomeTaxExpense": 68338000, "netIncome": 109790000, "netIncomeRatio": 0.0603604584, "eps": 2.1, "epsdiluted": 2.07, "weightedAverageShsOut": 52364000, "weightedAverageShsOutDil": 52946000, "link": "https://www.sec.gov/Archives/edgar/data/1587732/000158773215000013/0001587732-15-000013-index.htm", "finalLink": "https://www.sec.gov/Archives/edgar/data/1587732/000158773215000013/onegas10-k2014.htm", "calculatedOtherExpenses": 180977000, "calculatedOperatingExpenses": 180977000, "calculatedNetInterest": -45842000, "calculatedOtherIncome": -1324000, "calculatedIncomeNonControlling": 0, "calculatedEbitda": 351016000}, {"date": "2013-12-31", "symbol": "OGS", "reportedCurrency": "USD", "cik": "0001587732", "fillingDate": "2014-02-25", "acceptedDate": "2014-02-25 17:09:37", "calendarYear": "2013", "period": "FY", "revenue": 1689900000, "costOfRevenue": 1270016000, "grossProfit": 419884000, "grossProfitRatio": 0.2484667732, "researchAndDevelopmentExpenses": 0, "generalAndAdministrativeExpenses": 0, "sellingAndMarketingExpenses": 0, "sellingGeneralAndAdministrativeExpenses": 0, "otherExpenses": 2485000, "operatingExpenses": 199588000, "costAndExpenses": 1469604000, "interestIncome": 0, "interestExpense": 61366000, "depreciationAndAmortization": 144758000, "ebitda": 367591000, "ebitdaratio": 0.2175223386, "operatingIncome": 220348000, "operatingIncomeRatio": 0.1303911474, "totalOtherIncomeExpensesNet": 2485000, "incomeBeforeTax": 161467000, "incomeBeforeTaxRatio": 0.0955482573, "incomeTaxExpense": 62272000, "netIncome": 99195000, "netIncomeRatio": 0.0586987396, "eps": 1.92, "epsdiluted": 1.92, "weightedAverageShsOut": 51600000, "weightedAverageShsOutDil": 51600000, "link": "https://www.sec.gov/Archives/edgar/data/1587732/000158773214000005/0001587732-14-000005-index.htm", "finalLink": "https://www.sec.gov/Archives/edgar/data/1587732/000158773214000005/onegas10-k2013.htm", "calculatedOtherExpenses": 199536000, "calculatedOperatingExpenses": 199536000, "calculatedNetInterest": -61366000, "calculatedOtherIncome": 2485000, "calculatedIncomeNonControlling": 0, "calculatedEbitda": 365106000}, {"date": "2012-12-31", "symbol": "OGS", "reportedCurrency": "USD", "cik": "0001587732", "fillingDate": "2012-12-31", "acceptedDate": "2012-12-30 19:00:00", "calendarYear": "2012", "period": "FY", "revenue": 1376649000, "costOfRevenue": 983380000, "grossProfit": 393269000, "grossProfitRatio": 0.2856712205, "researchAndDevelopmentExpenses": 0, "generalAndAdministrativeExpenses": 0, "sellingAndMarketingExpenses": 0, "sellingGeneralAndAdministrativeExpenses": 0, "otherExpenses": 1439000, "operatingExpenses": 177555000, "costAndExpenses": 1160935000, "interestIncome": 0, "interestExpense": 60793000, "depreciationAndAmortization": 130150000, "ebitda": 347303000, "ebitdaratio": 0.2522814457, "operatingIncome": 215714000, "operatingIncomeRatio": 0.1566949891, "totalOtherIncomeExpensesNet": 1439000, "incomeBeforeTax": 156360000, "incomeBeforeTaxRatio": 0.1135801501, "incomeTaxExpense": 59851000, "netIncome": 96509000, "netIncomeRatio": 0.0701042895, "eps": 1.87, "epsdiluted": 1.84, "weightedAverageShsOut": 51488000, "weightedAverageShsOutDil": 52352000, "link": "", "finalLink": "", "calculatedOtherExpenses": 177555000, "calculatedOperatingExpenses": 177555000, "calculatedNetInterest": -60793000, "calculatedOtherIncome": 1439000, "calculatedIncomeNonControlling": 0, "calculatedEbitda": 345864000}, {"date": "2011-12-31", "symbol": "OGS", "reportedCurrency": "USD", "cik": "0001587732", "fillingDate": "2011-12-31", "acceptedDate": "2011-12-30 19:00:00", "calendarYear": "2011", "period": "FY", "revenue": 1621300000, "costOfRevenue": 1243010000, "grossProfit": 378290000, "grossProfitRatio": 0.2333251095, "researchAndDevelopmentExpenses": 0, "generalAndAdministrativeExpenses": 0, "sellingAndMarketingExpenses": 0, "sellingGeneralAndAdministrativeExpenses": 0, "otherExpenses": -2779000, "operatingExpenses": 178664000, "costAndExpenses": 1421674000, "interestIncome": 0, "interestExpense": 54119000, "depreciationAndAmortization": 132212000, "ebitda": 329093000, "ebitdaratio": 0.2029809412, "operatingIncome": 199660000, "operatingIncomeRatio": 0.123148091, "totalOtherIncomeExpensesNet": -2779000, "incomeBeforeTax": 142762000, "incomeBeforeTaxRatio": 0.0880540307, "incomeTaxExpense": 56004000, "netIncome": 86758000, "netIncomeRatio": 0.0535113798, "eps": 1.69, "epsdiluted": 1.66, "weightedAverageShsOut": 51488000, "weightedAverageShsOutDil": 52352000, "link": "", "finalLink": "", "calculatedOtherExpenses": 178630000, "calculatedOperatingExpenses": 178630000, "calculatedNetInterest": -54119000, "calculatedOtherIncome": -2779000, "calculatedIncomeNonControlling": 0, "calculatedEbitda": 331872000}, {"date": "2010-12-31", "symbol": "OGS", "reportedCurrency": "USD", "cik": "0001587732", "fillingDate": "2010-12-31", "acceptedDate": "2010-12-30 19:00:00", "calendarYear": "2010", "period": "FY", "revenue": 1817402000, "costOfRevenue": 1416899000, "grossProfit": 400503000, "grossProfitRatio": 0.2203711672, "researchAndDevelopmentExpenses": 0, "generalAndAdministrativeExpenses": 0, "sellingAndMarketingExpenses": 0, "sellingGeneralAndAdministrativeExpenses": 0, "otherExpenses": 233000, "operatingExpenses": 174910000, "costAndExpenses": 1591809000, "interestIncome": 0, "interestExpense": 52305000, "depreciationAndAmortization": 130968000, "ebitda": 356794000, "ebitdaratio": 0.196320902, "operatingIncome": 225593000, "operatingIncomeRatio": 0.1241293891, "totalOtherIncomeExpensesNet": 233000, "incomeBeforeTax": 173521000, "incomeBeforeTaxRatio": 0.0954775003, "incomeTaxExpense": 67099000, "netIncome": 106422000, "netIncomeRatio": 0.0585572152, "eps": 2.07, "epsdiluted": 2.03, "weightedAverageShsOut": 51488000, "weightedAverageShsOutDil": 52352000, "link": "", "finalLink": "", "calculatedOtherExpenses": 174910000, "calculatedOperatingExpenses": 174910000, "calculatedNetInterest": -52305000, "calculatedOtherIncome": 233000, "calculatedIncomeNonControlling": 0, "calculatedEbitda": 356561000}, {"date": "2001-12-31", "symbol": "OGS", "reportedCurrency": "USD", "cik": "0001587732", "fillingDate": "2022-02-23", "acceptedDate": "2022-02-23 17:00:39", "calendarYear": "2001", "period": "FY", "revenue": 1808597000, "costOfRevenue": 775006000, "grossProfit": 1033591000, "grossProfitRatio": 0.5714877333, "researchAndDevelopmentExpenses": 0, "generalAndAdministrativeExpenses": 0, "sellingAndMarketingExpenses": 0, "sellingGeneralAndAdministrativeExpenses": 0, "otherExpenses": 723333000, "operatingExpenses": 723333000, "costAndExpenses": 1498339000, "interestIncome": 0, "interestExpense": -60301000, "depreciationAndAmortization": 207233000, "ebitda": 393682000, "ebitdaratio": 0.2176725937, "operatingIncome": 310258000, "operatingIncomeRatio": 0.1715462317, "totalOtherIncomeExpensesNet": -63508000, "incomeBeforeTax": 246750000, "incomeBeforeTaxRatio": 0.1364317203, "incomeTaxExpense": 40316000, "netIncome": 206434000, "netIncomeRatio": 0.1141404083, "eps": 3.85, "epsdiluted": 3.85, "weightedAverageShsOut": 0, "weightedAverageShsOutDil": 0, "link": "https://www.sec.gov/Archives/edgar/data/1587732/000158773222000015/0001587732-22-000015-index.htm", "finalLink": "https://www.sec.gov/Archives/edgar/data/1587732/000158773222000015/ogsye2021ernewsrelease.htm", "calculatedOtherExpenses": 723333000, "calculatedOperatingExpenses": 723333000, "calculatedNetInterest": 60301000, "calculatedOtherIncome": -123809000, "calculatedIncomeNonControlling": 0, "calculatedEbitda": 517491000}]}