{"originalCurrency": "USD", "convertedCurrency": "USD", "report": [{"date": "2023-12-31", "symbol": "OHI", "reportedCurrency": "USD", "cik": "0000888491", "fillingDate": "2024-02-12", "acceptedDate": "2024-02-12 10:07:25", "calendarYear": "2023", "period": "FY", "revenue": 949740000, "costOfRevenue": 15025000, "grossProfit": 934715000, "grossProfitRatio": 0.9841798808, "researchAndDevelopmentExpenses": 0, "generalAndAdministrativeExpenses": 81504000, "sellingAndMarketingExpenses": 0, "sellingGeneralAndAdministrativeExpenses": 81504000, "otherExpenses": 20297000, "operatingExpenses": 445742000, "costAndExpenses": 460767000, "interestIncome": 119888000, "interestExpense": 235529000, "depreciationAndAmortization": 319682000, "ebitda": 828952000, "ebitdaratio": 0.8728199297, "operatingIncome": 796336000, "operatingIncomeRatio": 0.8384778992, "totalOtherIncomeExpensesNet": 2189000, "incomeBeforeTax": 255633000, "incomeBeforeTaxRatio": 0.2691610335, "incomeTaxExpense": 6255000, "netIncome": 242180000, "netIncomeRatio": 0.2549961042, "eps": 1.01, "epsdiluted": 0.97, "weightedAverageShsOut": 240493000, "weightedAverageShsOutDil": 250451000, "link": "https://www.sec.gov/Archives/edgar/data/888491/000088849124000007/0000888491-24-000007-index.htm", "finalLink": "https://www.sec.gov/Archives/edgar/data/888491/000088849124000007/ohi-20231231x10k.htm", "calculatedOtherExpenses": 56875000, "calculatedOperatingExpenses": 138379000, "calculatedNetInterest": -115641000, "calculatedOtherIncome": -425062000, "calculatedIncomeNonControlling": 7198000, "calculatedEbitda": 1116018000}, {"date": "2022-12-31", "symbol": "OHI", "reportedCurrency": "USD", "cik": "0000888491", "fillingDate": "2023-02-14", "acceptedDate": "2023-02-14 10:15:27", "calendarYear": "2022", "period": "FY", "revenue": 878244000, "costOfRevenue": 16969000, "grossProfit": 861275000, "grossProfitRatio": 0.9806784903, "researchAndDevelopmentExpenses": 0, "generalAndAdministrativeExpenses": 67928000, "sellingAndMarketingExpenses": 0, "sellingGeneralAndAdministrativeExpenses": 67928000, "otherExpenses": 401070000, "operatingExpenses": 468998000, "costAndExpenses": 485967000, "interestIncome": 123919000, "interestExpense": 233244000, "depreciationAndAmortization": 332407000, "ebitda": 722687000, "ebitdaratio": 0.8228772414, "operatingIncome": 390280000, "operatingIncomeRatio": 0.4443867536, "totalOtherIncomeExpensesNet": 45861000, "incomeBeforeTax": 436141000, "incomeBeforeTaxRatio": 0.4966057269, "incomeTaxExpense": 4561000, "netIncome": 426927000, "netIncomeRatio": 0.4861143372, "eps": 1.81, "epsdiluted": 1.75, "weightedAverageShsOut": 236256000, "weightedAverageShsOutDil": 244290000, "link": "https://www.sec.gov/Archives/edgar/data/888491/000088849123000006/0000888491-23-000006-index.htm", "finalLink": "https://www.sec.gov/Archives/edgar/data/888491/000088849123000006/ohi-20221231x10k.htm", "calculatedOtherExpenses": 403067000, "calculatedOperatingExpenses": 470995000, "calculatedNetInterest": -109325000, "calculatedOtherIncome": 155186000, "calculatedIncomeNonControlling": 4653000, "calculatedEbitda": 722687000}, {"date": "2021-12-31", "symbol": "OHI", "reportedCurrency": "USD", "cik": "0000888491", "fillingDate": "2022-02-17", "acceptedDate": "2022-02-17 11:30:43", "calendarYear": "2021", "period": "FY", "revenue": 1062809000, "costOfRevenue": 13716000, "grossProfit": 1049093000, "grossProfitRatio": 0.9870945767, "researchAndDevelopmentExpenses": 0, "generalAndAdministrativeExpenses": 63172000, "sellingAndMarketingExpenses": 0, "sellingGeneralAndAdministrativeExpenses": 63172000, "otherExpenses": 419747000, "operatingExpenses": 482919000, "costAndExpenses": 496635000, "interestIncome": 234604000, "interestExpense": 234604000, "depreciationAndAmortization": 342014000, "ebitda": 906890000, "ebitdaratio": 0.853295371, "operatingIncome": 564876000, "operatingIncomeRatio": 0.5314934292, "totalOtherIncomeExpensesNet": -148796000, "incomeBeforeTax": 416080000, "incomeBeforeTaxRatio": 0.3914908511, "incomeTaxExpense": 3840000, "netIncome": 416739000, "netIncomeRatio": 0.3921109061, "eps": 1.76, "epsdiluted": 1.71, "weightedAverageShsOut": 236933000, "weightedAverageShsOutDil": 244338000, "link": "https://www.sec.gov/Archives/edgar/data/888491/000088849122000007/0000888491-22-000007-index.htm", "finalLink": "https://www.sec.gov/Archives/edgar/data/888491/000088849122000007/ohi-20211231x10k.htm", "calculatedOtherExpenses": 421045000, "calculatedOperatingExpenses": 484217000, "calculatedNetInterest": 0, "calculatedOtherIncome": -148796000, "calculatedIncomeNonControlling": -4499000, "calculatedEbitda": 906890000}, {"date": "2020-12-31", "symbol": "OHI", "reportedCurrency": "USD", "cik": "0000888491", "fillingDate": "2021-02-22", "acceptedDate": "2021-02-22 11:20:53", "calendarYear": "2020", "period": "FY", "revenue": 892381000, "costOfRevenue": 13764000, "grossProfit": 878617000, "grossProfitRatio": 0.9845760947, "researchAndDevelopmentExpenses": 0, "generalAndAdministrativeExpenses": 58441000, "sellingAndMarketingExpenses": 0, "sellingGeneralAndAdministrativeExpenses": 58441000, "otherExpenses": 367921000, "operatingExpenses": 426362000, "costAndExpenses": 440126000, "interestIncome": 223389000, "interestExpense": 224346000, "depreciationAndAmortization": 329924000, "ebitda": 782179000, "ebitdaratio": 0.8765079041, "operatingIncome": 452255000, "operatingIncomeRatio": 0.5067958641, "totalOtherIncomeExpensesNet": -289928000, "incomeBeforeTax": 162327000, "incomeBeforeTaxRatio": 0.1819032454, "incomeTaxExpense": 4925000, "netIncome": 159327000, "netIncomeRatio": 0.1785414526, "eps": 0.7, "epsdiluted": 0.68, "weightedAverageShsOut": 227741000, "weightedAverageShsOutDil": 235104000, "link": "https://www.sec.gov/Archives/edgar/data/888491/000088849121000006/0000888491-21-000006-index.htm", "finalLink": "https://www.sec.gov/Archives/edgar/data/888491/000088849121000006/ohi-20201231x10k.htm", "calculatedOtherExpenses": 367921000, "calculatedOperatingExpenses": 426362000, "calculatedNetInterest": -957000, "calculatedOtherIncome": -288971000, "calculatedIncomeNonControlling": -1925000, "calculatedEbitda": 782179000}, {"date": "2019-12-31", "symbol": "OHI", "reportedCurrency": "USD", "cik": "0000888491", "fillingDate": "2020-02-28", "acceptedDate": "2020-02-28 13:04:46", "calendarYear": "2019", "period": "FY", "revenue": 928830000, "costOfRevenue": 16141000, "grossProfit": 912689000, "grossProfitRatio": 0.9826222237, "researchAndDevelopmentExpenses": 0, "generalAndAdministrativeExpenses": 56661000, "sellingAndMarketingExpenses": 0, "sellingGeneralAndAdministrativeExpenses": 56661000, "otherExpenses": 301683000, "operatingExpenses": 358344000, "costAndExpenses": 374485000, "interestIncome": 856000, "interestExpense": 208715000, "depreciationAndAmortization": 305139000, "ebitda": 856884000, "ebitdaratio": 0.9225412616, "operatingIncome": 551745000, "operatingIncomeRatio": 0.5940215109, "totalOtherIncomeExpensesNet": -207901000, "incomeBeforeTax": 343844000, "incomeBeforeTaxRatio": 0.3701904547, "incomeTaxExpense": 2844000, "netIncome": 341123000, "netIncomeRatio": 0.3672609627, "eps": 1.6, "epsdiluted": 1.54, "weightedAverageShsOut": 213404000, "weightedAverageShsOutDil": 222125000, "link": "https://www.sec.gov/Archives/edgar/data/888491/000088849120000007/0000888491-20-000007-index.htm", "finalLink": "https://www.sec.gov/Archives/edgar/data/888491/000088849120000007/ohi-20191231x10k.htm", "calculatedOtherExpenses": 304283000, "calculatedOperatingExpenses": 360944000, "calculatedNetInterest": -207859000, "calculatedOtherIncome": -42000, "calculatedIncomeNonControlling": -123000, "calculatedEbitda": 856884000}, {"date": "2018-12-31", "symbol": "OHI", "reportedCurrency": "USD", "cik": "0000888491", "fillingDate": "2019-02-26", "acceptedDate": "2019-02-26 14:48:52", "calendarYear": "2018", "period": "FY", "revenue": 881682000, "costOfRevenue": 29839000, "grossProfit": 851843000, "grossProfitRatio": 0.9661567322, "researchAndDevelopmentExpenses": 0, "generalAndAdministrativeExpenses": 63508000, "sellingAndMarketingExpenses": 0, "sellingGeneralAndAdministrativeExpenses": 63508000, "otherExpenses": 287968000, "operatingExpenses": 351476000, "costAndExpenses": 351476000, "interestIncome": 313000, "interestExpense": 201422000, "depreciationAndAmortization": 281279000, "ebitda": 811798000, "ebitdaratio": 0.9207378624, "operatingIncome": 497590000, "operatingIncomeRatio": 0.5643644761, "totalOtherIncomeExpensesNet": -32584000, "incomeBeforeTax": 296513000, "incomeBeforeTaxRatio": 0.3363037921, "incomeTaxExpense": 3010000, "netIncome": 281578000, "netIncomeRatio": 0.3193645782, "eps": 1.41, "epsdiluted": 1.34, "weightedAverageShsOut": 200279000, "weightedAverageShsOutDil": 209711000, "link": "https://www.sec.gov/Archives/edgar/data/888491/000088849119000006/0000888491-19-000006-index.htm", "finalLink": "https://www.sec.gov/Archives/edgar/data/888491/000088849119000006/ohi-20181231x10k.htm", "calculatedOtherExpenses": 290745000, "calculatedOperatingExpenses": 354253000, "calculatedNetInterest": -201109000, "calculatedOtherIncome": 32000, "calculatedIncomeNonControlling": 11925000, "calculatedEbitda": 778869000}, {"date": "2017-12-31", "symbol": "OHI", "reportedCurrency": "USD", "cik": "0000888491", "fillingDate": "2018-02-23", "acceptedDate": "2018-02-23 15:40:49", "calendarYear": "2017", "period": "FY", "revenue": 908385000, "costOfRevenue": 99070000, "grossProfit": 809315000, "grossProfitRatio": 0.8909383136, "researchAndDevelopmentExpenses": 0, "generalAndAdministrativeExpenses": 47683000, "sellingAndMarketingExpenses": 0, "sellingGeneralAndAdministrativeExpenses": 47683000, "otherExpenses": 10412000, "operatingExpenses": 349854000, "costAndExpenses": 349854000, "interestIncome": 267000, "interestExpense": 220243000, "depreciationAndAmortization": 287591000, "ebitda": 856801000, "ebitdaratio": 0.9432135053, "operatingIncome": 261262000, "operatingIncomeRatio": 0.2876115304, "totalOtherIncomeExpensesNet": -232634000, "incomeBeforeTax": 105921000, "incomeBeforeTaxRatio": 0.1166036427, "incomeTaxExpense": 3248000, "netIncome": 100419000, "netIncomeRatio": 0.1105467395, "eps": 0.51, "epsdiluted": 0.51, "weightedAverageShsOut": 197738000, "weightedAverageShsOutDil": 206790000, "link": "https://www.sec.gov/Archives/edgar/data/888491/000114420418010511/0001144204-18-010511-index.htm", "finalLink": "https://www.sec.gov/Archives/edgar/data/888491/000114420418010511/tv485902_10k.htm", "calculatedOtherExpenses": 500370000, "calculatedOperatingExpenses": 548053000, "calculatedNetInterest": -219976000, "calculatedOtherIncome": 64635000, "calculatedIncomeNonControlling": 2254000, "calculatedEbitda": 548853000}, {"date": "2016-12-31", "symbol": "OHI", "reportedCurrency": "USD", "cik": "0000888491", "fillingDate": "2017-02-24", "acceptedDate": "2017-02-24 11:19:00", "calendarYear": "2016", "period": "FY", "revenue": 900827000, "costOfRevenue": 58726000, "grossProfit": 842101000, "grossProfitRatio": 0.9348087924, "researchAndDevelopmentExpenses": 0, "generalAndAdministrativeExpenses": 45867000, "sellingAndMarketingExpenses": 0, "sellingGeneralAndAdministrativeExpenses": 45867000, "otherExpenses": 286489000, "operatingExpenses": 322774000, "costAndExpenses": 322774000, "interestIncome": 173000, "interestExpense": 175561000, "depreciationAndAmortization": 267062000, "ebitda": 845288000, "ebitdaratio": 0.9383466526, "operatingIncome": 509745000, "operatingIncomeRatio": 0.5658633678, "totalOtherIncomeExpensesNet": -18332000, "incomeBeforeTax": 384333000, "incomeBeforeTaxRatio": 0.4266446277, "incomeTaxExpense": 1405000, "netIncome": 366415000, "netIncomeRatio": 0.406754016, "eps": 1.91, "epsdiluted": 1.9, "weightedAverageShsOut": 191781000, "weightedAverageShsOutDil": 201635000, "link": "https://www.sec.gov/Archives/edgar/data/888491/000157104917001590/0001571049-17-001590-index.htm", "finalLink": "https://www.sec.gov/Archives/edgar/data/888491/000157104917001590/t1700107_10k.htm", "calculatedOtherExpenses": 286489000, "calculatedOperatingExpenses": 332356000, "calculatedNetInterest": -175388000, "calculatedOtherIncome": 49976000, "calculatedIncomeNonControlling": 16513000, "calculatedEbitda": 776807000}, {"date": "2015-12-31", "symbol": "OHI", "reportedCurrency": "USD", "cik": "0000888491", "fillingDate": "2016-02-29", "acceptedDate": "2016-02-26 18:10:01", "calendarYear": "2015", "period": "FY", "revenue": 743617000, "costOfRevenue": 17681000, "grossProfit": 725936000, "grossProfitRatio": 0.976222975, "researchAndDevelopmentExpenses": 0, "generalAndAdministrativeExpenses": 38568000, "sellingAndMarketingExpenses": 0, "sellingGeneralAndAdministrativeExpenses": 38568000, "otherExpenses": 276099000, "operatingExpenses": 257142000, "costAndExpenses": 257142000, "interestIncome": 285000, "interestExpense": 183208000, "depreciationAndAmortization": 210703000, "ebitda": 697463000, "ebitdaratio": 0.9379331027, "operatingIncome": 411269000, "operatingIncomeRatio": 0.5530656238, "totalOtherIncomeExpensesNet": -69026000, "incomeBeforeTax": 234526000, "incomeBeforeTaxRatio": 0.315385474, "incomeTaxExpense": 1211000, "netIncome": 224524000, "netIncomeRatio": 0.3019350015, "eps": 1.3, "epsdiluted": 1.29, "weightedAverageShsOut": 172242000, "weightedAverageShsOutDil": 180508000, "link": "https://www.sec.gov/Archives/edgar/data/888491/000157104916012234/0001571049-16-012234-index.htm", "finalLink": "https://www.sec.gov/Archives/edgar/data/888491/000157104916012234/t1600085_10k.htm", "calculatedOtherExpenses": 276099000, "calculatedOperatingExpenses": 314667000, "calculatedNetInterest": -182923000, "calculatedOtherIncome": 6180000, "calculatedIncomeNonControlling": 8791000, "calculatedEbitda": 621972000}, {"date": "2014-12-31", "symbol": "OHI", "reportedCurrency": "USD", "cik": "0000888491", "fillingDate": "2015-02-27", "acceptedDate": "2015-02-27 08:30:27", "calendarYear": "2014", "period": "FY", "revenue": 504787000, "costOfRevenue": 3660000, "grossProfit": 501127000, "grossProfitRatio": 0.9927494171, "researchAndDevelopmentExpenses": 0, "generalAndAdministrativeExpenses": 25888000, "sellingAndMarketingExpenses": 0, "sellingGeneralAndAdministrativeExpenses": 25888000, "otherExpenses": 129928000, "operatingExpenses": 151868000, "costAndExpenses": 151868000, "interestIncome": 44000, "interestExpense": 126869000, "depreciationAndAmortization": 123257000, "ebitda": 476220000, "ebitdaratio": 0.9434078136, "operatingIncome": 345311000, "operatingIncomeRatio": 0.6840726881, "totalOtherIncomeExpensesNet": -4745000, "incomeBeforeTax": 221349000, "incomeBeforeTaxRatio": 0.4384998029, "incomeTaxExpense": 126869000, "netIncome": 221349000, "netIncomeRatio": 0.4384998029, "eps": 1.75, "epsdiluted": 1.74, "weightedAverageShsOut": 126550000, "weightedAverageShsOutDil": 127294000, "link": "https://www.sec.gov/Archives/edgar/data/888491/000157104915001458/0001571049-15-001458-index.htm", "finalLink": "https://www.sec.gov/Archives/edgar/data/888491/000157104915001458/t81441_10k.htm", "calculatedOtherExpenses": 129928000, "calculatedOperatingExpenses": 155816000, "calculatedNetInterest": -126825000, "calculatedOtherIncome": 2863000, "calculatedIncomeNonControlling": -126869000, "calculatedEbitda": 468568000}, {"date": "2013-12-31", "symbol": "OHI", "reportedCurrency": "USD", "cik": "0000888491", "fillingDate": "2014-02-11", "acceptedDate": "2014-02-11 15:13:28", "calendarYear": "2013", "period": "FY", "revenue": 418714000, "costOfRevenue": 415000, "grossProfit": 418299000, "grossProfitRatio": 0.99900887, "researchAndDevelopmentExpenses": 0, "generalAndAdministrativeExpenses": 21588000, "sellingAndMarketingExpenses": 0, "sellingGeneralAndAdministrativeExpenses": 21588000, "otherExpenses": 131032000, "operatingExpenses": 152375000, "costAndExpenses": 152375000, "interestIncome": 41000, "interestExpense": 92048000, "depreciationAndAmortization": 128646000, "ebitda": 395026000, "ebitdaratio": 0.9434267782, "operatingIncome": 265679000, "operatingIncomeRatio": 0.6345118625, "totalOtherIncomeExpensesNet": -1811000, "incomeBeforeTax": 172521000, "incomeBeforeTaxRatio": 0.4120258697, "incomeTaxExpense": 92048000, "netIncome": 172521000, "netIncomeRatio": 0.4120258697, "eps": 1.47, "epsdiluted": 1.46, "weightedAverageShsOut": 117257000, "weightedAverageShsOutDil": 118100000, "link": "https://www.sec.gov/Archives/edgar/data/888491/000118811214000320/0001188112-14-000320-index.htm", "finalLink": "https://www.sec.gov/Archives/edgar/data/888491/000118811214000320/t78195_10k.htm", "calculatedOtherExpenses": 131032000, "calculatedOperatingExpenses": 152620000, "calculatedNetInterest": -92007000, "calculatedOtherIncome": -1151000, "calculatedIncomeNonControlling": -92048000, "calculatedEbitda": 394325000}, {"date": "2012-12-31", "symbol": "OHI", "reportedCurrency": "USD", "cik": "0000888491", "fillingDate": "2013-02-28", "acceptedDate": "2013-02-28 14:04:10", "calendarYear": "2012", "period": "FY", "revenue": 350460000, "costOfRevenue": 272000, "grossProfit": 350188000, "grossProfitRatio": 0.9992238772, "researchAndDevelopmentExpenses": 0, "generalAndAdministrativeExpenses": 21330000, "sellingAndMarketingExpenses": 0, "sellingGeneralAndAdministrativeExpenses": 21330000, "otherExpenses": 113892000, "operatingExpenses": 134313000, "costAndExpenses": 134313000, "interestIncome": 29000, "interestExpense": 106096000, "depreciationAndAmortization": 112983000, "ebitda": 329159000, "ebitdaratio": 0.9392198824, "operatingIncome": 214966000, "operatingIncomeRatio": 0.6133824117, "totalOtherIncomeExpensesNet": 10618000, "incomeBeforeTax": 120698000, "incomeBeforeTaxRatio": 0.3443987902, "incomeTaxExpense": 106096000, "netIncome": 120698000, "netIncomeRatio": 0.3443987902, "eps": 1.12, "epsdiluted": 1.12, "weightedAverageShsOut": 107591000, "weightedAverageShsOutDil": 108011000, "link": "https://www.sec.gov/Archives/edgar/data/888491/000118811213000515/0001188112-13-000515-index.htm", "finalLink": "https://www.sec.gov/Archives/edgar/data/888491/000118811213000515/t75632_10k.htm", "calculatedOtherExpenses": 113892000, "calculatedOperatingExpenses": 135222000, "calculatedNetInterest": -106067000, "calculatedOtherIncome": 11799000, "calculatedIncomeNonControlling": -106096000, "calculatedEbitda": 327949000}, {"date": "2011-12-31", "symbol": "OHI", "reportedCurrency": "USD", "cik": "0000888491", "fillingDate": "2012-02-27", "acceptedDate": "2012-02-27 13:30:26", "calendarYear": "2011", "period": "FY", "revenue": 292204000, "costOfRevenue": 653000, "grossProfit": 291551000, "grossProfitRatio": 0.9977652599, "researchAndDevelopmentExpenses": 0, "generalAndAdministrativeExpenses": 19432000, "sellingAndMarketingExpenses": 0, "sellingGeneralAndAdministrativeExpenses": 19432000, "otherExpenses": 106776000, "operatingExpenses": 126208000, "costAndExpenses": 126861000, "interestIncome": 40000, "interestExpense": 86899000, "depreciationAndAmortization": 100337000, "ebitda": 291558000, "ebitdaratio": 0.9977892158, "operatingIncome": 137795000, "operatingIncomeRatio": 0.4715712311, "totalOtherIncomeExpensesNet": -25878000, "incomeBeforeTax": 52606000, "incomeBeforeTaxRatio": 0.1800317586, "incomeTaxExpense": 112737000, "netIncome": 52606000, "netIncomeRatio": 0.1800317586, "eps": 0.46, "epsdiluted": 0.46, "weightedAverageShsOut": 102119000, "weightedAverageShsOutDil": 102177000, "link": "https://www.sec.gov/Archives/edgar/data/888491/000115752312001056/0001157523-12-001056-index.htm", "finalLink": "https://www.sec.gov/Archives/edgar/data/888491/000115752312001056/a50175005.htm", "calculatedOtherExpenses": 134324000, "calculatedOperatingExpenses": 153756000, "calculatedNetInterest": -86859000, "calculatedOtherIncome": 1670000, "calculatedIncomeNonControlling": -112737000, "calculatedEbitda": 238132000}, {"date": "2010-12-31", "symbol": "OHI", "reportedCurrency": "USD", "cik": "0000888491", "fillingDate": "2011-02-28", "acceptedDate": "2011-02-28 15:46:45", "calendarYear": "2010", "period": "FY", "revenue": 258321000, "costOfRevenue": 7998000, "grossProfit": 250323000, "grossProfitRatio": 0.9690385218, "researchAndDevelopmentExpenses": 0, "generalAndAdministrativeExpenses": 15054000, "sellingAndMarketingExpenses": 7998000, "sellingGeneralAndAdministrativeExpenses": 23052000, "otherExpenses": 84623000, "operatingExpenses": 107675000, "costAndExpenses": 107675000, "interestIncome": 105000, "interestExpense": 90602000, "depreciationAndAmortization": 84623000, "ebitda": 236982000, "ebitdaratio": 0.9173934756, "operatingIncome": 148937000, "operatingIncomeRatio": 0.5765578486, "totalOtherIncomeExpensesNet": -1713000, "incomeBeforeTax": 58436000, "incomeBeforeTaxRatio": 0.2262146709, "incomeTaxExpense": -4000, "netIncome": 58436000, "netIncomeRatio": 0.2262146709, "eps": 0.52, "epsdiluted": 0.52, "weightedAverageShsOut": 94056000, "weightedAverageShsOutDil": 94237000, "link": "https://www.sec.gov/Archives/edgar/data/888491/000088849111000015/0000888491-11-000015-index.htm", "finalLink": "https://www.sec.gov/Archives/edgar/data/888491/000088849111000015/form_10k.htm", "calculatedOtherExpenses": 78334000, "calculatedOperatingExpenses": 101386000, "calculatedNetInterest": -90497000, "calculatedOtherIncome": -4000, "calculatedIncomeNonControlling": 4000, "calculatedEbitda": 233560000}, {"date": "2009-12-31", "symbol": "OHI", "reportedCurrency": "USD", "cik": "0000888491", "fillingDate": "2010-03-01", "acceptedDate": "2010-03-01 09:57:10", "calendarYear": "2009", "period": "FY", "revenue": 197438000, "costOfRevenue": 159000, "grossProfit": 197279000, "grossProfitRatio": 0.9991946839, "researchAndDevelopmentExpenses": 0, "generalAndAdministrativeExpenses": 11742000, "sellingAndMarketingExpenses": 20632000, "sellingGeneralAndAdministrativeExpenses": 32374000, "otherExpenses": 47459000, "operatingExpenses": 79833000, "costAndExpenses": 79833000, "interestIncome": 21000, "interestExpense": 39075000, "depreciationAndAmortization": 44694000, "ebitda": 162320000, "ebitdaratio": 0.8221315046, "operatingIncome": 115885000, "operatingIncomeRatio": 0.5869437494, "totalOtherIncomeExpensesNet": 3560000, "incomeBeforeTax": 82111000, "incomeBeforeTaxRatio": 0.4158824542, "incomeTaxExpense": 753000, "netIncome": 82111000, "netIncomeRatio": 0.4158824542, "eps": 0.87, "epsdiluted": 0.87, "weightedAverageShsOut": 83556000, "weightedAverageShsOutDil": 83649000, "link": "https://www.sec.gov/Archives/edgar/data/888491/000088849110000009/0000888491-10-000009-index.htm", "finalLink": "https://www.sec.gov/Archives/edgar/data/888491/000088849110000009/form_10k.htm", "calculatedOtherExpenses": 49020000, "calculatedOperatingExpenses": 81394000, "calculatedNetInterest": -39054000, "calculatedOtherIncome": 5280000, "calculatedIncomeNonControlling": -753000, "calculatedEbitda": 160579000}, {"date": "2008-12-31", "symbol": "OHI", "reportedCurrency": "USD", "cik": "0000888491", "fillingDate": "2009-03-02", "acceptedDate": "2009-03-02 14:44:59", "calendarYear": "2008", "period": "FY", "revenue": 193762000, "costOfRevenue": 5584000, "grossProfit": 188178000, "grossProfitRatio": 0.9711811397, "researchAndDevelopmentExpenses": 0, "generalAndAdministrativeExpenses": 11701000, "sellingAndMarketingExpenses": -2103000, "sellingGeneralAndAdministrativeExpenses": 9598000, "otherExpenses": 71739000, "operatingExpenses": 89024000, "costAndExpenses": 89024000, "interestIncome": 240000, "interestExpense": 37745000, "depreciationAndAmortization": 39890000, "ebitda": 156489000, "ebitdaratio": 0.80763514, "operatingIncome": 104738000, "operatingIncomeRatio": 0.5405497466, "totalOtherIncomeExpensesNet": -1235000, "incomeBeforeTax": 77619000, "incomeBeforeTaxRatio": 0.4005893829, "incomeTaxExpense": -72000, "netIncome": 78137000, "netIncomeRatio": 0.4032627657, "eps": 0.94, "epsdiluted": 0.94, "weightedAverageShsOut": 75127000, "weightedAverageShsOutDil": 75213000, "link": "https://www.sec.gov/Archives/edgar/data/888491/000088849109000010/0000888491-09-000010-index.htm", "finalLink": "https://www.sec.gov/Archives/edgar/data/888491/000088849109000010/form_10k.htm", "calculatedOtherExpenses": 73842000, "calculatedOperatingExpenses": 83440000, "calculatedNetInterest": -37505000, "calculatedOtherIncome": 10386000, "calculatedIncomeNonControlling": -446000, "calculatedEbitda": 144628000}, {"date": "2007-12-31", "symbol": "OHI", "reportedCurrency": "USD", "cik": "0000888491", "fillingDate": "2008-02-15", "acceptedDate": "2008-02-15 11:40:29", "calendarYear": "2007", "period": "FY", "revenue": 159558000, "costOfRevenue": 1416000, "grossProfit": 158142000, "grossProfitRatio": 0.9911254841, "researchAndDevelopmentExpenses": 0, "generalAndAdministrativeExpenses": 11086000, "sellingAndMarketingExpenses": 0, "sellingGeneralAndAdministrativeExpenses": 11086000, "otherExpenses": -398000, "operatingExpenses": 48530000, "costAndExpenses": 48530000, "interestIncome": 257000, "interestExpense": -42134000, "depreciationAndAmortization": 36056000, "ebitda": 146686000, "ebitdaratio": 0.9193271412, "operatingIncome": 111028000, "operatingIncomeRatio": 0.6958472781, "totalOtherIncomeExpensesNet": -43437000, "incomeBeforeTax": 67591000, "incomeBeforeTaxRatio": 0.4236139836, "incomeTaxExpense": -7000, "netIncome": 69374000, "netIncomeRatio": 0.4347886035, "eps": 0.9, "epsdiluted": 0.9, "weightedAverageShsOut": 65858000, "weightedAverageShsOutDil": 65886000, "link": "https://www.sec.gov/Archives/edgar/data/888491/000088849108000009/0000888491-08-000009-index.htm", "finalLink": "https://www.sec.gov/Archives/edgar/data/888491/000088849108000009/form_10k.htm", "calculatedOtherExpenses": 36028000, "calculatedOperatingExpenses": 47114000, "calculatedNetInterest": 42391000, "calculatedOtherIncome": -85828000, "calculatedIncomeNonControlling": -1776000, "calculatedEbitda": 147084000}, {"date": "2006-12-31", "symbol": "OHI", "reportedCurrency": "USD", "cik": "0000888491", "fillingDate": "2007-02-23", "acceptedDate": "2007-02-23 17:22:29", "calendarYear": "2006", "period": "FY", "revenue": 135693000, "costOfRevenue": 0, "grossProfit": 135693000, "grossProfitRatio": 1, "researchAndDevelopmentExpenses": 0, "generalAndAdministrativeExpenses": 13744000, "sellingAndMarketingExpenses": 0, "sellingGeneralAndAdministrativeExpenses": 13744000, "otherExpenses": 32905000, "operatingExpenses": 46649000, "costAndExpenses": 46649000, "interestIncome": 413000, "interestExpense": -42174000, "depreciationAndAmortization": 32263000, "ebitda": 111389000, "ebitdaratio": 0.8208898027, "operatingIncome": 89044000, "operatingIncomeRatio": 0.6562166066, "totalOtherIncomeExpensesNet": 9918000, "incomeBeforeTax": 58389000, "incomeBeforeTaxRatio": 0.4303022263, "incomeTaxExpense": 2347000, "netIncome": 55697000, "netIncomeRatio": 0.4104633253, "eps": 0.78, "epsdiluted": 0.78, "weightedAverageShsOut": 58651000, "weightedAverageShsOutDil": 58745000, "link": "https://www.sec.gov/Archives/edgar/data/888491/000088849107000039/0000888491-07-000039-index.htm", "finalLink": "https://www.sec.gov/Archives/edgar/data/888491/000088849107000039/form_10k.htm", "calculatedOtherExpenses": 32905000, "calculatedOperatingExpenses": 46649000, "calculatedNetInterest": 42587000, "calculatedOtherIncome": -73242000, "calculatedIncomeNonControlling": 345000, "calculatedEbitda": 121307000}, {"date": "2005-12-31", "symbol": "OHI", "reportedCurrency": "USD", "cik": "0000888491", "fillingDate": "2006-02-17", "acceptedDate": "2006-02-17 16:08:57", "calendarYear": "2005", "period": "FY", "revenue": 105812000, "costOfRevenue": 5454000, "grossProfit": 100358000, "grossProfitRatio": 0.9484557517, "researchAndDevelopmentExpenses": 0, "generalAndAdministrativeExpenses": 8587000, "sellingAndMarketingExpenses": 0, "sellingGeneralAndAdministrativeExpenses": 8587000, "otherExpenses": 25308000, "operatingExpenses": 40948000, "costAndExpenses": 40948000, "interestIncome": 220000, "interestExpense": -29900000, "depreciationAndAmortization": 27398000, "ebitda": 97295000, "ebitdaratio": 0.9195081843, "operatingIncome": 66463000, "operatingIncomeRatio": 0.6281234643, "totalOtherIncomeExpensesNet": -5033000, "incomeBeforeTax": 36688000, "incomeBeforeTaxRatio": 0.3467281594, "incomeTaxExpense": 28176000, "netIncome": 36688000, "netIncomeRatio": 0.3467281594, "eps": 0.49, "epsdiluted": 0.49, "weightedAverageShsOut": 51738000, "weightedAverageShsOutDil": 52059000, "link": "https://www.sec.gov/Archives/edgar/data/888491/000088849106000024/0000888491-06-000024-index.htm", "finalLink": "https://www.sec.gov/Archives/edgar/data/888491/000088849106000024/form_10k.htm", "calculatedOtherExpenses": 25308000, "calculatedOperatingExpenses": 33895000, "calculatedNetInterest": 30120000, "calculatedOtherIncome": -59895000, "calculatedIncomeNonControlling": -28176000, "calculatedEbitda": 93861000}, {"date": "2004-12-31", "symbol": "OHI", "reportedCurrency": "USD", "cik": "0000888491", "fillingDate": "2005-02-18", "acceptedDate": "2005-02-18 15:34:57", "calendarYear": "2004", "period": "FY", "revenue": 90451000, "costOfRevenue": 0, "grossProfit": 90451000, "grossProfitRatio": 1, "researchAndDevelopmentExpenses": 0, "generalAndAdministrativeExpenses": 6213000, "sellingAndMarketingExpenses": 0, "sellingGeneralAndAdministrativeExpenses": 6213000, "otherExpenses": 24141000, "operatingExpenses": 30610000, "costAndExpenses": 30610000, "interestIncome": 122000, "interestExpense": -23050000, "depreciationAndAmortization": 23403000, "ebitda": 106690000, "ebitdaratio": 1.1795336702, "operatingIncome": 60097000, "operatingIncomeRatio": 0.6644149871, "totalOtherIncomeExpensesNet": -23446000, "incomeBeforeTax": 16738000, "incomeBeforeTaxRatio": 0.1850504693, "incomeTaxExpense": 43103000, "netIncome": 16738000, "netIncomeRatio": 0.1850504693, "eps": -0.81, "epsdiluted": -0.81, "weightedAverageShsOut": 45327160, "weightedAverageShsOutDil": 45327160, "link": "https://www.sec.gov/Archives/edgar/data/888491/000088849105000034/0000888491-05-000034-index.htm", "finalLink": "https://www.sec.gov/Archives/edgar/data/888491/000088849105000034/form_10k.htm", "calculatedOtherExpenses": 24141000, "calculatedOperatingExpenses": 30354000, "calculatedNetInterest": 23172000, "calculatedOtherIncome": -66531000, "calculatedIncomeNonControlling": -43103000, "calculatedEbitda": 83500000}, {"date": "2003-12-31", "symbol": "OHI", "reportedCurrency": "USD", "cik": "0000888491", "fillingDate": "2004-02-20", "acceptedDate": "2004-02-20 09:41:58", "calendarYear": "2003", "period": "FY", "revenue": 86267000, "costOfRevenue": 0, "grossProfit": 86267000, "grossProfitRatio": 1, "researchAndDevelopmentExpenses": 0, "generalAndAdministrativeExpenses": 5943000, "sellingAndMarketingExpenses": 0, "sellingGeneralAndAdministrativeExpenses": 5943000, "otherExpenses": 0, "operatingExpenses": 33496000, "costAndExpenses": 33496000, "interestIncome": 0, "interestExpense": 0, "depreciationAndAmortization": 20985000, "ebitda": 79798000, "ebitdaratio": 0.9250118817, "operatingIncome": 46064000, "operatingIncomeRatio": 0.533970116, "totalOtherIncomeExpensesNet": -6042000, "incomeBeforeTax": 40022000, "incomeBeforeTaxRatio": 0.4639317468, "incomeTaxExpense": 29741000, "netIncome": 23030000, "netIncomeRatio": 0.2669618742, "eps": 0.09, "epsdiluted": 0.09, "weightedAverageShsOut": 39066667, "weightedAverageShsOutDil": 39066667, "link": "https://www.sec.gov/Archives/edgar/data/888491/000088849104000022/0000888491-04-000022-index.htm", "finalLink": "https://www.sec.gov/Archives/edgar/data/888491/000088849104000022/form10k03.txt", "calculatedOtherExpenses": 34260000, "calculatedOperatingExpenses": 40203000, "calculatedNetInterest": 0, "calculatedOtherIncome": -6042000, "calculatedIncomeNonControlling": -12749000, "calculatedEbitda": 67049000}, {"date": "2002-12-31", "symbol": "OHI", "reportedCurrency": "USD", "cik": "0000888491", "fillingDate": "2003-03-03", "acceptedDate": "2003-03-03 17:11:49", "calendarYear": "2002", "period": "FY", "revenue": 137111000, "costOfRevenue": 0, "grossProfit": 137111000, "grossProfitRatio": 1, "researchAndDevelopmentExpenses": 0, "generalAndAdministrativeExpenses": 6285000, "sellingAndMarketingExpenses": 0, "sellingGeneralAndAdministrativeExpenses": 6285000, "otherExpenses": 0, "operatingExpenses": 127870000, "costAndExpenses": 127870000, "interestIncome": 0, "interestExpense": 0, "depreciationAndAmortization": 21270000, "ebitda": 27017000, "ebitdaratio": 0.1970447302, "operatingIncome": 10187000, "operatingIncomeRatio": 0.074297467, "totalOtherIncomeExpensesNet": 3494000, "incomeBeforeTax": 13681000, "incomeBeforeTaxRatio": 0.0997804698, "incomeTaxExpense": 23887000, "netIncome": -14646000, "netIncomeRatio": -0.1068185631, "eps": -0.42, "epsdiluted": -0.42, "weightedAverageShsOut": 34894681, "weightedAverageShsOutDil": 34894681, "link": "https://www.sec.gov/Archives/edgar/data/888491/000088849103000006/0000888491-03-000006-index.htm", "finalLink": "https://www.sec.gov/Archives/edgar/data/888491/000088849103000006/form10k02.txt", "calculatedOtherExpenses": 120639000, "calculatedOperatingExpenses": 126924000, "calculatedNetInterest": 0, "calculatedOtherIncome": 3494000, "calculatedIncomeNonControlling": 4440000, "calculatedEbitda": 31457000}, {"date": "2001-12-31", "symbol": "OHI", "reportedCurrency": "USD", "cik": "0000888491", "fillingDate": "2002-03-29", "acceptedDate": "2002-03-29 00:00:00", "calendarYear": "2001", "period": "FY", "revenue": 257618000, "costOfRevenue": 0, "grossProfit": 257618000, "grossProfitRatio": 1, "researchAndDevelopmentExpenses": 0, "generalAndAdministrativeExpenses": 10383000, "sellingAndMarketingExpenses": 0, "sellingGeneralAndAdministrativeExpenses": 10383000, "otherExpenses": 229334000, "operatingExpenses": 239717000, "costAndExpenses": 239717000, "interestIncome": 0, "interestExpense": 0, "depreciationAndAmortization": 22066000, "ebitda": 40644000, "ebitdaratio": 0.1577684789, "operatingIncome": 17224000, "operatingIncomeRatio": 0.0668586822, "totalOtherIncomeExpensesNet": -677000, "incomeBeforeTax": 16547000, "incomeBeforeTaxRatio": 0.0642307603, "incomeTaxExpense": 34558000, "netIncome": -16657000, "netIncomeRatio": -0.0646577491, "eps": -0.83, "epsdiluted": -0.83, "weightedAverageShsOut": 20027869, "weightedAverageShsOutDil": 20027869, "link": "https://www.sec.gov/Archives/edgar/data/888491/000088849102000034/0000888491-02-000034-index.htm", "finalLink": "https://www.sec.gov/Archives/edgar/data/888491/000088849102000034/form10k2001.txt", "calculatedOtherExpenses": 230011000, "calculatedOperatingExpenses": 240394000, "calculatedNetInterest": 0, "calculatedOtherIncome": -677000, "calculatedIncomeNonControlling": -1354000, "calculatedEbitda": 39290000}, {"date": "2000-12-31", "symbol": "OHI", "reportedCurrency": "USD", "cik": "0000888491", "fillingDate": "2001-04-02", "acceptedDate": "2001-04-02 00:00:00", "calendarYear": "2000", "period": "FY", "revenue": 275793000, "costOfRevenue": 0, "grossProfit": 275793000, "grossProfitRatio": 1, "researchAndDevelopmentExpenses": 0, "generalAndAdministrativeExpenses": 6425000, "sellingAndMarketingExpenses": 0, "sellingGeneralAndAdministrativeExpenses": 6425000, "otherExpenses": 296503000, "operatingExpenses": 302928000, "costAndExpenses": 302928000, "interestIncome": 0, "interestExpense": 0, "depreciationAndAmortization": 23265000, "ebitda": -13859000, "ebitdaratio": -0.0502514567, "operatingIncome": -17146000, "operatingIncomeRatio": -0.0621698158, "totalOtherIncomeExpensesNet": 9989000, "incomeBeforeTax": -7157000, "incomeBeforeTaxRatio": -0.0259506224, "incomeTaxExpense": 22422000, "netIncome": -49557000, "netIncomeRatio": -0.1796891147, "eps": -2.22, "epsdiluted": -2.22, "weightedAverageShsOut": 22310403, "weightedAverageShsOutDil": 22310403, "link": "https://www.sec.gov/Archives/edgar/data/888491/000088849101000038/0000888491-01-000038-index.htm", "finalLink": "https://www.sec.gov/Archives/edgar/data/888491/000088849101000038/0000888491-01-000038-0001.txt", "calculatedOtherExpenses": 286514000, "calculatedOperatingExpenses": 292939000, "calculatedNetInterest": 0, "calculatedOtherIncome": 9989000, "calculatedIncomeNonControlling": 19978000, "calculatedEbitda": 6119000}, {"date": "1999-12-31", "symbol": "OHI", "reportedCurrency": "USD", "cik": "0000888491", "fillingDate": "2000-01-25", "acceptedDate": "2000-01-25 00:00:00", "calendarYear": "1999", "period": "FY", "revenue": 122375000, "costOfRevenue": 0, "grossProfit": 122375000, "grossProfitRatio": 1, "researchAndDevelopmentExpenses": 0, "generalAndAdministrativeExpenses": 6120000, "sellingAndMarketingExpenses": 0, "sellingGeneralAndAdministrativeExpenses": 6120000, "otherExpenses": 24211000, "operatingExpenses": 30331000, "costAndExpenses": 30331000, "interestIncome": 0, "interestExpense": 0, "depreciationAndAmortization": 24211000, "ebitda": 116255000, "ebitdaratio": 0.9499897855, "operatingIncome": 92044000, "operatingIncomeRatio": 0.7521470889, "totalOtherIncomeExpensesNet": 0, "incomeBeforeTax": 0, "incomeBeforeTaxRatio": 0, "incomeTaxExpense": 72373000, "netIncome": 19671000, "netIncomeRatio": 0.1607436159, "eps": 0.51, "epsdiluted": 0.51, "weightedAverageShsOut": 19686275, "weightedAverageShsOutDil": 19686275, "link": "https://www.sec.gov/Archives/edgar/data/888491/000105196400000009/0001051964-00-000009-index.html", "finalLink": "https://www.sec.gov/Archives/edgar/data/888491/000105196400000009/", "calculatedOtherExpenses": 24211000, "calculatedOperatingExpenses": 30331000, "calculatedNetInterest": 0, "calculatedOtherIncome": -92044000, "calculatedIncomeNonControlling": -92044000, "calculatedEbitda": 116255000}, {"date": "1998-12-31", "symbol": "OHI", "reportedCurrency": "USD", "cik": "0000888491", "fillingDate": "1999-02-16", "acceptedDate": "1999-02-16 00:00:00", "calendarYear": "1998", "period": "FY", "revenue": 108738000, "costOfRevenue": 0, "grossProfit": 108738000, "grossProfitRatio": 1, "researchAndDevelopmentExpenses": 0, "generalAndAdministrativeExpenses": 5365000, "sellingAndMarketingExpenses": 0, "sellingGeneralAndAdministrativeExpenses": 5365000, "otherExpenses": 21542000, "operatingExpenses": 26907000, "costAndExpenses": 26907000, "interestIncome": 0, "interestExpense": 0, "depreciationAndAmortization": 21543000, "ebitda": 103374000, "ebitdaratio": 0.9506704188, "operatingIncome": 81831000, "operatingIncomeRatio": 0.7525520057, "totalOtherIncomeExpensesNet": 0, "incomeBeforeTax": 0, "incomeBeforeTaxRatio": 0, "incomeTaxExpense": 5622000, "netIncome": 76209000, "netIncomeRatio": 0.7008497489, "eps": 3.39, "epsdiluted": 3.39, "weightedAverageShsOut": 20000000, "weightedAverageShsOutDil": 20000000, "link": "https://www.sec.gov/Archives/edgar/data/888491/000095012499001178/0000950124-99-001178-index.html", "finalLink": "https://www.sec.gov/Archives/edgar/data/888491/", "calculatedOtherExpenses": 21542000, "calculatedOperatingExpenses": 26907000, "calculatedNetInterest": 0, "calculatedOtherIncome": -81831000, "calculatedIncomeNonControlling": -81831000, "calculatedEbitda": 103374000}, {"date": "1997-12-31", "symbol": "OHI", "reportedCurrency": "USD", "cik": "0000888491", "fillingDate": "1998-03-31", "acceptedDate": "1998-03-31 00:00:00", "calendarYear": "1997", "period": "FY", "revenue": 90820000, "costOfRevenue": 0, "grossProfit": 90820000, "grossProfitRatio": 1, "researchAndDevelopmentExpenses": 0, "generalAndAdministrativeExpenses": 4636000, "sellingAndMarketingExpenses": 0, "sellingGeneralAndAdministrativeExpenses": 4636000, "otherExpenses": 16910000, "operatingExpenses": 21546000, "costAndExpenses": 21546000, "interestIncome": 0, "interestExpense": 0, "depreciationAndAmortization": 16910000, "ebitda": 86184000, "ebitdaratio": 0.9489539749, "operatingIncome": 69274000, "operatingIncomeRatio": 0.7627615063, "totalOtherIncomeExpensesNet": 0, "incomeBeforeTax": 0, "incomeBeforeTaxRatio": 0, "incomeTaxExpense": 24423000, "netIncome": 44851000, "netIncomeRatio": 0.4938449681, "eps": 2.16, "epsdiluted": 2.16, "weightedAverageShsOut": 19166667, "weightedAverageShsOutDil": 19166667, "link": "https://www.sec.gov/Archives/edgar/data/888491/000095012498001886/0000950124-98-001886-index.html", "finalLink": "https://www.sec.gov/Archives/edgar/data/888491/", "calculatedOtherExpenses": 16910000, "calculatedOperatingExpenses": 21546000, "calculatedNetInterest": 0, "calculatedOtherIncome": -69274000, "calculatedIncomeNonControlling": -69274000, "calculatedEbitda": 86184000}, {"date": "1996-12-31", "symbol": "OHI", "reportedCurrency": "USD", "cik": "0000888491", "fillingDate": "1997-03-31", "acceptedDate": "1997-03-31 00:00:00", "calendarYear": "1996", "period": "FY", "revenue": 73127000, "costOfRevenue": 0, "grossProfit": 73127000, "grossProfitRatio": 1, "researchAndDevelopmentExpenses": 0, "generalAndAdministrativeExpenses": 4008000, "sellingAndMarketingExpenses": 0, "sellingGeneralAndAdministrativeExpenses": 4008000, "otherExpenses": 13693000, "operatingExpenses": 17701000, "costAndExpenses": 17701000, "interestIncome": 0, "interestExpense": 0, "depreciationAndAmortization": 13693000, "ebitda": 69119000, "ebitdaratio": 0.9451912426, "operatingIncome": 55426000, "operatingIncomeRatio": 0.7579416631, "totalOtherIncomeExpensesNet": 0, "incomeBeforeTax": 0, "incomeBeforeTaxRatio": 0, "incomeTaxExpense": 20836000, "netIncome": 34590000, "netIncomeRatio": 0.4730127039, "eps": 2.01, "epsdiluted": 2.01, "weightedAverageShsOut": 17196000, "weightedAverageShsOutDil": 17196000, "link": "https://www.sec.gov/Archives/edgar/data/888491/000095012497001929/0000950124-97-001929-index.html", "finalLink": "https://www.sec.gov/Archives/edgar/data/888491/", "calculatedOtherExpenses": 13693000, "calculatedOperatingExpenses": 17701000, "calculatedNetInterest": 0, "calculatedOtherIncome": -55426000, "calculatedIncomeNonControlling": -55426000, "calculatedEbitda": 69119000}, {"date": "1995-12-31", "symbol": "OHI", "reportedCurrency": "USD", "cik": "0000888491", "fillingDate": "1995-12-31", "acceptedDate": "1995-12-30 19:00:00", "calendarYear": "1995", "period": "FY", "revenue": 61400000, "costOfRevenue": 0, "grossProfit": 61400000, "grossProfitRatio": 1, "researchAndDevelopmentExpenses": 0, "generalAndAdministrativeExpenses": 3600000, "sellingAndMarketingExpenses": 0, "sellingGeneralAndAdministrativeExpenses": 3600000, "otherExpenses": -16600000, "operatingExpenses": -13000000, "costAndExpenses": -13000000, "interestIncome": 0, "interestExpense": 0, "depreciationAndAmortization": 13000000, "ebitda": 87400000, "ebitdaratio": 1.4234527687, "operatingIncome": 74400000, "operatingIncomeRatio": 1.2117263844, "totalOtherIncomeExpensesNet": 0, "incomeBeforeTax": 0, "incomeBeforeTaxRatio": 0, "incomeTaxExpense": 51400000, "netIncome": 23000000, "netIncomeRatio": 0.3745928339, "eps": 1.43, "epsdiluted": 1.43, "weightedAverageShsOut": 16083916, "weightedAverageShsOutDil": 16083916, "link": "", "finalLink": "", "calculatedOtherExpenses": -16600000, "calculatedOperatingExpenses": -13000000, "calculatedNetInterest": 0, "calculatedOtherIncome": -74400000, "calculatedIncomeNonControlling": -74400000, "calculatedEbitda": 87400000}, {"date": "1994-12-31", "symbol": "OHI", "reportedCurrency": "USD", "cik": "0000888491", "fillingDate": "1994-12-31", "acceptedDate": "1994-12-30 19:00:00", "calendarYear": "1994", "period": "FY", "revenue": 37800000, "costOfRevenue": 0, "grossProfit": 37800000, "grossProfitRatio": 1, "researchAndDevelopmentExpenses": 0, "generalAndAdministrativeExpenses": 2700000, "sellingAndMarketingExpenses": 0, "sellingGeneralAndAdministrativeExpenses": 2700000, "otherExpenses": -9400000, "operatingExpenses": -6700000, "costAndExpenses": -6700000, "interestIncome": 0, "interestExpense": 0, "depreciationAndAmortization": 6700000, "ebitda": 51200000, "ebitdaratio": 1.3544973545, "operatingIncome": 44500000, "operatingIncomeRatio": 1.1772486772, "totalOtherIncomeExpensesNet": 0, "incomeBeforeTax": 0, "incomeBeforeTaxRatio": 0, "incomeTaxExpense": 26700000, "netIncome": 17800000, "netIncomeRatio": 0.4708994709, "eps": 1.7, "epsdiluted": 1.7, "weightedAverageShsOut": 8787879, "weightedAverageShsOutDil": 8787879, "link": "", "finalLink": "", "calculatedOtherExpenses": -9400000, "calculatedOperatingExpenses": -6700000, "calculatedNetInterest": 0, "calculatedOtherIncome": -44500000, "calculatedIncomeNonControlling": -44500000, "calculatedEbitda": 51200000}, {"date": "1993-12-31", "symbol": "OHI", "reportedCurrency": "USD", "cik": "0000888491", "fillingDate": "1993-12-31", "acceptedDate": "1993-12-30 19:00:00", "calendarYear": "1993", "period": "FY", "revenue": 20800000, "costOfRevenue": 0, "grossProfit": 20800000, "grossProfitRatio": 1, "researchAndDevelopmentExpenses": 0, "generalAndAdministrativeExpenses": 1800000, "sellingAndMarketingExpenses": 0, "sellingGeneralAndAdministrativeExpenses": 1800000, "otherExpenses": -4600000, "operatingExpenses": -2800000, "costAndExpenses": -2800000, "interestIncome": 0, "interestExpense": 0, "depreciationAndAmortization": 3000000, "ebitda": 26600000, "ebitdaratio": 1.2788461538, "operatingIncome": 23600000, "operatingIncomeRatio": 1.1346153846, "totalOtherIncomeExpensesNet": 0, "incomeBeforeTax": 0, "incomeBeforeTaxRatio": 0, "incomeTaxExpense": 12000000, "netIncome": 11600000, "netIncomeRatio": 0.5576923077, "eps": 1.78, "epsdiluted": 1.78, "weightedAverageShsOut": 6516854, "weightedAverageShsOutDil": 6516854, "link": "", "finalLink": "", "calculatedOtherExpenses": -4600000, "calculatedOperatingExpenses": -2800000, "calculatedNetInterest": 0, "calculatedOtherIncome": -23600000, "calculatedIncomeNonControlling": -23600000, "calculatedEbitda": 26600000}, {"date": "1992-12-31", "symbol": "OHI", "reportedCurrency": "USD", "cik": "0000888491", "fillingDate": "1992-12-31", "acceptedDate": "1992-12-30 19:00:00", "calendarYear": "1992", "period": "FY", "revenue": 5900000, "costOfRevenue": 0, "grossProfit": 5900000, "grossProfitRatio": 1, "researchAndDevelopmentExpenses": 0, "generalAndAdministrativeExpenses": 500000, "sellingAndMarketingExpenses": 0, "sellingGeneralAndAdministrativeExpenses": 500000, "otherExpenses": -1200000, "operatingExpenses": -700000, "costAndExpenses": -700000, "interestIncome": 0, "interestExpense": 0, "depreciationAndAmortization": 800000, "ebitda": 7400000, "ebitdaratio": 1.2542372881, "operatingIncome": 6600000, "operatingIncomeRatio": 1.1186440678, "totalOtherIncomeExpensesNet": 0, "incomeBeforeTax": 0, "incomeBeforeTaxRatio": 0, "incomeTaxExpense": 2200000, "netIncome": 4400000, "netIncomeRatio": 0.7457627119, "eps": 0.68, "epsdiluted": 0.68, "weightedAverageShsOut": 6470588, "weightedAverageShsOutDil": 6470588, "link": "", "finalLink": "", "calculatedOtherExpenses": -1200000, "calculatedOperatingExpenses": -700000, "calculatedNetInterest": 0, "calculatedOtherIncome": -6600000, "calculatedIncomeNonControlling": -6600000, "calculatedEbitda": 7400000}]}