{"originalCurrency": "USD", "convertedCurrency": "USD", "report": [{"date": "2023-12-31", "symbol": "OI", "reportedCurrency": "USD", "cik": "0000812074", "fillingDate": "2024-02-14", "acceptedDate": "2024-02-14 16:31:33", "calendarYear": "2023", "period": "FY", "revenue": 7105000000, "costOfRevenue": 5662000000, "grossProfit": 1443000000, "grossProfitRatio": 0.203096411, "researchAndDevelopmentExpenses": 92000000, "generalAndAdministrativeExpenses": 19000000, "sellingAndMarketingExpenses": 540000000, "sellingGeneralAndAdministrativeExpenses": 540000000, "otherExpenses": 14000000, "operatingExpenses": 632000000, "costAndExpenses": 6294000000, "interestIncome": 0, "interestExpense": 342000000, "depreciationAndAmortization": 483000000, "ebitda": 1294000000, "ebitdaratio": 0.1821252639, "operatingIncome": 811000000, "operatingIncomeRatio": 0.1141449683, "totalOtherIncomeExpensesNet": -744000000, "incomeBeforeTax": 67000000, "incomeBeforeTaxRatio": 0.0094299789, "incomeTaxExpense": 152000000, "netIncome": -103000000, "netIncomeRatio": -0.0144968332, "eps": -0.67, "epsdiluted": -0.67, "weightedAverageShsOut": 154651000, "weightedAverageShsOutDil": 154651000, "link": "https://www.sec.gov/Archives/edgar/data/812074/000155837024001165/0001558370-24-001165-index.htm", "finalLink": "https://www.sec.gov/Archives/edgar/data/812074/000155837024001165/oi-20231231x10k.htm", "calculatedOtherExpenses": 0, "calculatedOperatingExpenses": 632000000, "calculatedNetInterest": -342000000, "calculatedOtherIncome": -402000000, "calculatedIncomeNonControlling": 18000000, "calculatedEbitda": 1294000000}, {"date": "2022-12-31", "symbol": "OI", "reportedCurrency": "USD", "cik": "0000812074", "fillingDate": "2023-02-08", "acceptedDate": "2023-02-08 16:31:02", "calendarYear": "2022", "period": "FY", "revenue": 6856000000, "costOfRevenue": 5643000000, "grossProfit": 1213000000, "grossProfitRatio": 0.1769253209, "researchAndDevelopmentExpenses": 79000000, "generalAndAdministrativeExpenses": 20000000, "sellingAndMarketingExpenses": 496000000, "sellingGeneralAndAdministrativeExpenses": 496000000, "otherExpenses": 299000000, "operatingExpenses": 575000000, "costAndExpenses": 6218000000, "interestIncome": 213000000, "interestExpense": 239000000, "depreciationAndAmortization": 465000000, "ebitda": 1509000000, "ebitdaratio": 0.2200991832, "operatingIncome": 1044000000, "operatingIncomeRatio": 0.1522753792, "totalOtherIncomeExpensesNet": -239000000, "incomeBeforeTax": 805000000, "incomeBeforeTaxRatio": 0.1174154026, "incomeTaxExpense": 178000000, "netIncome": 584000000, "netIncomeRatio": 0.0851808635, "eps": 3.76, "epsdiluted": 3.67, "weightedAverageShsOut": 155309000, "weightedAverageShsOutDil": 158985000, "link": "https://www.sec.gov/Archives/edgar/data/812074/000155837023001030/0001558370-23-001030-index.htm", "finalLink": "https://www.sec.gov/Archives/edgar/data/812074/000155837023001030/oi-20221231x10k.htm", "calculatedOtherExpenses": -406000000, "calculatedOperatingExpenses": 169000000, "calculatedNetInterest": -26000000, "calculatedOtherIncome": -213000000, "calculatedIncomeNonControlling": 43000000, "calculatedEbitda": 1509000000}, {"date": "2021-12-31", "symbol": "OI", "reportedCurrency": "USD", "cik": "0000812074", "fillingDate": "2022-02-09", "acceptedDate": "2022-02-09 06:46:45", "calendarYear": "2021", "period": "FY", "revenue": 6357000000, "costOfRevenue": 5266000000, "grossProfit": 1091000000, "grossProfitRatio": 0.1716218342, "researchAndDevelopmentExpenses": 82000000, "generalAndAdministrativeExpenses": 74000000, "sellingAndMarketingExpenses": 433000000, "sellingGeneralAndAdministrativeExpenses": 433000000, "otherExpenses": -118000000, "operatingExpenses": 515000000, "costAndExpenses": 5781000000, "interestIncome": 203000000, "interestExpense": 216000000, "depreciationAndAmortization": 463000000, "ebitda": 1011000000, "ebitdaratio": 0.1590372817, "operatingIncome": 548000000, "operatingIncomeRatio": 0.0862041844, "totalOtherIncomeExpensesNet": -216000000, "incomeBeforeTax": 332000000, "incomeBeforeTaxRatio": 0.0522258927, "incomeTaxExpense": 167000000, "netIncome": 149000000, "netIncomeRatio": 0.023438729, "eps": 0.95, "epsdiluted": 0.93, "weightedAverageShsOut": 157150000, "weightedAverageShsOutDil": 160309000, "link": "https://www.sec.gov/Archives/edgar/data/812074/000155837022000923/0001558370-22-000923-index.htm", "finalLink": "https://www.sec.gov/Archives/edgar/data/812074/000155837022000923/oi-20211231x10k.htm", "calculatedOtherExpenses": 28000000, "calculatedOperatingExpenses": 543000000, "calculatedNetInterest": -13000000, "calculatedOtherIncome": -203000000, "calculatedIncomeNonControlling": 16000000, "calculatedEbitda": 1011000000}, {"date": "2020-12-31", "symbol": "OI", "reportedCurrency": "USD", "cik": "0000812074", "fillingDate": "2021-02-16", "acceptedDate": "2021-02-16 06:48:52", "calendarYear": "2020", "period": "FY", "revenue": 6091000000, "costOfRevenue": 5119000000, "grossProfit": 972000000, "grossProfitRatio": 0.1595797078, "researchAndDevelopmentExpenses": 75000000, "generalAndAdministrativeExpenses": 26000000, "sellingAndMarketingExpenses": 403000000, "sellingGeneralAndAdministrativeExpenses": 403000000, "otherExpenses": 87000000, "operatingExpenses": 478000000, "costAndExpenses": 5597000000, "interestIncome": 265000000, "interestExpense": 265000000, "depreciationAndAmortization": 482000000, "ebitda": 1100000000, "ebitdaratio": 0.1805943195, "operatingIncome": 618000000, "operatingIncomeRatio": 0.1014611722, "totalOtherIncomeExpensesNet": -265000000, "incomeBeforeTax": 353000000, "incomeBeforeTaxRatio": 0.0579543589, "incomeTaxExpense": 89000000, "netIncome": 249000000, "netIncomeRatio": 0.0408799869, "eps": 1.59, "epsdiluted": 1.57, "weightedAverageShsOut": 156806000, "weightedAverageShsOutDil": 158785000, "link": "https://www.sec.gov/Archives/edgar/data/812074/000155837021001009/0001558370-21-001009-index.htm", "finalLink": "https://www.sec.gov/Archives/edgar/data/812074/000155837021001009/oi-20201231x10k.htm", "calculatedOtherExpenses": -124000000, "calculatedOperatingExpenses": 354000000, "calculatedNetInterest": 0, "calculatedOtherIncome": -265000000, "calculatedIncomeNonControlling": 15000000, "calculatedEbitda": 1100000000}, {"date": "2019-12-31", "symbol": "OI", "reportedCurrency": "USD", "cik": "0000812074", "fillingDate": "2020-02-21", "acceptedDate": "2020-02-21 06:24:46", "calendarYear": "2019", "period": "FY", "revenue": 6691000000, "costOfRevenue": 5483000000, "grossProfit": 1208000000, "grossProfitRatio": 0.1805410253, "researchAndDevelopmentExpenses": 68000000, "generalAndAdministrativeExpenses": 0, "sellingAndMarketingExpenses": 0, "sellingGeneralAndAdministrativeExpenses": 439000000, "otherExpenses": -729000000, "operatingExpenses": 507000000, "costAndExpenses": 5990000000, "interestIncome": 311000000, "interestExpense": 311000000, "depreciationAndAmortization": 509000000, "ebitda": 559000000, "ebitdaratio": 0.0835450605, "operatingIncome": 50000000, "operatingIncomeRatio": 0.0074727246, "totalOtherIncomeExpensesNet": -311000000, "incomeBeforeTax": -261000000, "incomeBeforeTaxRatio": -0.0390076222, "incomeTaxExpense": 118000000, "netIncome": -379000000, "netIncomeRatio": -0.0566432521, "eps": -2.44, "epsdiluted": -2.44, "weightedAverageShsOut": 155250000, "weightedAverageShsOutDil": 155250000, "link": "https://www.sec.gov/Archives/edgar/data/812074/000155837020001125/0001558370-20-001125-index.htm", "finalLink": "https://www.sec.gov/Archives/edgar/data/812074/000155837020001125/oi-20191231x10keddfad.htm", "calculatedOtherExpenses": 651000000, "calculatedOperatingExpenses": 1158000000, "calculatedNetInterest": 0, "calculatedOtherIncome": -311000000, "calculatedIncomeNonControlling": 0, "calculatedEbitda": 559000000}, {"date": "2018-12-31", "symbol": "OI", "reportedCurrency": "USD", "cik": "0000812074", "fillingDate": "2019-02-14", "acceptedDate": "2019-02-14 06:53:07", "calendarYear": "2018", "period": "FY", "revenue": 6877000000, "costOfRevenue": 5594000000, "grossProfit": 1283000000, "grossProfitRatio": 0.1865639087, "researchAndDevelopmentExpenses": 70000000, "generalAndAdministrativeExpenses": 483000000, "sellingAndMarketingExpenses": 0, "sellingGeneralAndAdministrativeExpenses": 483000000, "otherExpenses": -269000000, "operatingExpenses": 553000000, "costAndExpenses": 6147000000, "interestIncome": 0, "interestExpense": 261000000, "depreciationAndAmortization": 507000000, "ebitda": 1045000000, "ebitdaratio": 0.1519557947, "operatingIncome": 709000000, "operatingIncomeRatio": 0.1030972808, "totalOtherIncomeExpensesNet": -192000000, "incomeBeforeTax": 277000000, "incomeBeforeTaxRatio": 0.0402791915, "incomeTaxExpense": 108000000, "netIncome": 257000000, "netIncomeRatio": 0.0373709466, "eps": 1.6, "epsdiluted": 1.59, "weightedAverageShsOut": 160125000, "weightedAverageShsOutDil": 162088000, "link": "https://www.sec.gov/Archives/edgar/data/812074/000155837019000652/0001558370-19-000652-index.htm", "finalLink": "https://www.sec.gov/Archives/edgar/data/812074/000155837019000652/oi-20181231x10k.htm", "calculatedOtherExpenses": 21000000, "calculatedOperatingExpenses": 574000000, "calculatedNetInterest": -261000000, "calculatedOtherIncome": -171000000, "calculatedIncomeNonControlling": -88000000, "calculatedEbitda": 1216000000}, {"date": "2017-12-31", "symbol": "OI", "reportedCurrency": "USD", "cik": "0000812074", "fillingDate": "2018-02-14", "acceptedDate": "2018-02-14 07:02:56", "calendarYear": "2017", "period": "FY", "revenue": 6869000000, "costOfRevenue": 5736000000, "grossProfit": 1133000000, "grossProfitRatio": 0.1649439511, "researchAndDevelopmentExpenses": 60000000, "generalAndAdministrativeExpenses": 502000000, "sellingAndMarketingExpenses": 0, "sellingGeneralAndAdministrativeExpenses": 502000000, "otherExpenses": -105000000, "operatingExpenses": 562000000, "costAndExpenses": 6298000000, "interestIncome": 0, "interestExpense": 268000000, "depreciationAndAmortization": 501000000, "ebitda": 1044000000, "ebitdaratio": 0.1519871888, "operatingIncome": 530000000, "operatingIncomeRatio": 0.0771582472, "totalOtherIncomeExpensesNet": -28000000, "incomeBeforeTax": 275000000, "incomeBeforeTaxRatio": 0.0400349396, "incomeTaxExpense": 70000000, "netIncome": 180000000, "netIncomeRatio": 0.0262046877, "eps": 1.11, "epsdiluted": 1.1, "weightedAverageShsOut": 162737000, "weightedAverageShsOutDil": 164647000, "link": "https://www.sec.gov/Archives/edgar/data/812074/000155837018000669/0001558370-18-000669-index.htm", "finalLink": "https://www.sec.gov/Archives/edgar/data/812074/000155837018000669/oi-20171231x10k.htm", "calculatedOtherExpenses": 41000000, "calculatedOperatingExpenses": 603000000, "calculatedNetInterest": -268000000, "calculatedOtherIncome": 13000000, "calculatedIncomeNonControlling": 25000000, "calculatedEbitda": 1031000000}, {"date": "2016-12-31", "symbol": "OI", "reportedCurrency": "USD", "cik": "0000812074", "fillingDate": "2017-02-10", "acceptedDate": "2017-02-10 06:40:01", "calendarYear": "2016", "period": "FY", "revenue": 6702000000, "costOfRevenue": 5490000000, "grossProfit": 1212000000, "grossProfitRatio": 0.1808415398, "researchAndDevelopmentExpenses": 65000000, "generalAndAdministrativeExpenses": 503000000, "sellingAndMarketingExpenses": 0, "sellingGeneralAndAdministrativeExpenses": 503000000, "otherExpenses": -76000000, "operatingExpenses": 568000000, "costAndExpenses": 6058000000, "interestIncome": 0, "interestExpense": 272000000, "depreciationAndAmortization": 491000000, "ebitda": 1119000000, "ebitdaratio": 0.166965085, "operatingIncome": 605000000, "operatingIncomeRatio": 0.0902715607, "totalOtherIncomeExpensesNet": -16000000, "incomeBeforeTax": 356000000, "incomeBeforeTaxRatio": 0.0531184721, "incomeTaxExpense": 119000000, "netIncome": 209000000, "netIncomeRatio": 0.031184721, "eps": 1.29, "epsdiluted": 1.28, "weightedAverageShsOut": 161857000, "weightedAverageShsOutDil": 162825000, "link": "https://www.sec.gov/Archives/edgar/data/812074/000155837017000499/0001558370-17-000499-index.htm", "finalLink": "https://www.sec.gov/Archives/edgar/data/812074/000155837017000499/oi-20161231x10k.htm", "calculatedOtherExpenses": 39000000, "calculatedOperatingExpenses": 607000000, "calculatedNetInterest": -272000000, "calculatedOtherIncome": 23000000, "calculatedIncomeNonControlling": 28000000, "calculatedEbitda": 1096000000}, {"date": "2015-12-31", "symbol": "OI", "reportedCurrency": "USD", "cik": "0000812074", "fillingDate": "2016-02-16", "acceptedDate": "2016-02-16 06:47:32", "calendarYear": "2015", "period": "FY", "revenue": 6156000000, "costOfRevenue": 5046000000, "grossProfit": 1110000000, "grossProfitRatio": 0.1803118908, "researchAndDevelopmentExpenses": 64000000, "generalAndAdministrativeExpenses": 476000000, "sellingAndMarketingExpenses": 0, "sellingGeneralAndAdministrativeExpenses": 476000000, "otherExpenses": -320000000, "operatingExpenses": 540000000, "costAndExpenses": 5586000000, "interestIncome": 0, "interestExpense": 251000000, "depreciationAndAmortization": 424000000, "ebitda": 734000000, "ebitdaratio": 0.1192332684, "operatingIncome": 570000000, "operatingIncomeRatio": 0.0925925926, "totalOtherIncomeExpensesNet": -260000000, "incomeBeforeTax": 59000000, "incomeBeforeTaxRatio": 0.0095841455, "incomeTaxExpense": 106000000, "netIncome": -74000000, "netIncomeRatio": -0.0120207927, "eps": -0.46, "epsdiluted": -0.46, "weightedAverageShsOut": 161169000, "weightedAverageShsOutDil": 161169000, "link": "https://www.sec.gov/Archives/edgar/data/812074/000155837016003216/0001558370-16-003216-index.htm", "finalLink": "https://www.sec.gov/Archives/edgar/data/812074/000155837016003216/oi-20151231x10k.htm", "calculatedOtherExpenses": 0, "calculatedOperatingExpenses": 540000000, "calculatedNetInterest": -251000000, "calculatedOtherIncome": -260000000, "calculatedIncomeNonControlling": 27000000, "calculatedEbitda": 994000000}, {"date": "2014-12-31", "symbol": "OI", "reportedCurrency": "USD", "cik": "0000812074", "fillingDate": "2015-02-11", "acceptedDate": "2015-02-10 17:59:40", "calendarYear": "2014", "period": "FY", "revenue": 6784000000, "costOfRevenue": 5531000000, "grossProfit": 1253000000, "grossProfitRatio": 0.1846992925, "researchAndDevelopmentExpenses": 63000000, "generalAndAdministrativeExpenses": 523000000, "sellingAndMarketingExpenses": 0, "sellingGeneralAndAdministrativeExpenses": 523000000, "otherExpenses": -214000000, "operatingExpenses": 586000000, "costAndExpenses": 6117000000, "interestIncome": 0, "interestExpense": 230000000, "depreciationAndAmortization": 448000000, "ebitda": 965000000, "ebitdaratio": 0.1422464623, "operatingIncome": 598000000, "operatingIncomeRatio": 0.0881485849, "totalOtherIncomeExpensesNet": -150000000, "incomeBeforeTax": 287000000, "incomeBeforeTaxRatio": 0.0423054245, "incomeTaxExpense": 92000000, "netIncome": 144000000, "netIncomeRatio": 0.0212264151, "eps": 0.87, "epsdiluted": 0.87, "weightedAverageShsOut": 164721000, "weightedAverageShsOutDil": 166047000, "link": "https://www.sec.gov/Archives/edgar/data/812074/000104746915000716/0001047469-15-000716-index.htm", "finalLink": "https://www.sec.gov/Archives/edgar/data/812074/000104746915000716/a2222968z10-k.htm", "calculatedOtherExpenses": 69000000, "calculatedOperatingExpenses": 655000000, "calculatedNetInterest": -230000000, "calculatedOtherIncome": -81000000, "calculatedIncomeNonControlling": 51000000, "calculatedEbitda": 1046000000}, {"date": "2013-12-31", "symbol": "OI", "reportedCurrency": "USD", "cik": "0000812074", "fillingDate": "2014-02-13", "acceptedDate": "2014-02-13 16:14:22", "calendarYear": "2013", "period": "FY", "revenue": 6967000000, "costOfRevenue": 5636000000, "grossProfit": 1331000000, "grossProfitRatio": 0.1910434907, "researchAndDevelopmentExpenses": 62000000, "generalAndAdministrativeExpenses": 506000000, "sellingAndMarketingExpenses": 0, "sellingGeneralAndAdministrativeExpenses": 506000000, "otherExpenses": -266000000, "operatingExpenses": 568000000, "costAndExpenses": 6204000000, "interestIncome": 10000000, "interestExpense": 239000000, "depreciationAndAmortization": 397000000, "ebitda": 971000000, "ebitdaratio": 0.1393713219, "operatingIncome": 763000000, "operatingIncomeRatio": 0.1095162911, "totalOtherIncomeExpensesNet": -199000000, "incomeBeforeTax": 335000000, "incomeBeforeTaxRatio": 0.0480838237, "incomeTaxExpense": 120000000, "netIncome": 184000000, "netIncomeRatio": 0.0264102196, "eps": 1.11, "epsdiluted": 1.11, "weightedAverageShsOut": 164425000, "weightedAverageShsOutDil": 165828000, "link": "https://www.sec.gov/Archives/edgar/data/812074/000104746914000875/0001047469-14-000875-index.htm", "finalLink": "https://www.sec.gov/Archives/edgar/data/812074/000104746914000875/a2218189z10-k.htm", "calculatedOtherExpenses": 0, "calculatedOperatingExpenses": 568000000, "calculatedNetInterest": -229000000, "calculatedOtherIncome": -199000000, "calculatedIncomeNonControlling": 31000000, "calculatedEbitda": 1160000000}, {"date": "2012-12-31", "symbol": "OI", "reportedCurrency": "USD", "cik": "0000812074", "fillingDate": "2013-02-13", "acceptedDate": "2013-02-13 16:38:58", "calendarYear": "2012", "period": "FY", "revenue": 7000000000, "costOfRevenue": 5626000000, "grossProfit": 1374000000, "grossProfitRatio": 0.1962857143, "researchAndDevelopmentExpenses": 62000000, "generalAndAdministrativeExpenses": 555000000, "sellingAndMarketingExpenses": 0, "sellingGeneralAndAdministrativeExpenses": 555000000, "otherExpenses": -271000000, "operatingExpenses": 600000000, "costAndExpenses": 6226000000, "interestIncome": 9000000, "interestExpense": 248000000, "depreciationAndAmortization": 412000000, "ebitda": 988000000, "ebitdaratio": 0.1411428571, "operatingIncome": 774000000, "operatingIncomeRatio": 0.1105714286, "totalOtherIncomeExpensesNet": -207000000, "incomeBeforeTax": 328000000, "incomeBeforeTaxRatio": 0.0468571429, "incomeTaxExpense": 108000000, "netIncome": 184000000, "netIncomeRatio": 0.0262857143, "eps": 1.12, "epsdiluted": 1.11, "weightedAverageShsOut": 164474000, "weightedAverageShsOutDil": 165768000, "link": "https://www.sec.gov/Archives/edgar/data/812074/000104746913000991/0001047469-13-000991-index.htm", "finalLink": "https://www.sec.gov/Archives/edgar/data/812074/000104746913000991/a2212782z10-k.htm", "calculatedOtherExpenses": -17000000, "calculatedOperatingExpenses": 600000000, "calculatedNetInterest": -239000000, "calculatedOtherIncome": -207000000, "calculatedIncomeNonControlling": 36000000, "calculatedEbitda": 1186000000}, {"date": "2011-12-31", "symbol": "OI", "reportedCurrency": "USD", "cik": "0000812074", "fillingDate": "2012-02-09", "acceptedDate": "2012-02-09 16:20:36", "calendarYear": "2011", "period": "FY", "revenue": 7358000000, "costOfRevenue": 5979000000, "grossProfit": 1379000000, "grossProfitRatio": 0.1874150584, "researchAndDevelopmentExpenses": 71000000, "generalAndAdministrativeExpenses": 556000000, "sellingAndMarketingExpenses": 0, "sellingGeneralAndAdministrativeExpenses": 556000000, "otherExpenses": 0, "operatingExpenses": 627000000, "costAndExpenses": 6606000000, "interestIncome": 11000000, "interestExpense": 314000000, "depreciationAndAmortization": 422000000, "ebitda": 1251000000, "ebitdaratio": 0.1700190269, "operatingIncome": 752000000, "operatingIncomeRatio": 0.1022016852, "totalOtherIncomeExpensesNet": -855000000, "incomeBeforeTax": -406000000, "incomeBeforeTaxRatio": -0.0551780375, "incomeTaxExpense": 85000000, "netIncome": -510000000, "netIncomeRatio": -0.0693123131, "eps": -3.12, "epsdiluted": -3.12, "weightedAverageShsOut": 163691000, "weightedAverageShsOutDil": 163691000, "link": "https://www.sec.gov/Archives/edgar/data/812074/000104746912000772/0001047469-12-000772-index.htm", "finalLink": "https://www.sec.gov/Archives/edgar/data/812074/000104746912000772/a2207097z10-k.htm", "calculatedOtherExpenses": 0, "calculatedOperatingExpenses": 627000000, "calculatedNetInterest": -303000000, "calculatedOtherIncome": -855000000, "calculatedIncomeNonControlling": 19000000, "calculatedEbitda": 1174000000}, {"date": "2010-12-31", "symbol": "OI", "reportedCurrency": "USD", "cik": "0000812074", "fillingDate": "2011-02-10", "acceptedDate": "2011-02-10 16:21:01", "calendarYear": "2010", "period": "FY", "revenue": 6633000000, "costOfRevenue": 5283000000, "grossProfit": 1350000000, "grossProfitRatio": 0.2035278155, "researchAndDevelopmentExpenses": 62000000, "generalAndAdministrativeExpenses": 492000000, "sellingAndMarketingExpenses": 0, "sellingGeneralAndAdministrativeExpenses": 492000000, "otherExpenses": 0, "operatingExpenses": 554000000, "costAndExpenses": 5837000000, "interestIncome": 13000000, "interestExpense": 249000000, "depreciationAndAmortization": 391000000, "ebitda": 1259000000, "ebitdaratio": 0.1898085331, "operatingIncome": 560000000, "operatingIncomeRatio": 0.0844263531, "totalOtherIncomeExpensesNet": -136000000, "incomeBeforeTax": 424000000, "incomeBeforeTaxRatio": 0.0639228102, "incomeTaxExpense": 129000000, "netIncome": -47000000, "netIncomeRatio": -0.0070857832, "eps": -0.29, "epsdiluted": -0.28, "weightedAverageShsOut": 164271000, "weightedAverageShsOutDil": 167078000, "link": "https://www.sec.gov/Archives/edgar/data/812074/000104746911000741/0001047469-11-000741-index.htm", "finalLink": "https://www.sec.gov/Archives/edgar/data/812074/000104746911000741/a2201749z10-k.htm", "calculatedOtherExpenses": 236000000, "calculatedOperatingExpenses": 790000000, "calculatedNetInterest": -236000000, "calculatedOtherIncome": 100000000, "calculatedIncomeNonControlling": 342000000, "calculatedEbitda": 951000000}, {"date": "2009-12-31", "symbol": "OI", "reportedCurrency": "USD", "cik": "0000812074", "fillingDate": "2010-02-10", "acceptedDate": "2010-02-10 16:34:31", "calendarYear": "2009", "period": "FY", "revenue": 7066500000, "costOfRevenue": 5582600000, "grossProfit": 1483900000, "grossProfitRatio": 0.2099908017, "researchAndDevelopmentExpenses": 58800000, "generalAndAdministrativeExpenses": 506400000, "sellingAndMarketingExpenses": 0, "sellingGeneralAndAdministrativeExpenses": 506400000, "otherExpenses": 0, "operatingExpenses": 965500000, "costAndExpenses": 6548100000, "interestIncome": 28600000, "interestExpense": 221700000, "depreciationAndAmortization": 395900000, "ebitda": 942900000, "ebitdaratio": 0.1334323923, "operatingIncome": 918700000, "operatingIncomeRatio": 0.1300077832, "totalOtherIncomeExpensesNet": -400300000, "incomeBeforeTax": 325300000, "incomeBeforeTaxRatio": 0.0460341046, "incomeTaxExpense": 127500000, "netIncome": 161800000, "netIncomeRatio": 0.0228967664, "eps": 0.96, "epsdiluted": 0.95, "weightedAverageShsOut": 167687000, "weightedAverageShsOutDil": 170540000, "link": "https://www.sec.gov/Archives/edgar/data/812074/000110465910006102/0001104659-10-006102-index.htm", "finalLink": "https://www.sec.gov/Archives/edgar/data/812074/000110465910006102/a09-35364_110k.htm", "calculatedOtherExpenses": 0, "calculatedOperatingExpenses": 565200000, "calculatedNetInterest": -193100000, "calculatedOtherIncome": -400300000, "calculatedIncomeNonControlling": 36000000, "calculatedEbitda": 1314600000}, {"date": "2008-12-31", "symbol": "OI", "reportedCurrency": "USD", "cik": "0000812074", "fillingDate": "2009-02-17", "acceptedDate": "2009-02-17 14:39:32", "calendarYear": "2008", "period": "FY", "revenue": 7884700000, "costOfRevenue": 6208100000, "grossProfit": 1676600000, "grossProfitRatio": 0.2126396692, "researchAndDevelopmentExpenses": 66600000, "generalAndAdministrativeExpenses": 511900000, "sellingAndMarketingExpenses": 0, "sellingGeneralAndAdministrativeExpenses": 511900000, "otherExpenses": 0, "operatingExpenses": 578500000, "costAndExpenses": 6786600000, "interestIncome": 38600000, "interestExpense": 253000000, "depreciationAndAmortization": 459900000, "ebitda": 1647400000, "ebitdaratio": 0.2089362943, "operatingIncome": 1098100000, "operatingIncomeRatio": 0.1392697249, "totalOtherIncomeExpensesNet": -325300000, "incomeBeforeTax": 558400000, "incomeBeforeTaxRatio": 0.0708207034, "incomeTaxExpense": 236700000, "netIncome": 258300000, "netIncomeRatio": 0.0327596484, "eps": 1.55, "epsdiluted": 1.52, "weightedAverageShsOut": 163178000, "weightedAverageShsOutDil": 169677000, "link": "https://www.sec.gov/Archives/edgar/data/812074/000110465909010082/0001104659-09-010082-index.htm", "finalLink": "https://www.sec.gov/Archives/edgar/data/812074/000110465909010082/a09-1539_110k.htm", "calculatedOtherExpenses": 0, "calculatedOperatingExpenses": 578500000, "calculatedNetInterest": -214400000, "calculatedOtherIncome": -325300000, "calculatedIncomeNonControlling": 63400000, "calculatedEbitda": 1558000000}, {"date": "2007-12-31", "symbol": "OI", "reportedCurrency": "USD", "cik": "0000812074", "fillingDate": "2008-02-29", "acceptedDate": "2008-02-29 14:44:55", "calendarYear": "2007", "period": "FY", "revenue": 7679200000, "costOfRevenue": 5971400000, "grossProfit": 1707800000, "grossProfitRatio": 0.2223929576, "researchAndDevelopmentExpenses": 65800000, "generalAndAdministrativeExpenses": 520600000, "sellingAndMarketingExpenses": 0, "sellingGeneralAndAdministrativeExpenses": 520600000, "otherExpenses": 0, "operatingExpenses": 586400000, "costAndExpenses": 6557800000, "interestIncome": 0, "interestExpense": 0, "depreciationAndAmortization": 460900000, "ebitda": 1832100000, "ebitdaratio": 0.2385795395, "operatingIncome": 1121400000, "operatingIncomeRatio": 0.1460308365, "totalOtherIncomeExpensesNet": -215700000, "incomeBeforeTax": 506600000, "incomeBeforeTaxRatio": 0.0659704136, "incomeTaxExpense": 147800000, "netIncome": 1340600000, "netIncomeRatio": 0.1745754766, "eps": 8.55, "epsdiluted": 7.99, "weightedAverageShsOut": 154215269, "weightedAverageShsOutDil": 167767307, "link": "https://www.sec.gov/Archives/edgar/data/812074/000110465908014206/0001104659-08-014206-index.htm", "finalLink": "https://www.sec.gov/Archives/edgar/data/812074/000110465908014206/a08-2811_110k.htm", "calculatedOtherExpenses": 0, "calculatedOperatingExpenses": 586400000, "calculatedNetInterest": 0, "calculatedOtherIncome": -614800000, "calculatedIncomeNonControlling": -981800000, "calculatedEbitda": 1582300000}, {"date": "2006-12-31", "symbol": "OI", "reportedCurrency": "USD", "cik": "0000812074", "fillingDate": "2007-03-01", "acceptedDate": "2007-03-01 13:49:27", "calendarYear": "2006", "period": "FY", "revenue": 7523500000, "costOfRevenue": 6084000000, "grossProfit": 1439500000, "grossProfitRatio": 0.1913338207, "researchAndDevelopmentExpenses": 63800000, "generalAndAdministrativeExpenses": 564800000, "sellingAndMarketingExpenses": 0, "sellingGeneralAndAdministrativeExpenses": 564800000, "otherExpenses": 0, "operatingExpenses": 628600000, "costAndExpenses": 6712600000, "interestIncome": 0, "interestExpense": 0, "depreciationAndAmortization": 509200000, "ebitda": 1443900000, "ebitdaratio": 0.1919186549, "operatingIncome": 810900000, "operatingIncomeRatio": 0.1077822822, "totalOtherIncomeExpensesNet": -98100000, "incomeBeforeTax": 142600000, "incomeBeforeTaxRatio": 0.0189539443, "incomeTaxExpense": 126500000, "netIncome": -27500000, "netIncomeRatio": -0.0036552137, "eps": -0.18, "epsdiluted": -0.18, "weightedAverageShsOut": 152071000, "weightedAverageShsOutDil": 152071000, "link": "https://www.sec.gov/Archives/edgar/data/812074/000110465907015390/0001104659-07-015390-index.htm", "finalLink": "https://www.sec.gov/Archives/edgar/data/812074/000110465907015390/a07-5962_110k.htm", "calculatedOtherExpenses": 0, "calculatedOperatingExpenses": 628600000, "calculatedNetInterest": 0, "calculatedOtherIncome": -668300000, "calculatedIncomeNonControlling": 43600000, "calculatedEbitda": 1320100000}, {"date": "2005-12-31", "symbol": "OI", "reportedCurrency": "USD", "cik": "0000812074", "fillingDate": "2006-03-16", "acceptedDate": "2006-03-16 10:12:09", "calendarYear": "2005", "period": "FY", "revenue": 7189700000, "costOfRevenue": 5719500000, "grossProfit": 1470200000, "grossProfitRatio": 0.2044869744, "researchAndDevelopmentExpenses": 29800000, "generalAndAdministrativeExpenses": 523700000, "sellingAndMarketingExpenses": 0, "sellingGeneralAndAdministrativeExpenses": 523700000, "otherExpenses": 1135300000, "operatingExpenses": 1688800000, "costAndExpenses": 7408300000, "interestIncome": 0, "interestExpense": 0, "depreciationAndAmortization": 524000000, "ebitda": 902500000, "ebitdaratio": 0.1255267953, "operatingIncome": -218600000, "operatingIncomeRatio": -0.0304046066, "totalOtherIncomeExpensesNet": -574500000, "incomeBeforeTax": -218600000, "incomeBeforeTaxRatio": -0.0304046066, "incomeTaxExpense": 367100000, "netIncome": -558600000, "netIncomeRatio": -0.0776944796, "eps": -3.7, "epsdiluted": -3.7, "weightedAverageShsOut": 150910000, "weightedAverageShsOutDil": 150910000, "link": "https://www.sec.gov/Archives/edgar/data/812074/000110465906017125/0001104659-06-017125-index.htm", "finalLink": "https://www.sec.gov/Archives/edgar/data/812074/000110465906017125/a06-6864_110k.htm", "calculatedOtherExpenses": 1135300000, "calculatedOperatingExpenses": 1688800000, "calculatedNetInterest": 0, "calculatedOtherIncome": 0, "calculatedIncomeNonControlling": -27100000, "calculatedEbitda": 305400000}, {"date": "2004-12-31", "symbol": "OI", "reportedCurrency": "USD", "cik": "0000812074", "fillingDate": "2005-03-16", "acceptedDate": "2005-03-16 15:58:01", "calendarYear": "2004", "period": "FY", "revenue": 6263400000, "costOfRevenue": 4918400000, "grossProfit": 1345000000, "grossProfitRatio": 0.2147395983, "researchAndDevelopmentExpenses": 25400000, "generalAndAdministrativeExpenses": 435900000, "sellingAndMarketingExpenses": 0, "sellingGeneralAndAdministrativeExpenses": 435900000, "otherExpenses": 673400000, "operatingExpenses": 1134700000, "costAndExpenses": 6053100000, "interestIncome": 0, "interestExpense": 685200000, "depreciationAndAmortization": 474800000, "ebitda": 812800000, "ebitdaratio": 0.1297697736, "operatingIncome": 210300000, "operatingIncomeRatio": 0.033576013, "totalOtherIncomeExpensesNet": -99900000, "incomeBeforeTax": 210300000, "incomeBeforeTaxRatio": 0.033576013, "incomeTaxExpense": 5900000, "netIncome": 235500000, "netIncomeRatio": 0.0375993869, "eps": 1.45, "epsdiluted": 1.43, "weightedAverageShsOut": 147963416, "weightedAverageShsOutDil": 149679591, "link": "https://www.sec.gov/Archives/edgar/data/812074/000104746905006751/0001047469-05-006751-index.htm", "finalLink": "https://www.sec.gov/Archives/edgar/data/812074/000104746905006751/a2153665z10-k.htm", "calculatedOtherExpenses": 673400000, "calculatedOperatingExpenses": 1134700000, "calculatedNetInterest": -685200000, "calculatedOtherIncome": 685200000, "calculatedIncomeNonControlling": -31100000, "calculatedEbitda": 685100000}, {"date": "2003-12-31", "symbol": "OI", "reportedCurrency": "USD", "cik": "0000812074", "fillingDate": "2004-03-15", "acceptedDate": "2004-03-15 14:31:54", "calendarYear": "2003", "period": "FY", "revenue": 6110500000, "costOfRevenue": 4917200000, "grossProfit": 1193300000, "grossProfitRatio": 0.1952868014, "researchAndDevelopmentExpenses": 47600000, "generalAndAdministrativeExpenses": 391900000, "sellingAndMarketingExpenses": 0, "sellingGeneralAndAdministrativeExpenses": 391900000, "otherExpenses": -6495100000, "operatingExpenses": -6055600000, "costAndExpenses": -1138400000, "interestIncome": 0, "interestExpense": 0, "depreciationAndAmortization": 525200000, "ebitda": 9175700000, "ebitdaratio": 1.5016283447, "operatingIncome": 7248900000, "operatingIncomeRatio": 1.1863022666, "totalOtherIncomeExpensesNet": -1374500000, "incomeBeforeTax": -1116500000, "incomeBeforeTaxRatio": -0.1827182718, "incomeTaxExpense": -125700000, "netIncome": -990800000, "netIncomeRatio": -0.1621471238, "eps": -6.74, "epsdiluted": -6.74, "weightedAverageShsOut": 146923077, "weightedAverageShsOutDil": 146923077, "link": "https://www.sec.gov/Archives/edgar/data/812074/000104746904007941/0001047469-04-007941-index.htm", "finalLink": "https://www.sec.gov/Archives/edgar/data/812074/000104746904007941/a2130443z10-k.htm", "calculatedOtherExpenses": -6495100000, "calculatedOperatingExpenses": -6055600000, "calculatedNetInterest": 0, "calculatedOtherIncome": -8365400000, "calculatedIncomeNonControlling": 0, "calculatedEbitda": 7774100000}, {"date": "2002-12-31", "symbol": "OI", "reportedCurrency": "USD", "cik": "0000812074", "fillingDate": "2003-03-27", "acceptedDate": "2003-03-27 16:49:59", "calendarYear": "2002", "period": "FY", "revenue": 5760100000, "costOfRevenue": 4413400000, "grossProfit": 1346700000, "grossProfitRatio": 0.2337980243, "researchAndDevelopmentExpenses": 41100000, "generalAndAdministrativeExpenses": 867300000, "sellingAndMarketingExpenses": 0, "sellingGeneralAndAdministrativeExpenses": 867300000, "otherExpenses": 0, "operatingExpenses": 908400000, "costAndExpenses": 5321800000, "interestIncome": 0, "interestExpense": 438300000, "depreciationAndAmortization": 480700000, "ebitda": 850400000, "ebitdaratio": 0.1476363258, "operatingIncome": 438300000, "operatingIncomeRatio": 0.076092429, "totalOtherIncomeExpensesNet": 95600000, "incomeBeforeTax": 16600000, "incomeBeforeTaxRatio": 0.0028818944, "incomeTaxExpense": -18300000, "netIncome": -460200000, "netIncomeRatio": -0.0798944463, "eps": -3.14, "epsdiluted": -3.14, "weightedAverageShsOut": 146560000, "weightedAverageShsOutDil": 146560000, "link": "https://www.sec.gov/Archives/edgar/data/812074/000104746903010557/0001047469-03-010557-index.htm", "finalLink": "https://www.sec.gov/Archives/edgar/data/812074/000104746903010557/a2106089z10-k.htm", "calculatedOtherExpenses": 0, "calculatedOperatingExpenses": 908400000, "calculatedNetInterest": -438300000, "calculatedOtherIncome": 16600000, "calculatedIncomeNonControlling": 495100000, "calculatedEbitda": 919000000}, {"date": "2001-12-31", "symbol": "OI", "reportedCurrency": "USD", "cik": "0000812074", "fillingDate": "2002-04-01", "acceptedDate": "2002-04-01 00:00:00", "calendarYear": "2001", "period": "FY", "revenue": 6013300000, "costOfRevenue": 4218400000, "grossProfit": 1794900000, "grossProfitRatio": 0.2984883508, "researchAndDevelopmentExpenses": 41200000, "generalAndAdministrativeExpenses": 652500000, "sellingAndMarketingExpenses": 0, "sellingGeneralAndAdministrativeExpenses": 652500000, "otherExpenses": 0, "operatingExpenses": 693700000, "costAndExpenses": 4912100000, "interestIncome": 0, "interestExpense": 0, "depreciationAndAmortization": 543700000, "ebitda": 1080400000, "ebitdaratio": 0.1796684017, "operatingIncome": 1101200000, "operatingIncomeRatio": 0.1831274009, "totalOtherIncomeExpensesNet": 583900000, "incomeBeforeTax": 647100000, "incomeBeforeTaxRatio": 0.1076114613, "incomeTaxExpense": 286400000, "netIncome": 356600000, "netIncomeRatio": 0.0593018808, "eps": 2.3, "epsdiluted": 2.3, "weightedAverageShsOut": 155043478, "weightedAverageShsOutDil": 155043478, "link": "https://www.sec.gov/Archives/edgar/data/812074/000091205702012968/0000912057-02-012968-index.htm", "finalLink": "https://www.sec.gov/Archives/edgar/data/812074/000091205702012968/a2074786z10-k405.txt", "calculatedOtherExpenses": 0, "calculatedOperatingExpenses": 693700000, "calculatedNetInterest": 0, "calculatedOtherIncome": -454100000, "calculatedIncomeNonControlling": 4100000, "calculatedEbitda": 1644900000}, {"date": "2000-12-31", "symbol": "OI", "reportedCurrency": "USD", "cik": "0000812074", "fillingDate": "2001-04-02", "acceptedDate": "2001-04-02 00:00:00", "calendarYear": "2000", "period": "FY", "revenue": 5552100000, "costOfRevenue": 3809600000, "grossProfit": 1742500000, "grossProfitRatio": 0.3138452117, "researchAndDevelopmentExpenses": 46700000, "generalAndAdministrativeExpenses": 1313900000, "sellingAndMarketingExpenses": 0, "sellingGeneralAndAdministrativeExpenses": 1313900000, "otherExpenses": 549500000, "operatingExpenses": 1910100000, "costAndExpenses": 5719700000, "interestIncome": 0, "interestExpense": 0, "depreciationAndAmortization": 549500000, "ebitda": 151700000, "ebitdaratio": 0.0273229949, "operatingIncome": -167600000, "operatingIncomeRatio": -0.0301867762, "totalOtherIncomeExpensesNet": 230200000, "incomeBeforeTax": -413600000, "incomeBeforeTaxRatio": -0.0744943355, "incomeTaxExpense": -143900000, "netIncome": -269700000, "netIncomeRatio": -0.0485762144, "eps": -2, "epsdiluted": -2, "weightedAverageShsOut": 134850000, "weightedAverageShsOutDil": 134850000, "link": "https://www.sec.gov/Archives/edgar/data/812074/000091205701506253/0000912057-01-506253-index.htm", "finalLink": "https://www.sec.gov/Archives/edgar/data/812074/000091205701506253/a2043253z10-k.txt", "calculatedOtherExpenses": 549500000, "calculatedOperatingExpenses": 1910100000, "calculatedNetInterest": 0, "calculatedOtherIncome": -246000000, "calculatedIncomeNonControlling": 0, "calculatedEbitda": 381900000}, {"date": "1999-12-31", "symbol": "OI", "reportedCurrency": "USD", "cik": "0000812074", "fillingDate": "2000-03-30", "acceptedDate": "2000-03-30 00:00:00", "calendarYear": "1999", "period": "FY", "revenue": 5522900000, "costOfRevenue": 3751100000, "grossProfit": 1771800000, "grossProfitRatio": 0.3208097195, "researchAndDevelopmentExpenses": 37500000, "generalAndAdministrativeExpenses": 529100000, "sellingAndMarketingExpenses": 0, "sellingGeneralAndAdministrativeExpenses": 529100000, "otherExpenses": 545300000, "operatingExpenses": 1111900000, "costAndExpenses": 4863000000, "interestIncome": 0, "interestExpense": 0, "depreciationAndAmortization": 545300000, "ebitda": 969900000, "ebitdaratio": 0.1756142606, "operatingIncome": 659900000, "operatingIncomeRatio": 0.1194843289, "totalOtherIncomeExpensesNet": 235300000, "incomeBeforeTax": 484600000, "incomeBeforeTaxRatio": 0.0877437578, "incomeTaxExpense": 185500000, "netIncome": 298300000, "netIncomeRatio": 0.0540114795, "eps": 1.79, "epsdiluted": 1.78, "weightedAverageShsOut": 166648045, "weightedAverageShsOutDil": 167584270, "link": "https://www.sec.gov/Archives/edgar/data/812074/000081207400000003/0000812074-00-000003-index.html", "finalLink": "https://www.sec.gov/Archives/edgar/data/812074/000081207400000003/", "calculatedOtherExpenses": 545300000, "calculatedOperatingExpenses": 1111900000, "calculatedNetInterest": 0, "calculatedOtherIncome": -175300000, "calculatedIncomeNonControlling": 800000, "calculatedEbitda": 1205200000}, {"date": "1998-12-31", "symbol": "OI", "reportedCurrency": "USD", "cik": "0000812074", "fillingDate": "1999-03-31", "acceptedDate": "1999-03-31 00:00:00", "calendarYear": "1998", "period": "FY", "revenue": 5306300000, "costOfRevenue": 3611700000, "grossProfit": 1694600000, "grossProfitRatio": 0.3193562369, "researchAndDevelopmentExpenses": 36400000, "generalAndAdministrativeExpenses": 798300000, "sellingAndMarketingExpenses": 0, "sellingGeneralAndAdministrativeExpenses": 798300000, "otherExpenses": 463900000, "operatingExpenses": 1298600000, "costAndExpenses": 4910300000, "interestIncome": 0, "interestExpense": 0, "depreciationAndAmortization": 463900000, "ebitda": 666900000, "ebitdaratio": 0.1256807945, "operatingIncome": 396000000, "operatingIncomeRatio": 0.0746282721, "totalOtherIncomeExpensesNet": 193000000, "incomeBeforeTax": 188800000, "incomeBeforeTaxRatio": 0.0355803479, "incomeTaxExpense": 66700000, "netIncome": 108000000, "netIncomeRatio": 0.0203531651, "eps": 0.62, "epsdiluted": 0.62, "weightedAverageShsOut": 174193548, "weightedAverageShsOutDil": 174193548, "link": "https://www.sec.gov/Archives/edgar/data/812074/000081207499000004/0000812074-99-000004-index.html", "finalLink": "https://www.sec.gov/Archives/edgar/data/812074/", "calculatedOtherExpenses": 463900000, "calculatedOperatingExpenses": 1298600000, "calculatedNetInterest": 0, "calculatedOtherIncome": -207200000, "calculatedIncomeNonControlling": 14100000, "calculatedEbitda": 859900000}, {"date": "1997-12-31", "symbol": "OI", "reportedCurrency": "USD", "cik": "0000812074", "fillingDate": "1998-03-30", "acceptedDate": "1998-03-30 00:00:00", "calendarYear": "1997", "period": "FY", "revenue": 4658500000, "costOfRevenue": 3322900000, "grossProfit": 1335600000, "grossProfitRatio": 0.286701728, "researchAndDevelopmentExpenses": 28900000, "generalAndAdministrativeExpenses": 378100000, "sellingAndMarketingExpenses": 0, "sellingGeneralAndAdministrativeExpenses": 378100000, "otherExpenses": 343500000, "operatingExpenses": 750500000, "costAndExpenses": 4073400000, "interestIncome": 0, "interestExpense": 0, "depreciationAndAmortization": 343500000, "ebitda": 758700000, "ebitdaratio": 0.1628635827, "operatingIncome": 585100000, "operatingIncomeRatio": 0.1255983686, "totalOtherIncomeExpensesNet": 169900000, "incomeBeforeTax": 420900000, "incomeBeforeTaxRatio": 0.0903509713, "incomeTaxExpense": 148500000, "netIncome": 167900000, "netIncomeRatio": 0.0360416443, "eps": 1.25, "epsdiluted": 1.24, "weightedAverageShsOut": 134320000, "weightedAverageShsOutDil": 135403226, "link": "https://www.sec.gov/Archives/edgar/data/812074/000081207498000005/0000812074-98-000005-index.html", "finalLink": "https://www.sec.gov/Archives/edgar/data/812074/", "calculatedOtherExpenses": 343500000, "calculatedOperatingExpenses": 750500000, "calculatedNetInterest": 0, "calculatedOtherIncome": -164200000, "calculatedIncomeNonControlling": 104500000, "calculatedEbitda": 928600000}, {"date": "1996-12-31", "symbol": "OI", "reportedCurrency": "USD", "cik": "0000812074", "fillingDate": "1997-03-31", "acceptedDate": "1997-03-31 00:00:00", "calendarYear": "1996", "period": "FY", "revenue": 3845700000, "costOfRevenue": 2832600000, "grossProfit": 1013100000, "grossProfitRatio": 0.2634370856, "researchAndDevelopmentExpenses": 56700000, "generalAndAdministrativeExpenses": 188600000, "sellingAndMarketingExpenses": 0, "sellingGeneralAndAdministrativeExpenses": 188600000, "otherExpenses": 271600000, "operatingExpenses": 516900000, "costAndExpenses": 3349500000, "interestIncome": 0, "interestExpense": 0, "depreciationAndAmortization": 271600000, "ebitda": 637300000, "ebitdaratio": 0.1657175547, "operatingIncome": 496200000, "operatingIncomeRatio": 0.1290272252, "totalOtherIncomeExpensesNet": 130500000, "incomeBeforeTax": 296000000, "incomeBeforeTaxRatio": 0.0769690824, "incomeTaxExpense": 104900000, "netIncome": 191100000, "netIncomeRatio": 0.0496918636, "eps": 1.58, "epsdiluted": 1.58, "weightedAverageShsOut": 120949367, "weightedAverageShsOutDil": 123676471, "link": "https://www.sec.gov/Archives/edgar/data/812074/000081207497000010/0000812074-97-000010-index.html", "finalLink": "https://www.sec.gov/Archives/edgar/data/812074/", "calculatedOtherExpenses": 271600000, "calculatedOperatingExpenses": 516900000, "calculatedNetInterest": 0, "calculatedOtherIncome": -200200000, "calculatedIncomeNonControlling": 0, "calculatedEbitda": 767800000}, {"date": "1995-12-31", "symbol": "OI", "reportedCurrency": "USD", "cik": "0000812074", "fillingDate": "1996-03-29", "acceptedDate": "1996-03-29 00:00:00", "calendarYear": "1995", "period": "FY", "revenue": 3763200000, "costOfRevenue": 2710400000, "grossProfit": 1052800000, "grossProfitRatio": 0.2797619048, "researchAndDevelopmentExpenses": 54800000, "generalAndAdministrativeExpenses": 187800000, "sellingAndMarketingExpenses": 0, "sellingGeneralAndAdministrativeExpenses": 187800000, "otherExpenses": 238100000, "operatingExpenses": 480700000, "costAndExpenses": 3191100000, "interestIncome": 0, "interestExpense": 0, "depreciationAndAmortization": 238100000, "ebitda": 772700000, "ebitdaratio": 0.2053305697, "operatingIncome": 572100000, "operatingIncomeRatio": 0.1520248724, "totalOtherIncomeExpensesNet": 37500000, "incomeBeforeTax": 269900000, "incomeBeforeTaxRatio": 0.0717208759, "incomeTaxExpense": 100800000, "netIncome": 169100000, "netIncomeRatio": 0.0449351616, "eps": 1.4, "epsdiluted": 1.4, "weightedAverageShsOut": 120785714, "weightedAverageShsOutDil": 120785714, "link": "https://www.sec.gov/Archives/edgar/data/812074/000081207496000010/0000812074-96-000010-index.html", "finalLink": "https://www.sec.gov/Archives/edgar/data/812074/", "calculatedOtherExpenses": 238100000, "calculatedOperatingExpenses": 480700000, "calculatedNetInterest": 0, "calculatedOtherIncome": -302200000, "calculatedIncomeNonControlling": 0, "calculatedEbitda": 810200000}, {"date": "1994-12-31", "symbol": "OI", "reportedCurrency": "USD", "cik": "0000812074", "fillingDate": "1995-03-30", "acceptedDate": "1995-03-30 00:00:00", "calendarYear": "1994", "period": "FY", "revenue": 3567300000, "costOfRevenue": 2590700000, "grossProfit": 976600000, "grossProfitRatio": 0.2737644717, "researchAndDevelopmentExpenses": 54600000, "generalAndAdministrativeExpenses": 193500000, "sellingAndMarketingExpenses": 0, "sellingGeneralAndAdministrativeExpenses": 193500000, "otherExpenses": 233600000, "operatingExpenses": 481700000, "costAndExpenses": 3072400000, "interestIncome": 0, "interestExpense": 0, "depreciationAndAmortization": 233600000, "ebitda": 773900000, "ebitdaratio": 0.2169427859, "operatingIncome": 494900000, "operatingIncomeRatio": 0.1387323746, "totalOtherIncomeExpensesNet": -45400000, "incomeBeforeTax": 147200000, "incomeBeforeTaxRatio": 0.0412637008, "incomeTaxExpense": 68900000, "netIncome": 78300000, "netIncomeRatio": 0.0219493735, "eps": 0.64, "epsdiluted": 0.64, "weightedAverageShsOut": 122343750, "weightedAverageShsOutDil": 122343750, "link": "https://www.sec.gov/Archives/edgar/data/812074/000081207495000006/0000812074-95-000006-index.html", "finalLink": "https://www.sec.gov/Archives/edgar/data/812074/", "calculatedOtherExpenses": 233600000, "calculatedOperatingExpenses": 481700000, "calculatedNetInterest": 0, "calculatedOtherIncome": -347700000, "calculatedIncomeNonControlling": 0, "calculatedEbitda": 728500000}, {"date": "1993-12-31", "symbol": "OI", "reportedCurrency": "USD", "cik": "0000812074", "fillingDate": "1994-03-30", "acceptedDate": "1994-03-30 00:00:00", "calendarYear": "1993", "period": "FY", "revenue": 3535000000, "costOfRevenue": 2591500000, "grossProfit": 943500000, "grossProfitRatio": 0.2669024045, "researchAndDevelopmentExpenses": 0, "generalAndAdministrativeExpenses": 0, "sellingAndMarketingExpenses": 0, "sellingGeneralAndAdministrativeExpenses": 842800000, "otherExpenses": 232300000, "operatingExpenses": 1075100000, "costAndExpenses": 3666600000, "interestIncome": 0, "interestExpense": 0, "depreciationAndAmortization": 232300000, "ebitda": -26400000, "ebitdaratio": -0.0074681754, "operatingIncome": -131600000, "operatingIncomeRatio": -0.0372277228, "totalOtherIncomeExpensesNet": 127100000, "incomeBeforeTax": -313900000, "incomeBeforeTaxRatio": -0.0887977369, "incomeTaxExpense": -113100000, "netIncome": 4900000, "netIncomeRatio": 0.0013861386, "eps": 0.03, "epsdiluted": 0.03, "weightedAverageShsOut": 119077491, "weightedAverageShsOutDil": 119077491, "link": "https://www.sec.gov/Archives/edgar/data/812074/000081207494000007/0000812074-94-000007-index.html", "finalLink": "https://www.sec.gov/Archives/edgar/data/812074/", "calculatedOtherExpenses": 232300000, "calculatedOperatingExpenses": 1075100000, "calculatedNetInterest": 0, "calculatedOtherIncome": -182300000, "calculatedIncomeNonControlling": -205700000, "calculatedEbitda": 100700000}, {"date": "1992-12-31", "symbol": "OI", "reportedCurrency": "USD", "cik": "0000812074", "fillingDate": "1992-12-31", "acceptedDate": "1992-12-30 19:00:00", "calendarYear": "1992", "period": "FY", "revenue": 3672100000, "costOfRevenue": 2699100000, "grossProfit": 973000000, "grossProfitRatio": 0.2649709975, "researchAndDevelopmentExpenses": 0, "generalAndAdministrativeExpenses": 0, "sellingAndMarketingExpenses": 0, "sellingGeneralAndAdministrativeExpenses": 249500000, "otherExpenses": 251100000, "operatingExpenses": 500600000, "costAndExpenses": 3199700000, "interestIncome": 0, "interestExpense": 0, "depreciationAndAmortization": 251100000, "ebitda": 657000000, "ebitdaratio": 0.1789166962, "operatingIncome": 472400000, "operatingIncomeRatio": 0.128645734, "totalOtherIncomeExpensesNet": 66500000, "incomeBeforeTax": 173300000, "incomeBeforeTaxRatio": 0.0471937039, "incomeTaxExpense": 76600000, "netIncome": -134200000, "netIncomeRatio": -0.0365458457, "eps": -1.13, "epsdiluted": -1.13, "weightedAverageShsOut": 118761062, "weightedAverageShsOutDil": 118761062, "link": "", "finalLink": "", "calculatedOtherExpenses": 251100000, "calculatedOperatingExpenses": 500600000, "calculatedNetInterest": 0, "calculatedOtherIncome": -299100000, "calculatedIncomeNonControlling": 230900000, "calculatedEbitda": 723500000}, {"date": "1991-12-31", "symbol": "OI", "reportedCurrency": "USD", "cik": "0000812074", "fillingDate": "1991-12-31", "acceptedDate": "1991-12-30 19:00:00", "calendarYear": "1991", "period": "FY", "revenue": 3574800000, "costOfRevenue": 2658500000, "grossProfit": 916300000, "grossProfitRatio": 0.256322032, "researchAndDevelopmentExpenses": 0, "generalAndAdministrativeExpenses": 0, "sellingAndMarketingExpenses": 0, "sellingGeneralAndAdministrativeExpenses": 216500000, "otherExpenses": 165200000, "operatingExpenses": 381700000, "costAndExpenses": 3040200000, "interestIncome": 0, "interestExpense": 0, "depreciationAndAmortization": 165200000, "ebitda": 677400000, "ebitdaratio": 0.1894931185, "operatingIncome": 534600000, "operatingIncomeRatio": 0.1495468278, "totalOtherIncomeExpensesNet": 22400000, "incomeBeforeTax": 48500000, "incomeBeforeTaxRatio": 0.0135671926, "incomeTaxExpense": 58500000, "netIncome": -130100000, "netIncomeRatio": -0.0363936444, "eps": -1.09, "epsdiluted": -1.09, "weightedAverageShsOut": 118982000, "weightedAverageShsOutDil": 118982000, "link": "", "finalLink": "", "calculatedOtherExpenses": 165200000, "calculatedOperatingExpenses": 381700000, "calculatedNetInterest": 0, "calculatedOtherIncome": -486100000, "calculatedIncomeNonControlling": 120100000, "calculatedEbitda": 699800000}]}