{"originalCurrency": "USD", "convertedCurrency": "USD", "report": [{"date": "2023-12-31", "symbol": "OKE", "reportedCurrency": "USD", "cik": "0001039684", "fillingDate": "2024-02-27", "acceptedDate": "2024-02-27 16:18:54", "calendarYear": "2023", "period": "FY", "revenue": 17476000000, "costOfRevenue": 13924000000, "grossProfit": 3552000000, "grossProfitRatio": 0.2032501717, "researchAndDevelopmentExpenses": 0, "generalAndAdministrativeExpenses": 0, "sellingAndMarketingExpenses": 0, "sellingGeneralAndAdministrativeExpenses": 1319000000, "otherExpenses": 570000000, "operatingExpenses": -570000000, "costAndExpenses": 13354000000, "interestIncome": 0, "interestExpense": 888000000, "depreciationAndAmortization": 769000000, "ebitda": 4891000000, "ebitdaratio": 0.2798695354, "operatingIncome": 4122000000, "operatingIncomeRatio": 0.235866331, "totalOtherIncomeExpensesNet": -625000000, "incomeBeforeTax": 3497000000, "incomeBeforeTaxRatio": 0.2001029984, "incomeTaxExpense": 838000000, "netIncome": 2659000000, "netIncomeRatio": 0.1521515221, "eps": 5.49, "epsdiluted": 5.48, "weightedAverageShsOut": 484300000, "weightedAverageShsOutDil": 485400000, "link": "https://www.sec.gov/Archives/edgar/data/1039684/000103968424000015/0001039684-24-000015-index.htm", "finalLink": "https://www.sec.gov/Archives/edgar/data/1039684/000103968424000015/oke-20231231.htm", "calculatedOtherExpenses": -1889000000, "calculatedOperatingExpenses": -570000000, "calculatedNetInterest": -888000000, "calculatedOtherIncome": 263000000, "calculatedIncomeNonControlling": 0, "calculatedEbitda": 4891000000}, {"date": "2022-12-31", "symbol": "OKE", "reportedCurrency": "USD", "cik": "0001039684", "fillingDate": "2023-02-28", "acceptedDate": "2023-02-28 16:33:50", "calendarYear": "2022", "period": "FY", "revenue": 22386892000, "costOfRevenue": 18535998000, "grossProfit": 3850894000, "grossProfitRatio": 0.1720155705, "researchAndDevelopmentExpenses": 0, "generalAndAdministrativeExpenses": 0, "sellingAndMarketingExpenses": 0, "sellingGeneralAndAdministrativeExpenses": 958246000, "otherExpenses": 1043475000, "operatingExpenses": 1043475000, "costAndExpenses": 19579473000, "interestIncome": 675946000, "interestExpense": 675946000, "depreciationAndAmortization": 741753000, "ebitda": 3549172000, "ebitdaratio": 0.1585379516, "operatingIncome": 2807419000, "operatingIncomeRatio": 0.1254045894, "totalOtherIncomeExpensesNet": -557774000, "incomeBeforeTax": 2249645000, "incomeBeforeTaxRatio": 0.1004893846, "incomeTaxExpense": 527424000, "netIncome": 1722000000, "netIncomeRatio": 0.0769200119, "eps": 3.85, "epsdiluted": 3.84, "weightedAverageShsOut": 447507000, "weightedAverageShsOutDil": 448447000, "link": "https://www.sec.gov/Archives/edgar/data/1039684/000103968423000016/0001039684-23-000016-index.htm", "finalLink": "https://www.sec.gov/Archives/edgar/data/1039684/000103968423000016/oke-20221231.htm", "calculatedOtherExpenses": 85229000, "calculatedOperatingExpenses": 1043475000, "calculatedNetInterest": 0, "calculatedOtherIncome": -557774000, "calculatedIncomeNonControlling": 221000, "calculatedEbitda": 3549172000}, {"date": "2021-12-31", "symbol": "OKE", "reportedCurrency": "USD", "cik": "0001039684", "fillingDate": "2022-03-01", "acceptedDate": "2022-03-01 16:06:09", "calendarYear": "2021", "period": "FY", "revenue": 16540309000, "costOfRevenue": 12878356000, "grossProfit": 3661953000, "grossProfitRatio": 0.2213956825, "researchAndDevelopmentExpenses": 0, "generalAndAdministrativeExpenses": 0, "sellingAndMarketingExpenses": 0, "sellingGeneralAndAdministrativeExpenses": 900420000, "otherExpenses": 1067088000, "operatingExpenses": 1067088000, "costAndExpenses": 13945444000, "interestIncome": 732924000, "interestExpense": 732924000, "depreciationAndAmortization": 739494000, "ebitda": 3335753000, "ebitdaratio": 0.2016741646, "operatingIncome": 2596259000, "operatingIncomeRatio": 0.1569655682, "totalOtherIncomeExpensesNet": -612055000, "incomeBeforeTax": 1984204000, "incomeBeforeTaxRatio": 0.119961725, "incomeTaxExpense": 484498000, "netIncome": 1500000000, "netIncomeRatio": 0.090687544, "eps": 3.36, "epsdiluted": 3.35, "weightedAverageShsOut": 446403000, "weightedAverageShsOutDil": 447403000, "link": "https://www.sec.gov/Archives/edgar/data/1039684/000103968422000015/0001039684-22-000015-index.htm", "finalLink": "https://www.sec.gov/Archives/edgar/data/1039684/000103968422000015/oke-20211231.htm", "calculatedOtherExpenses": 165274000, "calculatedOperatingExpenses": 1065694000, "calculatedNetInterest": 0, "calculatedOtherIncome": -612055000, "calculatedIncomeNonControlling": -294000, "calculatedEbitda": 3335753000}, {"date": "2020-12-31", "symbol": "OKE", "reportedCurrency": "USD", "cik": "0001039684", "fillingDate": "2021-02-23", "acceptedDate": "2021-02-23 16:08:22", "calendarYear": "2020", "period": "FY", "revenue": 8542242000, "costOfRevenue": 5688808000, "grossProfit": 2853434000, "grossProfitRatio": 0.3340380664, "researchAndDevelopmentExpenses": 0, "generalAndAdministrativeExpenses": 0, "sellingAndMarketingExpenses": 0, "sellingGeneralAndAdministrativeExpenses": 761176000, "otherExpenses": 886204000, "operatingExpenses": 886204000, "costAndExpenses": 6575012000, "interestIncome": 712886000, "interestExpense": 712886000, "depreciationAndAmortization": 578662000, "ebitda": 2713805000, "ebitdaratio": 0.3176923576, "operatingIncome": 2135143000, "operatingIncomeRatio": 0.2499511252, "totalOtherIncomeExpensesNet": -1332827000, "incomeBeforeTax": 802316000, "incomeBeforeTaxRatio": 0.0939233517, "incomeTaxExpense": 189507000, "netIncome": 612809000, "netIncomeRatio": 0.0717386606, "eps": 1.42, "epsdiluted": 1.42, "weightedAverageShsOut": 431105000, "weightedAverageShsOutDil": 431782000, "link": "https://www.sec.gov/Archives/edgar/data/1039684/000103968421000015/0001039684-21-000015-index.htm", "finalLink": "https://www.sec.gov/Archives/edgar/data/1039684/000103968421000015/oke-20201231.htm", "calculatedOtherExpenses": -42885000, "calculatedOperatingExpenses": 718291000, "calculatedNetInterest": 0, "calculatedOtherIncome": -1332827000, "calculatedIncomeNonControlling": 0, "calculatedEbitda": 2713805000}, {"date": "2019-12-31", "symbol": "OKE", "reportedCurrency": "USD", "cik": "0001039684", "fillingDate": "2020-02-25", "acceptedDate": "2020-02-25 16:08:55", "calendarYear": "2019", "period": "FY", "revenue": 10164367000, "costOfRevenue": 7264575000, "grossProfit": 2899792000, "grossProfitRatio": 0.2852899743, "researchAndDevelopmentExpenses": 0, "generalAndAdministrativeExpenses": 0, "sellingAndMarketingExpenses": 0, "sellingGeneralAndAdministrativeExpenses": 876427000, "otherExpenses": 982864000, "operatingExpenses": 982864000, "costAndExpenses": 8247439000, "interestIncome": 491773000, "interestExpense": 491773000, "depreciationAndAmortization": 642706000, "ebitda": 2557059000, "ebitdaratio": 0.2515709045, "operatingIncome": 1914353000, "operatingIncomeRatio": 0.1883396182, "totalOtherIncomeExpensesNet": -263362000, "incomeBeforeTax": 1650991000, "incomeBeforeTaxRatio": 0.1624292984, "incomeTaxExpense": 372414000, "netIncome": 1278577000, "netIncomeRatio": 0.1257901254, "eps": 3.09, "epsdiluted": 3.08, "weightedAverageShsOut": 413560000, "weightedAverageShsOutDil": 415444000, "link": "https://www.sec.gov/Archives/edgar/data/1039684/000103968420000012/0001039684-20-000012-index.htm", "finalLink": "https://www.sec.gov/Archives/edgar/data/1039684/000103968420000012/oke10-k2019.htm", "calculatedOtherExpenses": 109012000, "calculatedOperatingExpenses": 985439000, "calculatedNetInterest": 0, "calculatedOtherIncome": -263362000, "calculatedIncomeNonControlling": 0, "calculatedEbitda": 2557059000}, {"date": "2018-12-31", "symbol": "OKE", "reportedCurrency": "USD", "cik": "0001039684", "fillingDate": "2019-02-26", "acceptedDate": "2019-02-26 16:06:41", "calendarYear": "2018", "period": "FY", "revenue": 12593196000, "costOfRevenue": 9851265000, "grossProfit": 2741931000, "grossProfitRatio": 0.2177311462, "researchAndDevelopmentExpenses": 0, "generalAndAdministrativeExpenses": 0, "sellingAndMarketingExpenses": 0, "sellingGeneralAndAdministrativeExpenses": 819882000, "otherExpenses": -14254000, "operatingExpenses": 907068000, "costAndExpenses": 10758333000, "interestIncome": 0, "interestExpense": 469620000, "depreciationAndAmortization": 428557000, "ebitda": 2407549000, "ebitdaratio": 0.1911785539, "operatingIncome": 1835464000, "operatingIncomeRatio": 0.1457504513, "totalOtherIncomeExpensesNet": 152692000, "incomeBeforeTax": 1517935000, "incomeBeforeTaxRatio": 0.1205361213, "incomeTaxExpense": 362903000, "netIncome": 1151703000, "netIncomeRatio": 0.0914543854, "eps": 2.8, "epsdiluted": 2.78, "weightedAverageShsOut": 411485000, "weightedAverageShsOutDil": 414195000, "link": "https://www.sec.gov/Archives/edgar/data/1039684/000103968419000016/0001039684-19-000016-index.htm", "finalLink": "https://www.sec.gov/Archives/edgar/data/1039684/000103968419000016/oke10-k2018.htm", "calculatedOtherExpenses": 86585000, "calculatedOperatingExpenses": 906467000, "calculatedNetInterest": -469620000, "calculatedOtherIncome": 152091000, "calculatedIncomeNonControlling": 3329000, "calculatedEbitda": 2264021000}, {"date": "2017-12-31", "symbol": "OKE", "reportedCurrency": "USD", "cik": "0001039684", "fillingDate": "2018-02-27", "acceptedDate": "2018-02-27 16:35:36", "calendarYear": "2017", "period": "FY", "revenue": 12173907000, "costOfRevenue": 9944380000, "grossProfit": 2229527000, "grossProfitRatio": 0.1831398088, "researchAndDevelopmentExpenses": 0, "generalAndAdministrativeExpenses": 0, "sellingAndMarketingExpenses": 0, "sellingGeneralAndAdministrativeExpenses": 737917000, "otherExpenses": -9551000, "operatingExpenses": 833586000, "costAndExpenses": 10777966000, "interestIncome": 0, "interestExpense": 485658000, "depreciationAndAmortization": 406335000, "ebitda": 1952003000, "ebitdaratio": 0.1603431832, "operatingIncome": 1380895000, "operatingIncomeRatio": 0.113430717, "totalOtherIncomeExpensesNet": 130518000, "incomeBeforeTax": 1040801000, "incomeBeforeTaxRatio": 0.0854944103, "incomeTaxExpense": 447282000, "netIncome": 387841000, "netIncomeRatio": 0.0318583837, "eps": 1.3, "epsdiluted": 1.29, "weightedAverageShsOut": 297477000, "weightedAverageShsOutDil": 299780000, "link": "https://www.sec.gov/Archives/edgar/data/1039684/000103968418000021/0001039684-18-000021-index.htm", "finalLink": "https://www.sec.gov/Archives/edgar/data/1039684/000103968418000021/oke10-k2017.htm", "calculatedOtherExpenses": 110715000, "calculatedOperatingExpenses": 848632000, "calculatedNetInterest": -485658000, "calculatedOtherIncome": 145564000, "calculatedIncomeNonControlling": 205678000, "calculatedEbitda": 1787230000}, {"date": "2016-12-31", "symbol": "OKE", "reportedCurrency": "USD", "cik": "0001039684", "fillingDate": "2017-02-28", "acceptedDate": "2017-02-28 16:16:30", "calendarYear": "2016", "period": "FY", "revenue": 8920934000, "costOfRevenue": 6887709000, "grossProfit": 2033225000, "grossProfitRatio": 0.2279161577, "researchAndDevelopmentExpenses": 0, "generalAndAdministrativeExpenses": 0, "sellingAndMarketingExpenses": 0, "sellingGeneralAndAdministrativeExpenses": 668335000, "otherExpenses": 2032000, "operatingExpenses": 757184000, "costAndExpenses": 7644893000, "interestIncome": 0, "interestExpense": 469651000, "depreciationAndAmortization": 391585000, "ebitda": 1809348000, "ebitdaratio": 0.202820467, "operatingIncome": 1285676000, "operatingIncomeRatio": 0.1441189902, "totalOtherIncomeExpensesNet": 151566000, "incomeBeforeTax": 957956000, "incomeBeforeTaxRatio": 0.1073829265, "incomeTaxExpense": 212406000, "netIncome": 352039000, "netIncomeRatio": 0.0394621236, "eps": 1.67, "epsdiluted": 1.66, "weightedAverageShsOut": 211128000, "weightedAverageShsOutDil": 212383000, "link": "https://www.sec.gov/Archives/edgar/data/1039684/000103968417000019/0001039684-17-000019-index.htm", "finalLink": "https://www.sec.gov/Archives/edgar/data/1039684/000103968417000019/oke10-k2016.htm", "calculatedOtherExpenses": 79214000, "calculatedOperatingExpenses": 747549000, "calculatedNetInterest": -469651000, "calculatedOtherIncome": 141931000, "calculatedIncomeNonControlling": 393511000, "calculatedEbitda": 1677261000}, {"date": "2015-12-31", "symbol": "OKE", "reportedCurrency": "USD", "cik": "0001039684", "fillingDate": "2016-02-23", "acceptedDate": "2016-02-23 16:46:06", "calendarYear": "2015", "period": "FY", "revenue": 7763206000, "costOfRevenue": 5995672000, "grossProfit": 1767534000, "grossProfitRatio": 0.2276809349, "researchAndDevelopmentExpenses": 0, "generalAndAdministrativeExpenses": 0, "sellingAndMarketingExpenses": 0, "sellingGeneralAndAdministrativeExpenses": 605748000, "otherExpenses": -4392000, "operatingExpenses": 693331000, "costAndExpenses": 6689003000, "interestIncome": 0, "interestExpense": 416787000, "depreciationAndAmortization": 354620000, "ebitda": 1549731000, "ebitdaratio": 0.1996251291, "operatingIncome": 996159000, "operatingIncomeRatio": 0.1283179913, "totalOtherIncomeExpensesNet": -135540000, "incomeBeforeTax": 521876000, "incomeBeforeTaxRatio": 0.0672242885, "incomeTaxExpense": 136600000, "netIncome": 244977000, "netIncomeRatio": 0.0315561638, "eps": 1.17, "epsdiluted": 1.16, "weightedAverageShsOut": 210208000, "weightedAverageShsOutDil": 210541000, "link": "https://www.sec.gov/Archives/edgar/data/1039684/000103968416000113/0001039684-16-000113-index.htm", "finalLink": "https://www.sec.gov/Archives/edgar/data/1039684/000103968416000113/oke10-k2015.htm", "calculatedOtherExpenses": 165627000, "calculatedOperatingExpenses": 771375000, "calculatedNetInterest": -416787000, "calculatedOtherIncome": -57496000, "calculatedIncomeNonControlling": 140299000, "calculatedEbitda": 1350779000}, {"date": "2014-12-31", "symbol": "OKE", "reportedCurrency": "USD", "cik": "0001039684", "fillingDate": "2015-02-25", "acceptedDate": "2015-02-25 08:44:27", "calendarYear": "2014", "period": "FY", "revenue": 12195091000, "costOfRevenue": 10383232000, "grossProfit": 1811859000, "grossProfitRatio": 0.1485728151, "researchAndDevelopmentExpenses": 0, "generalAndAdministrativeExpenses": 0, "sellingAndMarketingExpenses": 0, "sellingGeneralAndAdministrativeExpenses": 599143000, "otherExpenses": -23475000, "operatingExpenses": 674887000, "costAndExpenses": 11058119000, "interestIncome": 0, "interestExpense": 356163000, "depreciationAndAmortization": 306038000, "ebitda": 1460538000, "ebitdaratio": 0.11976442, "operatingIncome": 1143571000, "operatingIncomeRatio": 0.09377306, "totalOtherIncomeExpensesNet": 39064000, "incomeBeforeTax": 819873000, "incomeBeforeTaxRatio": 0.0672297566, "incomeTaxExpense": 151158000, "netIncome": 314107000, "netIncomeRatio": 0.0257568394, "eps": 1.5, "epsdiluted": 1.49, "weightedAverageShsOut": 209391000, "weightedAverageShsOutDil": 210427000, "link": "https://www.sec.gov/Archives/edgar/data/1039684/000103968415000017/0001039684-15-000017-index.htm", "finalLink": "https://www.sec.gov/Archives/edgar/data/1039684/000103968415000017/oke10-k2014.htm", "calculatedOtherExpenses": 69145000, "calculatedOperatingExpenses": 668288000, "calculatedNetInterest": -356163000, "calculatedOtherIncome": 32465000, "calculatedIncomeNonControlling": 354608000, "calculatedEbitda": 1449609000}, {"date": "2013-12-31", "symbol": "OKE", "reportedCurrency": "USD", "cik": "0001039684", "fillingDate": "2014-02-25", "acceptedDate": "2014-02-25 17:04:24", "calendarYear": "2013", "period": "FY", "revenue": 14602717000, "costOfRevenue": 12697411000, "grossProfit": 1905306000, "grossProfitRatio": 0.1304761299, "researchAndDevelopmentExpenses": 0, "generalAndAdministrativeExpenses": 0, "sellingAndMarketingExpenses": 0, "sellingGeneralAndAdministrativeExpenses": 479165000, "otherExpenses": 6776000, "operatingExpenses": 990453000, "costAndExpenses": 13687864000, "interestIncome": 0, "interestExpense": 334206000, "depreciationAndAmortization": 384377000, "ebitda": 1416523000, "ebitdaratio": 0.0970040712, "operatingIncome": 926734000, "operatingIncomeRatio": 0.0634631213, "totalOtherIncomeExpensesNet": 159696000, "incomeBeforeTax": 740343000, "incomeBeforeTaxRatio": 0.0506989898, "incomeTaxExpense": 163382000, "netIncome": 266533000, "netIncomeRatio": 0.0182522883, "eps": 1.29, "epsdiluted": 1.27, "weightedAverageShsOut": 206044000, "weightedAverageShsOutDil": 209695000, "link": "https://www.sec.gov/Archives/edgar/data/1039684/000103968414000019/0001039684-14-000019-index.htm", "finalLink": "https://www.sec.gov/Archives/edgar/data/1039684/000103968414000019/oke10-k2013.htm", "calculatedOtherExpenses": 499407000, "calculatedOperatingExpenses": 978572000, "calculatedNetInterest": -334206000, "calculatedOtherIncome": 147815000, "calculatedIncomeNonControlling": 310428000, "calculatedEbitda": 1311111000}, {"date": "2012-12-31", "symbol": "OKE", "reportedCurrency": "USD", "cik": "0001039684", "fillingDate": "2013-02-26", "acceptedDate": "2013-02-26 16:58:41", "calendarYear": "2012", "period": "FY", "revenue": 12632559000, "costOfRevenue": 10617562000, "grossProfit": 2014997000, "grossProfitRatio": 0.15950822, "researchAndDevelopmentExpenses": 0, "generalAndAdministrativeExpenses": 0, "sellingAndMarketingExpenses": 0, "sellingGeneralAndAdministrativeExpenses": 437650000, "otherExpenses": 7579000, "operatingExpenses": 908978000, "costAndExpenses": 11526540000, "interestIncome": 0, "interestExpense": 302305000, "depreciationAndAmortization": 335852000, "ebitda": 1572474000, "ebitdaratio": 0.1244778671, "operatingIncome": 1102500000, "operatingIncomeRatio": 0.0872744786, "totalOtherIncomeExpensesNet": 140732000, "incomeBeforeTax": 944446000, "incomeBeforeTaxRatio": 0.074762841, "incomeTaxExpense": 215195000, "netIncome": 360619000, "netIncomeRatio": 0.0285467893, "eps": 1.75, "epsdiluted": 1.71, "weightedAverageShsOut": 206140000, "weightedAverageShsOutDil": 210710000, "link": "https://www.sec.gov/Archives/edgar/data/1039684/000103968413000024/0001039684-13-000024-index.htm", "finalLink": "https://www.sec.gov/Archives/edgar/data/1039684/000103968413000024/oke10-k2012.htm", "calculatedOtherExpenses": 474847000, "calculatedOperatingExpenses": 912497000, "calculatedNetInterest": -302305000, "calculatedOtherIncome": 144251000, "calculatedIncomeNonControlling": 368632000, "calculatedEbitda": 1438352000}, {"date": "2011-12-31", "symbol": "OKE", "reportedCurrency": "USD", "cik": "0001039684", "fillingDate": "2012-02-21", "acceptedDate": "2012-02-21 16:08:31", "calendarYear": "2011", "period": "FY", "revenue": 14805794000, "costOfRevenue": 12425435000, "grossProfit": 2380359000, "grossProfitRatio": 0.1607721275, "researchAndDevelopmentExpenses": 0, "generalAndAdministrativeExpenses": 0, "sellingAndMarketingExpenses": 0, "sellingGeneralAndAdministrativeExpenses": 0, "otherExpenses": 1221446000, "operatingExpenses": 1221446000, "costAndExpenses": 13646881000, "interestIncome": 0, "interestExpense": 297006000, "depreciationAndAmortization": 312288000, "ebitda": 1598447000, "ebitdaratio": 0.1079609104, "operatingIncome": 1158913000, "operatingIncomeRatio": 0.0782742891, "totalOtherIncomeExpensesNet": 121655000, "incomeBeforeTax": 983562000, "incomeBeforeTaxRatio": 0.0664308851, "incomeTaxExpense": 226048000, "netIncome": 360594000, "netIncomeRatio": 0.0243549248, "eps": 1.72, "epsdiluted": 1.68, "weightedAverageShsOut": 209344000, "weightedAverageShsOutDil": 214498000, "link": "https://www.sec.gov/Archives/edgar/data/1039684/000103968412000027/0001039684-12-000027-index.htm", "finalLink": "https://www.sec.gov/Archives/edgar/data/1039684/000103968412000027/form_10-k.htm", "calculatedOtherExpenses": 1221446000, "calculatedOperatingExpenses": 1221446000, "calculatedNetInterest": -297006000, "calculatedOtherIncome": 121655000, "calculatedIncomeNonControlling": 396920000, "calculatedEbitda": 1471201000}, {"date": "2010-12-31", "symbol": "OKE", "reportedCurrency": "USD", "cik": "0001039684", "fillingDate": "2010-12-31", "acceptedDate": "2010-12-31 00:00:00", "calendarYear": "2010", "period": "FY", "revenue": 13030051000, "costOfRevenue": 10957509000, "grossProfit": 2072542000, "grossProfitRatio": 0.1590586253, "researchAndDevelopmentExpenses": 0, "generalAndAdministrativeExpenses": 0, "sellingAndMarketingExpenses": 0, "sellingGeneralAndAdministrativeExpenses": 0, "otherExpenses": 1147144000, "operatingExpenses": 1147144000, "costAndExpenses": 12104653000, "interestIncome": 0, "interestExpense": 292239000, "depreciationAndAmortization": 307317000, "ebitda": 1353214000, "ebitdaratio": 0.1038533157, "operatingIncome": 944017000, "operatingIncomeRatio": 0.0724492176, "totalOtherIncomeExpensesNet": 103386000, "incomeBeforeTax": 755164000, "incomeBeforeTaxRatio": 0.0579555675, "incomeTaxExpense": 213834000, "netIncome": 334632000, "netIncomeRatio": 0.0256815572, "eps": 1.57, "epsdiluted": 1.55, "weightedAverageShsOut": 212736000, "weightedAverageShsOutDil": 215570000, "link": null, "finalLink": null, "calculatedOtherExpenses": 1128525000, "calculatedOperatingExpenses": 1128525000, "calculatedNetInterest": -292239000, "calculatedOtherIncome": 103386000, "calculatedIncomeNonControlling": 206698000, "calculatedEbitda": 1251334000}, {"date": "2009-12-31", "symbol": "OKE", "reportedCurrency": "USD", "cik": "0001039684", "fillingDate": "2010-02-23", "acceptedDate": "2010-02-23 14:04:49", "calendarYear": "2009", "period": "FY", "revenue": 11111651000, "costOfRevenue": 9095705000, "grossProfit": 2015946000, "grossProfitRatio": 0.1814263245, "researchAndDevelopmentExpenses": 0, "generalAndAdministrativeExpenses": 0, "sellingAndMarketingExpenses": 0, "sellingGeneralAndAdministrativeExpenses": 0, "otherExpenses": 1126112000, "operatingExpenses": 1126112000, "costAndExpenses": 10221817000, "interestIncome": 0, "interestExpense": 300822000, "depreciationAndAmortization": 288991000, "ebitda": 1256353000, "ebitdaratio": 0.1130662761, "operatingIncome": 894640000, "operatingIncomeRatio": 0.0805136878, "totalOtherIncomeExpensesNet": 104707000, "incomeBeforeTax": 698525000, "incomeBeforeTaxRatio": 0.0628641954, "incomeTaxExpense": 207321000, "netIncome": 305451000, "netIncomeRatio": 0.0274892543, "eps": 1.45, "epsdiluted": 1.44, "weightedAverageShsOut": 210724000, "weightedAverageShsOutDil": 212640000, "link": "https://www.sec.gov/Archives/edgar/data/1039684/000090928110000030/0000909281-10-000030-index.htm", "finalLink": "https://www.sec.gov/Archives/edgar/data/1039684/000090928110000030/form_10-k.htm", "calculatedOtherExpenses": 1121306000, "calculatedOperatingExpenses": 1121306000, "calculatedNetInterest": -300822000, "calculatedOtherIncome": 104707000, "calculatedIncomeNonControlling": 185753000, "calculatedEbitda": 1183631000}, {"date": "2008-12-31", "symbol": "OKE", "reportedCurrency": "USD", "cik": "0001039684", "fillingDate": "2009-02-25", "acceptedDate": "2009-02-24 17:34:00", "calendarYear": "2008", "period": "FY", "revenue": 16157433000, "costOfRevenue": 14221906000, "grossProfit": 1935527000, "grossProfitRatio": 0.1197917392, "researchAndDevelopmentExpenses": 0, "generalAndAdministrativeExpenses": 0, "sellingAndMarketingExpenses": 0, "sellingGeneralAndAdministrativeExpenses": 0, "otherExpenses": 1020839000, "operatingExpenses": 1020839000, "costAndExpenses": 15242745000, "interestIncome": 0, "interestExpense": 315597000, "depreciationAndAmortization": 243927000, "ebitda": 1065504000, "ebitdaratio": 0.0659451288, "operatingIncome": 914688000, "operatingIncomeRatio": 0.0566109728, "totalOtherIncomeExpensesNet": 93111000, "incomeBeforeTax": 505980000, "incomeBeforeTaxRatio": 0.031315618, "incomeTaxExpense": 194071000, "netIncome": 311909000, "netIncomeRatio": 0.019304366, "eps": 1.5, "epsdiluted": 1.48, "weightedAverageShsOut": 208738000, "weightedAverageShsOutDil": 211520000, "link": "https://www.sec.gov/Archives/edgar/data/1039684/000103968409000010/0001039684-09-000010-index.htm", "finalLink": "https://www.sec.gov/Archives/edgar/data/1039684/000103968409000010/form_10-k.htm", "calculatedOtherExpenses": 1020839000, "calculatedOperatingExpenses": 1020839000, "calculatedNetInterest": -315597000, "calculatedOtherIncome": -93111000, "calculatedIncomeNonControlling": 0, "calculatedEbitda": 1158615000}, {"date": "2007-12-31", "symbol": "OKE", "reportedCurrency": "USD", "cik": "0001039684", "fillingDate": "2008-02-27", "acceptedDate": "2008-02-27 15:45:44", "calendarYear": "2007", "period": "FY", "revenue": 13477414000, "costOfRevenue": 11667306000, "grossProfit": 1810108000, "grossProfitRatio": 0.1343067743, "researchAndDevelopmentExpenses": 0, "generalAndAdministrativeExpenses": 0, "sellingAndMarketingExpenses": 0, "sellingGeneralAndAdministrativeExpenses": 0, "otherExpenses": 989474000, "operatingExpenses": 989474000, "costAndExpenses": 12656780000, "interestIncome": 0, "interestExpense": 225246000, "depreciationAndAmortization": 227964000, "ebitda": 942728000, "ebitdaratio": 0.0699487305, "operatingIncome": 820634000, "operatingIncomeRatio": 0.0608895742, "totalOtherIncomeExpensesNet": 105870000, "incomeBeforeTax": 489518000, "incomeBeforeTaxRatio": 0.0363213596, "incomeTaxExpense": 184597000, "netIncome": 304921000, "netIncomeRatio": 0.0226245925, "eps": 1.42, "epsdiluted": 1.4, "weightedAverageShsOut": 214692000, "weightedAverageShsOutDil": 218596000, "link": "https://www.sec.gov/Archives/edgar/data/1039684/000119312508040037/0001193125-08-040037-index.htm", "finalLink": "https://www.sec.gov/Archives/edgar/data/1039684/000119312508040037/d10k.htm", "calculatedOtherExpenses": 989474000, "calculatedOperatingExpenses": 989474000, "calculatedNetInterest": -225246000, "calculatedOtherIncome": -105870000, "calculatedIncomeNonControlling": 0, "calculatedEbitda": 1048598000}, {"date": "2006-12-31", "symbol": "OKE", "reportedCurrency": "USD", "cik": "0001039684", "fillingDate": "2007-03-01", "acceptedDate": "2007-02-28 18:36:04", "calendarYear": "2006", "period": "FY", "revenue": 11896104000, "costOfRevenue": 10176510000, "grossProfit": 1719594000, "grossProfitRatio": 0.1445510228, "researchAndDevelopmentExpenses": 0, "generalAndAdministrativeExpenses": 0, "sellingAndMarketingExpenses": 0, "sellingGeneralAndAdministrativeExpenses": 0, "otherExpenses": 973920000, "operatingExpenses": 973920000, "costAndExpenses": 11150430000, "interestIncome": 0, "interestExpense": 29106000, "depreciationAndAmortization": 235543000, "ebitda": 764725000, "ebitdaratio": 0.0642836512, "operatingIncome": 745674000, "operatingIncomeRatio": 0.0626822025, "totalOtherIncomeExpensesNet": 216492000, "incomeBeforeTax": 500441000, "incomeBeforeTaxRatio": 0.0420676383, "incomeTaxExpense": 193764000, "netIncome": 306312000, "netIncomeRatio": 0.0257489343, "eps": 1.37, "epsdiluted": 1.34, "weightedAverageShsOut": 224012000, "weightedAverageShsOutDil": 228954000, "link": "https://www.sec.gov/Archives/edgar/data/1039684/000119312507042960/0001193125-07-042960-index.htm", "finalLink": "https://www.sec.gov/Archives/edgar/data/1039684/000119312507042960/d10k.htm", "calculatedOtherExpenses": 973920000, "calculatedOperatingExpenses": 973920000, "calculatedNetInterest": -29106000, "calculatedOtherIncome": -216127000, "calculatedIncomeNonControlling": 365000, "calculatedEbitda": 981217000}, {"date": "2005-12-31", "symbol": "OKE", "reportedCurrency": "USD", "cik": "0001039684", "fillingDate": "2006-03-13", "acceptedDate": "2006-03-10 17:44:27", "calendarYear": "2005", "period": "FY", "revenue": 12676230000, "costOfRevenue": 11338076000, "grossProfit": 1338154000, "grossProfitRatio": 0.105564036, "researchAndDevelopmentExpenses": 0, "generalAndAdministrativeExpenses": 0, "sellingAndMarketingExpenses": 0, "sellingGeneralAndAdministrativeExpenses": 0, "otherExpenses": 803389000, "operatingExpenses": 803389000, "costAndExpenses": 12141465000, "interestIncome": 0, "interestExpense": -512813000, "depreciationAndAmortization": 183394000, "ebitda": 459647000, "ebitdaratio": 0.0362605443, "operatingIncome": 534765000, "operatingIncomeRatio": 0.0421864387, "totalOtherIncomeExpensesNet": 258512000, "incomeBeforeTax": 645669000, "incomeBeforeTaxRatio": 0.0509354122, "incomeTaxExpense": 242521000, "netIncome": 546545000, "netIncomeRatio": 0.0431157371, "eps": 2.72, "epsdiluted": 2.53, "weightedAverageShsOut": 200935662, "weightedAverageShsOutDil": 216025692, "link": "https://www.sec.gov/Archives/edgar/data/1039684/000119312506051266/0001193125-06-051266-index.htm", "finalLink": "https://www.sec.gov/Archives/edgar/data/1039684/000119312506051266/d10k.htm", "calculatedOtherExpenses": 803389000, "calculatedOperatingExpenses": 803389000, "calculatedNetInterest": 512813000, "calculatedOtherIncome": -401909000, "calculatedIncomeNonControlling": -143397000, "calculatedEbitda": 718159000}, {"date": "2004-12-31", "symbol": "OKE", "reportedCurrency": "USD", "cik": "0001039684", "fillingDate": "2005-03-08", "acceptedDate": "2005-03-08 16:00:15", "calendarYear": "2004", "period": "FY", "revenue": 5988080000, "costOfRevenue": 4743835000, "grossProfit": 1244245000, "grossProfitRatio": 0.2077869701, "researchAndDevelopmentExpenses": 0, "generalAndAdministrativeExpenses": 0, "sellingAndMarketingExpenses": 0, "sellingGeneralAndAdministrativeExpenses": 0, "otherExpenses": 754235000, "operatingExpenses": 754235000, "costAndExpenses": 5498070000, "interestIncome": 0, "interestExpense": 92262000, "depreciationAndAmortization": 188725000, "ebitda": 673132000, "ebitdaratio": 0.1124119918, "operatingIncome": 490010000, "operatingIncomeRatio": 0.0818309041, "totalOtherIncomeExpensesNet": 5603000, "incomeBeforeTax": 392145000, "incomeBeforeTaxRatio": 0.065487602, "incomeTaxExpense": 149967000, "netIncome": 242178000, "netIncomeRatio": 0.0404433475, "eps": 1.19, "epsdiluted": 1.15, "weightedAverageShsOut": 203930000, "weightedAverageShsOutDil": 210922000, "link": "https://www.sec.gov/Archives/edgar/data/1039684/000119312505044590/0001193125-05-044590-index.htm", "finalLink": "https://www.sec.gov/Archives/edgar/data/1039684/000119312505044590/d10k.htm", "calculatedOtherExpenses": 754235000, "calculatedOperatingExpenses": 754235000, "calculatedNetInterest": -92262000, "calculatedOtherIncome": -5603000, "calculatedIncomeNonControlling": 0, "calculatedEbitda": 678735000}, {"date": "2003-12-31", "symbol": "OKE", "reportedCurrency": "USD", "cik": "0001039684", "fillingDate": "2004-03-03", "acceptedDate": "2004-03-03 13:10:43", "calendarYear": "2003", "period": "FY", "revenue": 2998996000, "costOfRevenue": 1862518000, "grossProfit": 1136478000, "grossProfitRatio": 0.3789528229, "researchAndDevelopmentExpenses": 0, "generalAndAdministrativeExpenses": 0, "sellingAndMarketingExpenses": 0, "sellingGeneralAndAdministrativeExpenses": 0, "otherExpenses": 690414000, "operatingExpenses": 690414000, "costAndExpenses": 2552932000, "interestIncome": 0, "interestExpense": 200109000, "depreciationAndAmortization": 160861000, "ebitda": 603985000, "ebitdaratio": 0.2013957338, "operatingIncome": 446064000, "operatingIncomeRatio": 0.1487377776, "totalOtherIncomeExpensesNet": 2940000, "incomeBeforeTax": 344819000, "incomeBeforeTaxRatio": 0.114978146, "incomeTaxExpense": 130527000, "netIncome": 112488000, "netIncomeRatio": 0.0375085529, "eps": 0.74, "epsdiluted": 0.61, "weightedAverageShsOut": 161138000, "weightedAverageShsOutDil": 193998000, "link": "https://www.sec.gov/Archives/edgar/data/1039684/000119312504033606/0001193125-04-033606-index.htm", "finalLink": "https://www.sec.gov/Archives/edgar/data/1039684/000119312504033606/d10k.htm", "calculatedOtherExpenses": 690414000, "calculatedOperatingExpenses": 690414000, "calculatedNetInterest": -200109000, "calculatedOtherIncome": 98864000, "calculatedIncomeNonControlling": 101804000, "calculatedEbitda": 606925000}, {"date": "2002-12-31", "symbol": "OKE", "reportedCurrency": "USD", "cik": "0001039684", "fillingDate": "2003-03-10", "acceptedDate": "2003-03-07 18:15:57", "calendarYear": "2002", "period": "FY", "revenue": 2104280000, "costOfRevenue": 1128620000, "grossProfit": 975660000, "grossProfitRatio": 0.4636550269, "researchAndDevelopmentExpenses": 0, "generalAndAdministrativeExpenses": 0, "sellingAndMarketingExpenses": 0, "sellingGeneralAndAdministrativeExpenses": 0, "otherExpenses": 604182000, "operatingExpenses": 604182000, "costAndExpenses": 1732802000, "interestIncome": 0, "interestExpense": 108981000, "depreciationAndAmortization": 149964000, "ebitda": 528054000, "ebitdaratio": 0.2509428403, "operatingIncome": 371478000, "operatingIncomeRatio": 0.1765344916, "totalOtherIncomeExpensesNet": -6612000, "incomeBeforeTax": 258461000, "incomeBeforeTaxRatio": 0.1228263349, "incomeTaxExpense": 102485000, "netIncome": 166624000, "netIncomeRatio": 0.0791833786, "eps": 0.7, "epsdiluted": 0.7, "weightedAverageShsOut": 199828000, "weightedAverageShsOutDil": 201056000, "link": "https://www.sec.gov/Archives/edgar/data/1039684/000093066103000949/0000930661-03-000949-index.htm", "finalLink": "https://www.sec.gov/Archives/edgar/data/1039684/000093066103000949/d10k.htm", "calculatedOtherExpenses": 604182000, "calculatedOperatingExpenses": 604182000, "calculatedNetInterest": -108981000, "calculatedOtherIncome": -4036000, "calculatedIncomeNonControlling": -10648000, "calculatedEbitda": 521442000}, {"date": "2001-12-31", "symbol": "OKE", "reportedCurrency": "USD", "cik": "0001039684", "fillingDate": "2002-03-14", "acceptedDate": "2002-03-14 00:00:00", "calendarYear": "2001", "period": "FY", "revenue": 6803146000, "costOfRevenue": 5894361000, "grossProfit": 908785000, "grossProfitRatio": 0.1335830511, "researchAndDevelopmentExpenses": 0, "generalAndAdministrativeExpenses": 0, "sellingAndMarketingExpenses": 0, "sellingGeneralAndAdministrativeExpenses": 0, "otherExpenses": 613553000, "operatingExpenses": 613553000, "costAndExpenses": 6507914000, "interestIncome": 0, "interestExpense": 140557000, "depreciationAndAmortization": 158420000, "ebitda": 452776000, "ebitdaratio": 0.0665539149, "operatingIncome": 295232000, "operatingIncomeRatio": 0.0433963934, "totalOtherIncomeExpensesNet": 876000, "incomeBeforeTax": 155950000, "incomeBeforeTaxRatio": 0.0229232182, "incomeTaxExpense": 52234000, "netIncome": 101565000, "netIncomeRatio": 0.0149291225, "eps": 0.43, "epsdiluted": 0.43, "weightedAverageShsOut": 198898000, "weightedAverageShsOutDil": 199342000, "link": "https://www.sec.gov/Archives/edgar/data/1039684/000093066102000717/0000930661-02-000717-index.htm", "finalLink": "https://www.sec.gov/Archives/edgar/data/1039684/000093066102000717/d10k405.txt", "calculatedOtherExpenses": 613553000, "calculatedOperatingExpenses": 613553000, "calculatedNetInterest": -140557000, "calculatedOtherIncome": 1275000, "calculatedIncomeNonControlling": 2151000, "calculatedEbitda": 453652000}, {"date": "2000-12-31", "symbol": "OKE", "reportedCurrency": "USD", "cik": "0001039684", "fillingDate": "2001-03-26", "acceptedDate": "2001-03-26 00:00:00", "calendarYear": "2000", "period": "FY", "revenue": 6642858000, "costOfRevenue": 5845726000, "grossProfit": 797132000, "grossProfitRatio": 0.1199983501, "researchAndDevelopmentExpenses": 0, "generalAndAdministrativeExpenses": 0, "sellingAndMarketingExpenses": 0, "sellingGeneralAndAdministrativeExpenses": 0, "otherExpenses": 463199000, "operatingExpenses": 463199000, "costAndExpenses": 6308925000, "interestIncome": 0, "interestExpense": 79565000, "depreciationAndAmortization": 143983000, "ebitda": 459441000, "ebitdaratio": 0.0691631524, "operatingIncome": 333933000, "operatingIncomeRatio": 0.0502694774, "totalOtherIncomeExpensesNet": 18475000, "incomeBeforeTax": 233778000, "incomeBeforeTaxRatio": 0.0351923826, "incomeTaxExpense": 90286000, "netIncome": 145607000, "netIncomeRatio": 0.0219193305, "eps": 0.62, "epsdiluted": 0.62, "weightedAverageShsOut": 116856000, "weightedAverageShsOutDil": 196652000, "link": "https://www.sec.gov/Archives/edgar/data/1039684/000093066101000672/0000930661-01-000672-index.htm", "finalLink": "https://www.sec.gov/Archives/edgar/data/1039684/000093066101000672/0000930661-01-000672-0001.txt", "calculatedOtherExpenses": 463199000, "calculatedOperatingExpenses": 463199000, "calculatedNetInterest": -79565000, "calculatedOtherIncome": -20590000, "calculatedIncomeNonControlling": -2115000, "calculatedEbitda": 477916000}, {"date": "1999-12-31", "symbol": "OKE", "reportedCurrency": "USD", "cik": "0001039684", "fillingDate": "1999-12-31", "acceptedDate": "1999-12-31 00:00:00", "calendarYear": "1999", "period": "FY", "revenue": 808874000, "costOfRevenue": 523533000, "grossProfit": 285341000, "grossProfitRatio": 0.3527632239, "researchAndDevelopmentExpenses": 0, "generalAndAdministrativeExpenses": 0, "sellingAndMarketingExpenses": 0, "sellingGeneralAndAdministrativeExpenses": 0, "otherExpenses": 199377000, "operatingExpenses": 199377000, "costAndExpenses": 722910000, "interestIncome": 0, "interestExpense": 27883000, "depreciationAndAmortization": 43227000, "ebitda": 129191000, "ebitdaratio": 0.1597170882, "operatingIncome": 85964000, "operatingIncomeRatio": 0.106276132, "totalOtherIncomeExpensesNet": -27883000, "incomeBeforeTax": 58081000, "incomeBeforeTaxRatio": 0.0718047557, "incomeTaxExpense": 22737000, "netIncome": 35344000, "netIncomeRatio": 0.0436953098, "eps": 0.19, "epsdiluted": 0.18, "weightedAverageShsOut": 121700000, "weightedAverageShsOutDil": 201536000, "link": null, "finalLink": null, "calculatedOtherExpenses": 199377000, "calculatedOperatingExpenses": 199377000, "calculatedNetInterest": -27883000, "calculatedOtherIncome": 0, "calculatedIncomeNonControlling": 0, "calculatedEbitda": 129191000}, {"date": "1998-08-31", "symbol": "OKE", "reportedCurrency": "USD", "cik": "0001039684", "fillingDate": "1998-09-22", "acceptedDate": "1998-09-22 00:00:00", "calendarYear": "1998", "period": "FY", "revenue": 1835402000, "costOfRevenue": 1220009000, "grossProfit": 615393000, "grossProfitRatio": 0.3352905794, "researchAndDevelopmentExpenses": 0, "generalAndAdministrativeExpenses": 0, "sellingAndMarketingExpenses": 0, "sellingGeneralAndAdministrativeExpenses": 0, "otherExpenses": 412444000, "operatingExpenses": 412444000, "costAndExpenses": 1632453000, "interestIncome": 0, "interestExpense": 35075000, "depreciationAndAmortization": 101653000, "ebitda": 305108000, "ebitdaratio": 0.166234972, "operatingIncome": 202949000, "operatingIncomeRatio": 0.1105746861, "totalOtherIncomeExpensesNet": -34569000, "incomeBeforeTax": 168380000, "incomeBeforeTaxRatio": 0.0917401201, "incomeTaxExpense": 66585000, "netIncome": 101795000, "netIncomeRatio": 0.0554619642, "eps": 0.61, "epsdiluted": 0.56, "weightedAverageShsOut": 122697900, "weightedAverageShsOutDil": 182917452, "link": "https://www.sec.gov/Archives/edgar/data/1039684/000095013498007714/0000950134-98-007714-index.html", "finalLink": "https://www.sec.gov/Archives/edgar/data/1039684/", "calculatedOtherExpenses": 412444000, "calculatedOperatingExpenses": 412444000, "calculatedNetInterest": -35075000, "calculatedOtherIncome": 506000, "calculatedIncomeNonControlling": 0, "calculatedEbitda": 304602000}, {"date": "1997-08-31", "symbol": "OKE", "reportedCurrency": "USD", "cik": "0001039684", "fillingDate": "1997-08-31", "acceptedDate": "1997-08-31 00:00:00", "calendarYear": "1997", "period": "FY", "revenue": 1161900000, "costOfRevenue": 726000000, "grossProfit": 435900000, "grossProfitRatio": 0.3751613736, "researchAndDevelopmentExpenses": 0, "generalAndAdministrativeExpenses": 0, "sellingAndMarketingExpenses": 0, "sellingGeneralAndAdministrativeExpenses": 0, "otherExpenses": 307700000, "operatingExpenses": 307700000, "costAndExpenses": 1033700000, "interestIncome": 0, "interestExpense": 34100000, "depreciationAndAmortization": 73900000, "ebitda": 202100000, "ebitdaratio": 0.1739392375, "operatingIncome": 128200000, "operatingIncomeRatio": 0.1103365178, "totalOtherIncomeExpensesNet": 600000, "incomeBeforeTax": 94100000, "incomeBeforeTaxRatio": 0.0809880368, "incomeTaxExpense": 34800000, "netIncome": 59300000, "netIncomeRatio": 0.0510370944, "eps": 0.53, "epsdiluted": 0.53, "weightedAverageShsOut": 110576724, "weightedAverageShsOutDil": 110576724, "link": null, "finalLink": null, "calculatedOtherExpenses": 307700000, "calculatedOperatingExpenses": 307700000, "calculatedNetInterest": -34100000, "calculatedOtherIncome": 0, "calculatedIncomeNonControlling": 0, "calculatedEbitda": 202100000}, {"date": "1996-08-31", "symbol": "OKE", "reportedCurrency": "USD", "cik": "0001039684", "fillingDate": "1996-08-31", "acceptedDate": "1996-08-31 00:00:00", "calendarYear": "1996", "period": "FY", "revenue": 1224300000, "costOfRevenue": 807700000, "grossProfit": 416600000, "grossProfitRatio": 0.3402760761, "researchAndDevelopmentExpenses": 0, "generalAndAdministrativeExpenses": 0, "sellingAndMarketingExpenses": 0, "sellingGeneralAndAdministrativeExpenses": 0, "otherExpenses": 296200000, "operatingExpenses": 296200000, "costAndExpenses": 1103900000, "interestIncome": 0, "interestExpense": 34600000, "depreciationAndAmortization": 72600000, "ebitda": 193000000, "ebitdaratio": 0.157641101, "operatingIncome": 120400000, "operatingIncomeRatio": 0.0983419097, "totalOtherIncomeExpensesNet": 300000, "incomeBeforeTax": 85800000, "incomeBeforeTaxRatio": 0.0700808625, "incomeTaxExpense": 33000000, "netIncome": 52800000, "netIncomeRatio": 0.0431266846, "eps": 0.48, "epsdiluted": 0.48, "weightedAverageShsOut": 108601036, "weightedAverageShsOutDil": 108601036, "link": null, "finalLink": null, "calculatedOtherExpenses": 296200000, "calculatedOperatingExpenses": 296200000, "calculatedNetInterest": -34600000, "calculatedOtherIncome": 0, "calculatedIncomeNonControlling": 0, "calculatedEbitda": 193000000}, {"date": "1995-08-31", "symbol": "OKE", "reportedCurrency": "USD", "cik": "0001039684", "fillingDate": "1995-08-31", "acceptedDate": "1995-08-31 00:00:00", "calendarYear": "1995", "period": "FY", "revenue": 949900000, "costOfRevenue": 567800000, "grossProfit": 382100000, "grossProfitRatio": 0.4022528687, "researchAndDevelopmentExpenses": 0, "generalAndAdministrativeExpenses": 0, "sellingAndMarketingExpenses": 0, "sellingGeneralAndAdministrativeExpenses": 0, "otherExpenses": 277100000, "operatingExpenses": 277100000, "costAndExpenses": 844900000, "interestIncome": 0, "interestExpense": 36900000, "depreciationAndAmortization": 50000000, "ebitda": 155000000, "ebitdaratio": 0.1631750711, "operatingIncome": 105000000, "operatingIncomeRatio": 0.1105379514, "totalOtherIncomeExpensesNet": 400000, "incomeBeforeTax": 68100000, "incomeBeforeTaxRatio": 0.071691757, "incomeTaxExpense": 25300000, "netIncome": 42800000, "netIncomeRatio": 0.0450573745, "eps": 0.4, "epsdiluted": 0.4, "weightedAverageShsOut": 107341772, "weightedAverageShsOutDil": 107341772, "link": null, "finalLink": null, "calculatedOtherExpenses": 277100000, "calculatedOperatingExpenses": 277100000, "calculatedNetInterest": -36900000, "calculatedOtherIncome": 0, "calculatedIncomeNonControlling": 0, "calculatedEbitda": 155000000}, {"date": "1994-08-31", "symbol": "OKE", "reportedCurrency": "USD", "cik": "0001039684", "fillingDate": "1994-08-31", "acceptedDate": "1994-08-31 00:00:00", "calendarYear": "1994", "period": "FY", "revenue": 792400000, "costOfRevenue": 432400000, "grossProfit": 360000000, "grossProfitRatio": 0.454316002, "researchAndDevelopmentExpenses": 0, "generalAndAdministrativeExpenses": 0, "sellingAndMarketingExpenses": 0, "sellingGeneralAndAdministrativeExpenses": 0, "otherExpenses": 268500000, "operatingExpenses": 268500000, "costAndExpenses": 700900000, "interestIncome": 0, "interestExpense": 34200000, "depreciationAndAmortization": 52800000, "ebitda": 144300000, "ebitdaratio": 0.1821049975, "operatingIncome": 91500000, "operatingIncomeRatio": 0.1154719838, "totalOtherIncomeExpensesNet": 600000, "incomeBeforeTax": 57300000, "incomeBeforeTaxRatio": 0.0723119637, "incomeTaxExpense": 21100000, "netIncome": 36200000, "netIncomeRatio": 0.045683998, "eps": 0.34, "epsdiluted": 0.34, "weightedAverageShsOut": 106865672, "weightedAverageShsOutDil": 106865672, "link": null, "finalLink": null, "calculatedOtherExpenses": 268500000, "calculatedOperatingExpenses": 268500000, "calculatedNetInterest": -34200000, "calculatedOtherIncome": 0, "calculatedIncomeNonControlling": 0, "calculatedEbitda": 144300000}, {"date": "1993-08-31", "symbol": "OKE", "reportedCurrency": "USD", "cik": "0001039684", "fillingDate": "1993-08-31", "acceptedDate": "1993-08-31 00:00:00", "calendarYear": "1993", "period": "FY", "revenue": 789100000, "costOfRevenue": 0, "grossProfit": 789100000, "grossProfitRatio": 1, "researchAndDevelopmentExpenses": 0, "generalAndAdministrativeExpenses": 0, "sellingAndMarketingExpenses": 0, "sellingGeneralAndAdministrativeExpenses": 0, "otherExpenses": 0, "operatingExpenses": 0, "costAndExpenses": 0, "interestIncome": 0, "interestExpense": 0, "depreciationAndAmortization": 0, "ebitda": 789100000, "ebitdaratio": 1, "operatingIncome": 789100000, "operatingIncomeRatio": 1, "totalOtherIncomeExpensesNet": 0, "incomeBeforeTax": 0, "incomeBeforeTaxRatio": 0, "incomeTaxExpense": 750700000, "netIncome": 38400000, "netIncomeRatio": 0.0486630338, "eps": 0.36, "epsdiluted": 0.36, "weightedAverageShsOut": 106293706, "weightedAverageShsOutDil": 106293706, "link": null, "finalLink": null, "calculatedOtherExpenses": 0, "calculatedOperatingExpenses": 0, "calculatedNetInterest": 0, "calculatedOtherIncome": -789100000, "calculatedIncomeNonControlling": -789100000, "calculatedEbitda": 789100000}, {"date": "1992-08-31", "symbol": "OKE", "reportedCurrency": "USD", "cik": "0001039684", "fillingDate": "1992-08-31", "acceptedDate": "1992-08-31 00:00:00", "calendarYear": "1992", "period": "FY", "revenue": 677100000, "costOfRevenue": 0, "grossProfit": 677100000, "grossProfitRatio": 1, "researchAndDevelopmentExpenses": 0, "generalAndAdministrativeExpenses": 0, "sellingAndMarketingExpenses": 0, "sellingGeneralAndAdministrativeExpenses": 0, "otherExpenses": 0, "operatingExpenses": 0, "costAndExpenses": 0, "interestIncome": 0, "interestExpense": 0, "depreciationAndAmortization": 0, "ebitda": 677100000, "ebitdaratio": 1, "operatingIncome": 677100000, "operatingIncomeRatio": 1, "totalOtherIncomeExpensesNet": 0, "incomeBeforeTax": 0, "incomeBeforeTaxRatio": 0, "incomeTaxExpense": 644500000, "netIncome": 32600000, "netIncomeRatio": 0.0481465072, "eps": 0.3, "epsdiluted": 0.3, "weightedAverageShsOut": 106446281, "weightedAverageShsOutDil": 106446281, "link": null, "finalLink": null, "calculatedOtherExpenses": 0, "calculatedOperatingExpenses": 0, "calculatedNetInterest": 0, "calculatedOtherIncome": -677100000, "calculatedIncomeNonControlling": -677100000, "calculatedEbitda": 677100000}, {"date": "1991-08-31", "symbol": "OKE", "reportedCurrency": "USD", "cik": "0001039684", "fillingDate": "1991-08-31", "acceptedDate": "1991-08-31 00:00:00", "calendarYear": "1991", "period": "FY", "revenue": 689500000, "costOfRevenue": 0, "grossProfit": 689500000, "grossProfitRatio": 1, "researchAndDevelopmentExpenses": 0, "generalAndAdministrativeExpenses": 0, "sellingAndMarketingExpenses": 0, "sellingGeneralAndAdministrativeExpenses": 0, "otherExpenses": 0, "operatingExpenses": 0, "costAndExpenses": 0, "interestIncome": 0, "interestExpense": 0, "depreciationAndAmortization": 0, "ebitda": 689500000, "ebitdaratio": 1, "operatingIncome": 689500000, "operatingIncomeRatio": 1, "totalOtherIncomeExpensesNet": 0, "incomeBeforeTax": 0, "incomeBeforeTaxRatio": 0, "incomeTaxExpense": 653600000, "netIncome": 35900000, "netIncomeRatio": 0.052066715, "eps": 0.33, "epsdiluted": 0.33, "weightedAverageShsOut": 106766917, "weightedAverageShsOutDil": 106766917, "link": null, "finalLink": null, "calculatedOtherExpenses": 0, "calculatedOperatingExpenses": 0, "calculatedNetInterest": 0, "calculatedOtherIncome": -689500000, "calculatedIncomeNonControlling": -689500000, "calculatedEbitda": 689500000}, {"date": "1990-08-31", "symbol": "OKE", "reportedCurrency": "USD", "cik": "0001039684", "fillingDate": "1990-08-31", "acceptedDate": "1990-08-31 00:00:00", "calendarYear": "1990", "period": "FY", "revenue": 668000000, "costOfRevenue": 0, "grossProfit": 668000000, "grossProfitRatio": 1, "researchAndDevelopmentExpenses": 0, "generalAndAdministrativeExpenses": 0, "sellingAndMarketingExpenses": 0, "sellingGeneralAndAdministrativeExpenses": 0, "otherExpenses": 0, "operatingExpenses": 0, "costAndExpenses": 0, "interestIncome": 0, "interestExpense": 0, "depreciationAndAmortization": 0, "ebitda": 668000000, "ebitdaratio": 1, "operatingIncome": 668000000, "operatingIncomeRatio": 1, "totalOtherIncomeExpensesNet": 0, "incomeBeforeTax": 0, "incomeBeforeTaxRatio": 0, "incomeTaxExpense": 635000000, "netIncome": 33000000, "netIncomeRatio": 0.0494011976, "eps": 0.3, "epsdiluted": 0.3, "weightedAverageShsOut": 107768595, "weightedAverageShsOutDil": 107768595, "link": null, "finalLink": null, "calculatedOtherExpenses": 0, "calculatedOperatingExpenses": 0, "calculatedNetInterest": 0, "calculatedOtherIncome": -668000000, "calculatedIncomeNonControlling": -668000000, "calculatedEbitda": 668000000}, {"date": "1989-08-31", "symbol": "OKE", "reportedCurrency": "USD", "cik": "0001039684", "fillingDate": "1989-08-31", "acceptedDate": "1989-08-31 00:00:00", "calendarYear": "1989", "period": "FY", "revenue": 618300000, "costOfRevenue": 0, "grossProfit": 618300000, "grossProfitRatio": 1, "researchAndDevelopmentExpenses": 0, "generalAndAdministrativeExpenses": 0, "sellingAndMarketingExpenses": 0, "sellingGeneralAndAdministrativeExpenses": 0, "otherExpenses": 0, "operatingExpenses": 0, "costAndExpenses": 0, "interestIncome": 0, "interestExpense": 0, "depreciationAndAmortization": 0, "ebitda": 618300000, "ebitdaratio": 1, "operatingIncome": 618300000, "operatingIncomeRatio": 1, "totalOtherIncomeExpensesNet": 0, "incomeBeforeTax": 0, "incomeBeforeTaxRatio": 0, "incomeTaxExpense": 581700000, "netIncome": 36600000, "netIncomeRatio": 0.0591945657, "eps": 0.32, "epsdiluted": 0.32, "weightedAverageShsOut": 112248062, "weightedAverageShsOutDil": 112248062, "link": null, "finalLink": null, "calculatedOtherExpenses": 0, "calculatedOperatingExpenses": 0, "calculatedNetInterest": 0, "calculatedOtherIncome": -618300000, "calculatedIncomeNonControlling": -618300000, "calculatedEbitda": 618300000}, {"date": "1988-08-31", "symbol": "OKE", "reportedCurrency": "USD", "cik": "0001039684", "fillingDate": "1988-08-31", "acceptedDate": "1988-08-31 00:00:00", "calendarYear": "1988", "period": "FY", "revenue": 571400000, "costOfRevenue": 0, "grossProfit": 571400000, "grossProfitRatio": 1, "researchAndDevelopmentExpenses": 0, "generalAndAdministrativeExpenses": 0, "sellingAndMarketingExpenses": 0, "sellingGeneralAndAdministrativeExpenses": 0, "otherExpenses": 0, "operatingExpenses": 0, "costAndExpenses": 0, "interestIncome": 0, "interestExpense": 0, "depreciationAndAmortization": 0, "ebitda": 571400000, "ebitdaratio": 1, "operatingIncome": 571400000, "operatingIncomeRatio": 1, "totalOtherIncomeExpensesNet": 0, "incomeBeforeTax": 0, "incomeBeforeTaxRatio": 0, "incomeTaxExpense": 564300000, "netIncome": 7100000, "netIncomeRatio": 0.0124256213, "eps": 0.06, "epsdiluted": 0.06, "weightedAverageShsOut": 111666667, "weightedAverageShsOutDil": 111666667, "link": null, "finalLink": null, "calculatedOtherExpenses": 0, "calculatedOperatingExpenses": 0, "calculatedNetInterest": 0, "calculatedOtherIncome": -571400000, "calculatedIncomeNonControlling": -571400000, "calculatedEbitda": 571400000}, {"date": "1987-08-31", "symbol": "OKE", "reportedCurrency": "USD", "cik": "0001039684", "fillingDate": "1987-08-31", "acceptedDate": "1987-08-31 00:00:00", "calendarYear": "1987", "period": "FY", "revenue": 587000000, "costOfRevenue": 0, "grossProfit": 587000000, "grossProfitRatio": 1, "researchAndDevelopmentExpenses": 0, "generalAndAdministrativeExpenses": 0, "sellingAndMarketingExpenses": 0, "sellingGeneralAndAdministrativeExpenses": 0, "otherExpenses": 0, "operatingExpenses": 0, "costAndExpenses": 0, "interestIncome": 0, "interestExpense": 0, "depreciationAndAmortization": 0, "ebitda": 587000000, "ebitdaratio": 1, "operatingIncome": 587000000, "operatingIncomeRatio": 1, "totalOtherIncomeExpensesNet": 0, "incomeBeforeTax": 0, "incomeBeforeTaxRatio": 0, "incomeTaxExpense": 567600000, "netIncome": 19400000, "netIncomeRatio": 0.0330494037, "eps": 0.17, "epsdiluted": 0.17, "weightedAverageShsOut": 111764706, "weightedAverageShsOutDil": 111764706, "link": null, "finalLink": null, "calculatedOtherExpenses": 0, "calculatedOperatingExpenses": 0, "calculatedNetInterest": 0, "calculatedOtherIncome": -587000000, "calculatedIncomeNonControlling": -587000000, "calculatedEbitda": 587000000}, {"date": "1986-08-31", "symbol": "OKE", "reportedCurrency": "USD", "cik": "0001039684", "fillingDate": "1986-08-31", "acceptedDate": "1986-08-31 00:00:00", "calendarYear": "1986", "period": "FY", "revenue": 736800000, "costOfRevenue": 0, "grossProfit": 736800000, "grossProfitRatio": 1, "researchAndDevelopmentExpenses": 0, "generalAndAdministrativeExpenses": 0, "sellingAndMarketingExpenses": 0, "sellingGeneralAndAdministrativeExpenses": 0, "otherExpenses": 0, "operatingExpenses": 0, "costAndExpenses": 0, "interestIncome": 0, "interestExpense": 0, "depreciationAndAmortization": 0, "ebitda": 736800000, "ebitdaratio": 1, "operatingIncome": 736800000, "operatingIncomeRatio": 1, "totalOtherIncomeExpensesNet": 0, "incomeBeforeTax": 0, "incomeBeforeTaxRatio": 0, "incomeTaxExpense": 702300000, "netIncome": 34500000, "netIncomeRatio": 0.0468241042, "eps": 0.31, "epsdiluted": 0.31, "weightedAverageShsOut": 110000000, "weightedAverageShsOutDil": 110000000, "link": null, "finalLink": null, "calculatedOtherExpenses": 0, "calculatedOperatingExpenses": 0, "calculatedNetInterest": 0, "calculatedOtherIncome": -736800000, "calculatedIncomeNonControlling": -736800000, "calculatedEbitda": 736800000}, {"date": "1985-08-31", "symbol": "OKE", "reportedCurrency": "USD", "cik": "0001039684", "fillingDate": "1985-08-31", "acceptedDate": "1985-08-31 00:00:00", "calendarYear": "1985", "period": "FY", "revenue": 1049100000, "costOfRevenue": 0, "grossProfit": 1049100000, "grossProfitRatio": 1, "researchAndDevelopmentExpenses": 0, "generalAndAdministrativeExpenses": 0, "sellingAndMarketingExpenses": 0, "sellingGeneralAndAdministrativeExpenses": 0, "otherExpenses": 0, "operatingExpenses": 0, "costAndExpenses": 0, "interestIncome": 0, "interestExpense": 0, "depreciationAndAmortization": 0, "ebitda": 1049100000, "ebitdaratio": 1, "operatingIncome": 1049100000, "operatingIncomeRatio": 1, "totalOtherIncomeExpensesNet": 0, "incomeBeforeTax": 0, "incomeBeforeTaxRatio": 0, "incomeTaxExpense": 1011600000, "netIncome": 37500000, "netIncomeRatio": 0.0357449242, "eps": 0.35, "epsdiluted": 0.35, "weightedAverageShsOut": 106000000, "weightedAverageShsOutDil": 106000000, "link": null, "finalLink": null, "calculatedOtherExpenses": 0, "calculatedOperatingExpenses": 0, "calculatedNetInterest": 0, "calculatedOtherIncome": -1049100000, "calculatedIncomeNonControlling": -1049100000, "calculatedEbitda": 1049100000}]}