{"originalCurrency": "USD", "convertedCurrency": "USD", "report": [{"date": "2024-01-31", "symbol": "OKTA", "reportedCurrency": "USD", "cik": "0001660134", "fillingDate": "2024-03-01", "acceptedDate": "2024-03-01 16:02:15", "calendarYear": "2024", "period": "FY", "revenue": 2263000000, "costOfRevenue": 581000000, "grossProfit": 1682000000, "grossProfitRatio": 0.7432611578, "researchAndDevelopmentExpenses": 656000000, "generalAndAdministrativeExpenses": 450000000, "sellingAndMarketingExpenses": 1036000000, "sellingGeneralAndAdministrativeExpenses": 1486000000, "otherExpenses": 0, "operatingExpenses": 2142000000, "costAndExpenses": 2723000000, "interestIncome": 81000000, "interestExpense": 8000000, "depreciationAndAmortization": 84000000, "ebitda": -295000000, "ebitdaratio": -0.1303579319, "operatingIncome": -516000000, "operatingIncomeRatio": -0.2280159081, "totalOtherIncomeExpensesNet": 50000000, "incomeBeforeTax": -337000000, "incomeBeforeTaxRatio": -0.1489173663, "incomeTaxExpense": 18000000, "netIncome": -355000000, "netIncomeRatio": -0.1568714096, "eps": -2.17, "epsdiluted": -2.17, "weightedAverageShsOut": 163634000, "weightedAverageShsOutDil": 163634000, "link": "https://www.sec.gov/Archives/edgar/data/1660134/000166013424000025/0001660134-24-000025-index.htm", "finalLink": "https://www.sec.gov/Archives/edgar/data/1660134/000166013424000025/okta-20240131.htm", "calculatedOtherExpenses": 56000000, "calculatedOperatingExpenses": 2198000000, "calculatedNetInterest": 73000000, "calculatedOtherIncome": 106000000, "calculatedIncomeNonControlling": 0, "calculatedEbitda": -432000000}, {"date": "2023-01-31", "symbol": "OKTA", "reportedCurrency": "USD", "cik": "0001660134", "fillingDate": "2023-03-03", "acceptedDate": "2023-03-03 16:03:29", "calendarYear": "2023", "period": "FY", "revenue": 1858000000, "costOfRevenue": 546000000, "grossProfit": 1312000000, "grossProfitRatio": 0.7061356297, "researchAndDevelopmentExpenses": 620000000, "generalAndAdministrativeExpenses": 409000000, "sellingAndMarketingExpenses": 1066000000, "sellingGeneralAndAdministrativeExpenses": 1475000000, "otherExpenses": 0, "operatingExpenses": 2095000000, "costAndExpenses": 2641000000, "interestIncome": 22000000, "interestExpense": 11000000, "depreciationAndAmortization": 136000000, "ebitda": -647000000, "ebitdaratio": -0.3482238967, "operatingIncome": -783000000, "operatingIncomeRatio": -0.4214208827, "totalOtherIncomeExpensesNet": -18000000, "incomeBeforeTax": -801000000, "incomeBeforeTaxRatio": -0.4311087191, "incomeTaxExpense": 14000000, "netIncome": -815000000, "netIncomeRatio": -0.4386437029, "eps": -5.16, "epsdiluted": -5.16, "weightedAverageShsOut": 158023000, "weightedAverageShsOutDil": 158023000, "link": "https://www.sec.gov/Archives/edgar/data/1660134/000166013423000013/0001660134-23-000013-index.htm", "finalLink": "https://www.sec.gov/Archives/edgar/data/1660134/000166013423000013/okta-20230131.htm", "calculatedOtherExpenses": 0, "calculatedOperatingExpenses": 2095000000, "calculatedNetInterest": 11000000, "calculatedOtherIncome": -29000000, "calculatedIncomeNonControlling": 0, "calculatedEbitda": -647000000}, {"date": "2022-01-31", "symbol": "OKTA", "reportedCurrency": "USD", "cik": "0001660134", "fillingDate": "2022-03-07", "acceptedDate": "2022-03-07 16:52:24", "calendarYear": "2022", "period": "FY", "revenue": 1300201000, "costOfRevenue": 396405000, "grossProfit": 903796000, "grossProfitRatio": 0.695120216, "researchAndDevelopmentExpenses": 469259000, "generalAndAdministrativeExpenses": 431314000, "sellingAndMarketingExpenses": 770326000, "sellingGeneralAndAdministrativeExpenses": 1201640000, "otherExpenses": 0, "operatingExpenses": 1670899000, "costAndExpenses": 2067304000, "interestIncome": 9768000, "interestExpense": 92182000, "depreciationAndAmortization": 117380000, "ebitda": -649723000, "ebitdaratio": -0.4997096603, "operatingIncome": -767103000, "operatingIncomeRatio": -0.5899880095, "totalOtherIncomeExpensesNet": -82593000, "incomeBeforeTax": -849696000, "incomeBeforeTaxRatio": -0.6535112648, "incomeTaxExpense": -1285000, "netIncome": -848411000, "netIncomeRatio": -0.6525229561, "eps": -5.73, "epsdiluted": -5.73, "weightedAverageShsOut": 148036000, "weightedAverageShsOutDil": 148036000, "link": "https://www.sec.gov/Archives/edgar/data/1660134/000166013422000010/0001660134-22-000010-index.htm", "finalLink": "https://www.sec.gov/Archives/edgar/data/1660134/000166013422000010/okta-20220131.htm", "calculatedOtherExpenses": 0, "calculatedOperatingExpenses": 1670899000, "calculatedNetInterest": -82414000, "calculatedOtherIncome": -179000, "calculatedIncomeNonControlling": 0, "calculatedEbitda": -649723000}, {"date": "2021-01-31", "symbol": "OKTA", "reportedCurrency": "USD", "cik": "0001660134", "fillingDate": "2021-03-04", "acceptedDate": "2021-03-04 16:02:41", "calendarYear": "2021", "period": "FY", "revenue": 835424000, "costOfRevenue": 217681000, "grossProfit": 617743000, "grossProfitRatio": 0.7394365017, "researchAndDevelopmentExpenses": 222826000, "generalAndAdministrativeExpenses": 171726000, "sellingAndMarketingExpenses": 427350000, "sellingGeneralAndAdministrativeExpenses": 599076000, "otherExpenses": 0, "operatingExpenses": 821902000, "costAndExpenses": 1039583000, "interestIncome": 12891000, "interestExpense": 72660000, "depreciationAndAmortization": 49756000, "ebitda": -154403000, "ebitdaratio": -0.1848199238, "operatingIncome": -204159000, "operatingIncomeRatio": -0.2443777052, "totalOtherIncomeExpensesNet": -62032000, "incomeBeforeTax": -266191000, "incomeBeforeTaxRatio": -0.3186298215, "incomeTaxExpense": 141000, "netIncome": -266332000, "netIncomeRatio": -0.3187985981, "eps": -2.09, "epsdiluted": -2.09, "weightedAverageShsOut": 127212000, "weightedAverageShsOutDil": 127212000, "link": "https://www.sec.gov/Archives/edgar/data/1660134/000166013421000007/0001660134-21-000007-index.htm", "finalLink": "https://www.sec.gov/Archives/edgar/data/1660134/000166013421000007/okta-20210131.htm", "calculatedOtherExpenses": 0, "calculatedOperatingExpenses": 821902000, "calculatedNetInterest": -59769000, "calculatedOtherIncome": -2263000, "calculatedIncomeNonControlling": 0, "calculatedEbitda": -154403000}, {"date": "2020-01-31", "symbol": "OKTA", "reportedCurrency": "USD", "cik": "0001660134", "fillingDate": "2020-03-06", "acceptedDate": "2020-03-05 18:13:20", "calendarYear": "2020", "period": "FY", "revenue": 586067000, "costOfRevenue": 159382000, "grossProfit": 426685000, "grossProfitRatio": 0.7280481583, "researchAndDevelopmentExpenses": 159269000, "generalAndAdministrativeExpenses": 112892000, "sellingAndMarketingExpenses": 340356000, "sellingGeneralAndAdministrativeExpenses": 453248000, "otherExpenses": 0, "operatingExpenses": 612517000, "costAndExpenses": 771899000, "interestIncome": 17089000, "interestExpense": 27017000, "depreciationAndAmortization": 34904000, "ebitda": -150928000, "ebitdaratio": -0.2575268698, "operatingIncome": -185832000, "operatingIncomeRatio": -0.3170832004, "totalOtherIncomeExpensesNet": -24500000, "incomeBeforeTax": -210332000, "incomeBeforeTaxRatio": -0.3588872945, "incomeTaxExpense": -1419000, "netIncome": -208913000, "netIncomeRatio": -0.3564660696, "eps": -1.78, "epsdiluted": -1.78, "weightedAverageShsOut": 117221000, "weightedAverageShsOutDil": 117221000, "link": "https://www.sec.gov/Archives/edgar/data/1660134/000166013420000006/0001660134-20-000006-index.htm", "finalLink": "https://www.sec.gov/Archives/edgar/data/1660134/000166013420000006/okta-131202010k.htm", "calculatedOtherExpenses": 0, "calculatedOperatingExpenses": 612517000, "calculatedNetInterest": -9928000, "calculatedOtherIncome": -14572000, "calculatedIncomeNonControlling": 0, "calculatedEbitda": -150928000}, {"date": "2019-01-31", "symbol": "OKTA", "reportedCurrency": "USD", "cik": "0001660134", "fillingDate": "2019-03-14", "acceptedDate": "2019-03-14 17:03:10", "calendarYear": "2019", "period": "FY", "revenue": 399254000, "costOfRevenue": 113421000, "grossProfit": 285833000, "grossProfitRatio": 0.7159176865, "researchAndDevelopmentExpenses": 102385000, "generalAndAdministrativeExpenses": 75110000, "sellingAndMarketingExpenses": 227960000, "sellingGeneralAndAdministrativeExpenses": 303070000, "otherExpenses": -5892000, "operatingExpenses": 405455000, "costAndExpenses": 518876000, "interestIncome": 0, "interestExpense": 15072000, "depreciationAndAmortization": 8001000, "ebitda": -111621000, "ebitdaratio": -0.2795739053, "operatingIncome": -119622000, "operatingIncomeRatio": -0.2996137797, "totalOtherIncomeExpensesNet": -5892000, "incomeBeforeTax": -125514000, "incomeBeforeTaxRatio": -0.3143713025, "incomeTaxExpense": -17000, "netIncome": -125497000, "netIncomeRatio": -0.3143287231, "eps": -1.17, "epsdiluted": -1.17, "weightedAverageShsOut": 107504000, "weightedAverageShsOutDil": 107504000, "link": "https://www.sec.gov/Archives/edgar/data/1660134/000166013419000006/0001660134-19-000006-index.htm", "finalLink": "https://www.sec.gov/Archives/edgar/data/1660134/000166013419000006/okta-1312019_10k.htm", "calculatedOtherExpenses": 0, "calculatedOperatingExpenses": 405455000, "calculatedNetInterest": -15072000, "calculatedOtherIncome": 9180000, "calculatedIncomeNonControlling": 0, "calculatedEbitda": -111621000}, {"date": "2018-01-31", "symbol": "OKTA", "reportedCurrency": "USD", "cik": "0001660134", "fillingDate": "2018-03-12", "acceptedDate": "2018-03-12 16:45:43", "calendarYear": "2018", "period": "FY", "revenue": 259990000, "costOfRevenue": 80755000, "grossProfit": 179235000, "grossProfitRatio": 0.6893918997, "researchAndDevelopmentExpenses": 70821000, "generalAndAdministrativeExpenses": 51803000, "sellingAndMarketingExpenses": 172973000, "sellingGeneralAndAdministrativeExpenses": 224776000, "otherExpenses": 1682000, "operatingExpenses": 295597000, "costAndExpenses": 376352000, "interestIncome": 0, "interestExpense": 0, "depreciationAndAmortization": 7001000, "ebitda": -109361000, "ebitdaratio": -0.4206354091, "operatingIncome": -116362000, "operatingIncomeRatio": -0.4475633678, "totalOtherIncomeExpensesNet": 1682000, "incomeBeforeTax": -114680000, "incomeBeforeTaxRatio": -0.4410938882, "incomeTaxExpense": -321000, "netIncome": -114359000, "netIncomeRatio": -0.4398592254, "eps": -1.38, "epsdiluted": -1.38, "weightedAverageShsOut": 83004000, "weightedAverageShsOutDil": 83004000, "link": "https://www.sec.gov/Archives/edgar/data/1660134/000166013418000007/0001660134-18-000007-index.htm", "finalLink": "https://www.sec.gov/Archives/edgar/data/1660134/000166013418000007/okta-1312018_10k.htm", "calculatedOtherExpenses": 0, "calculatedOperatingExpenses": 295597000, "calculatedNetInterest": 0, "calculatedOtherIncome": 1682000, "calculatedIncomeNonControlling": 0, "calculatedEbitda": -109361000}, {"date": "2017-01-31", "symbol": "OKTA", "reportedCurrency": "USD", "cik": "0001660134", "fillingDate": "2017-01-31", "acceptedDate": "2017-01-30 19:00:00", "calendarYear": "2017", "period": "FY", "revenue": 160326000, "costOfRevenue": 55949000, "grossProfit": 104377000, "grossProfitRatio": 0.6510297768, "researchAndDevelopmentExpenses": 38659000, "generalAndAdministrativeExpenses": 30099000, "sellingAndMarketingExpenses": 118742000, "sellingGeneralAndAdministrativeExpenses": 148841000, "otherExpenses": 39000, "operatingExpenses": 187500000, "costAndExpenses": 243449000, "interestIncome": 0, "interestExpense": 0, "depreciationAndAmortization": 4568000, "ebitda": -78555000, "ebitdaratio": -0.4899704352, "operatingIncome": -83123000, "operatingIncomeRatio": -0.5184623829, "totalOtherIncomeExpensesNet": 39000, "incomeBeforeTax": -83084000, "incomeBeforeTaxRatio": -0.5182191285, "incomeTaxExpense": 425000, "netIncome": -83509000, "netIncomeRatio": -0.5208699774, "eps": -0.92, "epsdiluted": -0.92, "weightedAverageShsOut": 90758777, "weightedAverageShsOutDil": 90758777, "link": "", "finalLink": "", "calculatedOtherExpenses": 0, "calculatedOperatingExpenses": 187500000, "calculatedNetInterest": 0, "calculatedOtherIncome": 39000, "calculatedIncomeNonControlling": 0, "calculatedEbitda": -78555000}, {"date": "2016-01-31", "symbol": "OKTA", "reportedCurrency": "USD", "cik": "0001660134", "fillingDate": "2016-01-31", "acceptedDate": "2016-01-30 19:00:00", "calendarYear": "2016", "period": "FY", "revenue": 85907000, "costOfRevenue": 36024000, "grossProfit": 49883000, "grossProfitRatio": 0.5806628098, "researchAndDevelopmentExpenses": 28761000, "generalAndAdministrativeExpenses": 19195000, "sellingAndMarketingExpenses": 77915000, "sellingGeneralAndAdministrativeExpenses": 97110000, "otherExpenses": -19000, "operatingExpenses": 125871000, "costAndExpenses": 161895000, "interestIncome": 0, "interestExpense": 0, "depreciationAndAmortization": 2889000, "ebitda": -73099000, "ebitdaratio": -0.8509085406, "operatingIncome": -75988000, "operatingIncomeRatio": -0.8845379306, "totalOtherIncomeExpensesNet": -19000, "incomeBeforeTax": -76007000, "incomeBeforeTaxRatio": -0.8847591, "incomeTaxExpense": 295000, "netIncome": -76302000, "netIncomeRatio": -0.888193046, "eps": -0.84, "epsdiluted": -0.84, "weightedAverageShsOut": 90758777, "weightedAverageShsOutDil": 90758777, "link": "", "finalLink": "", "calculatedOtherExpenses": 0, "calculatedOperatingExpenses": 125871000, "calculatedNetInterest": 0, "calculatedOtherIncome": -19000, "calculatedIncomeNonControlling": 0, "calculatedEbitda": -73099000}, {"date": "2015-01-31", "symbol": "OKTA", "reportedCurrency": "USD", "cik": "0001660134", "fillingDate": "2015-01-31", "acceptedDate": "2015-01-30 19:00:00", "calendarYear": "2015", "period": "FY", "revenue": 41010000, "costOfRevenue": 18730000, "grossProfit": 22280000, "grossProfitRatio": 0.5432821263, "researchAndDevelopmentExpenses": 18370000, "generalAndAdministrativeExpenses": 13596000, "sellingAndMarketingExpenses": 49096000, "sellingGeneralAndAdministrativeExpenses": 62692000, "otherExpenses": -199000, "operatingExpenses": 81062000, "costAndExpenses": 99792000, "interestIncome": 0, "interestExpense": 0, "depreciationAndAmortization": 1923000, "ebitda": -56859000, "ebitdaratio": -1.3864667154, "operatingIncome": -58782000, "operatingIncomeRatio": -1.4333577176, "totalOtherIncomeExpensesNet": -199000, "incomeBeforeTax": -58981000, "incomeBeforeTaxRatio": -1.4382101926, "incomeTaxExpense": 130000, "netIncome": -59111000, "netIncomeRatio": -1.4413801512, "eps": -0.65, "epsdiluted": -0.65, "weightedAverageShsOut": 90758777, "weightedAverageShsOutDil": 90758777, "link": "", "finalLink": "", "calculatedOtherExpenses": 0, "calculatedOperatingExpenses": 81062000, "calculatedNetInterest": 0, "calculatedOtherIncome": -199000, "calculatedIncomeNonControlling": 0, "calculatedEbitda": -56859000}]}