{"originalCurrency": "USD", "convertedCurrency": "USD", "report": [{"date": "2024-02-03", "symbol": "OLLI", "reportedCurrency": "USD", "cik": "0001639300", "fillingDate": "2024-03-27", "acceptedDate": "2024-03-27 17:15:36", "calendarYear": "2023", "period": "FY", "revenue": 2102661999, "costOfRevenue": 1298116000, "grossProfit": 804545999, "grossProfitRatio": 0.3826321108, "researchAndDevelopmentExpenses": 0, "generalAndAdministrativeExpenses": 0, "sellingAndMarketingExpenses": 0, "sellingGeneralAndAdministrativeExpenses": 562672000, "otherExpenses": 0, "operatingExpenses": 562672000, "costAndExpenses": 1860788000, "interestIncome": 14686000, "interestExpense": -14686000, "depreciationAndAmortization": 34936000, "ebitda": 276810000, "ebitdaratio": 0.131647407, "operatingIncome": 241874000, "operatingIncomeRatio": 0.1150322782, "totalOtherIncomeExpensesNet": 611000, "incomeBeforeTax": 242485000, "incomeBeforeTaxRatio": 0.1153228622, "incomeTaxExpense": 61046000, "netIncome": 181439000, "netIncomeRatio": 0.0862901408, "eps": 2.94, "epsdiluted": 2.92, "weightedAverageShsOut": 61741000, "weightedAverageShsOutDil": 62068000, "link": "https://www.sec.gov/Archives/edgar/data/1639300/000114036124015681/0001140361-24-015681-index.htm", "finalLink": "https://www.sec.gov/Archives/edgar/data/1639300/000114036124015681/ef20015294_10k.htm", "calculatedOtherExpenses": -1, "calculatedOperatingExpenses": 562671999, "calculatedNetInterest": 29372000, "calculatedOtherIncome": -28761000, "calculatedIncomeNonControlling": 0, "calculatedEbitda": 276810000}, {"date": "2023-01-28", "symbol": "OLLI", "reportedCurrency": "USD", "cik": "0001639300", "fillingDate": "2023-03-24", "acceptedDate": "2023-03-24 13:42:29", "calendarYear": "2022", "period": "FY", "revenue": 1827009000, "costOfRevenue": 1170915000, "grossProfit": 656094000, "grossProfitRatio": 0.3591082474, "researchAndDevelopmentExpenses": 0, "generalAndAdministrativeExpenses": 0, "sellingAndMarketingExpenses": 0, "sellingGeneralAndAdministrativeExpenses": 490569000, "otherExpenses": 34607000, "operatingExpenses": 525176000, "costAndExpenses": 1696091000, "interestIncome": 2965000, "interestExpense": 2965000, "depreciationAndAmortization": 22907000, "ebitda": 153825000, "ebitdaratio": 0.0841949875, "operatingIncome": 130918000, "operatingIncomeRatio": 0.0716570088, "totalOtherIncomeExpensesNet": 2965000, "incomeBeforeTax": 133883000, "incomeBeforeTaxRatio": 0.0732798798, "incomeTaxExpense": 31093000, "netIncome": 102790000, "netIncomeRatio": 0.0562613539, "eps": 1.64, "epsdiluted": 1.64, "weightedAverageShsOut": 62495000, "weightedAverageShsOutDil": 62704000, "link": "https://www.sec.gov/Archives/edgar/data/1639300/000114036123013669/0001140361-23-013669-index.htm", "finalLink": "https://www.sec.gov/Archives/edgar/data/1639300/000114036123013669/brhc10050136_10k.htm", "calculatedOtherExpenses": 34607000, "calculatedOperatingExpenses": 525176000, "calculatedNetInterest": 0, "calculatedOtherIncome": 2965000, "calculatedIncomeNonControlling": 0, "calculatedEbitda": 153825000}, {"date": "2022-01-29", "symbol": "OLLI", "reportedCurrency": "USD", "cik": "0001639300", "fillingDate": "2022-03-25", "acceptedDate": "2022-03-25 16:42:00", "calendarYear": "2021", "period": "FY", "revenue": 1752995000, "costOfRevenue": 1071749000, "grossProfit": 681246000, "grossProfitRatio": 0.388618336, "researchAndDevelopmentExpenses": 0, "generalAndAdministrativeExpenses": 0, "sellingAndMarketingExpenses": 0, "sellingGeneralAndAdministrativeExpenses": 447615000, "otherExpenses": 29039000, "operatingExpenses": 476654000, "costAndExpenses": 1548403000, "interestIncome": 209000, "interestExpense": -209000, "depreciationAndAmortization": 19364000, "ebitda": 223956000, "ebitdaratio": 0.1277562115, "operatingIncome": 204592000, "operatingIncomeRatio": 0.1167099735, "totalOtherIncomeExpensesNet": -209000, "incomeBeforeTax": 204383000, "incomeBeforeTaxRatio": 0.116590749, "incomeTaxExpense": 46928000, "netIncome": 157455000, "netIncomeRatio": 0.0898205642, "eps": 2.44, "epsdiluted": 2.43, "weightedAverageShsOut": 64447000, "weightedAverageShsOutDil": 64878000, "link": "https://www.sec.gov/Archives/edgar/data/1639300/000114036122011225/0001140361-22-011225-index.htm", "finalLink": "https://www.sec.gov/Archives/edgar/data/1639300/000114036122011225/brhc10035363_10k.htm", "calculatedOtherExpenses": 29039000, "calculatedOperatingExpenses": 476654000, "calculatedNetInterest": 418000, "calculatedOtherIncome": -627000, "calculatedIncomeNonControlling": 0, "calculatedEbitda": 223956000}, {"date": "2021-01-30", "symbol": "OLLI", "reportedCurrency": "USD", "cik": "0001639300", "fillingDate": "2021-03-24", "acceptedDate": "2021-03-24 16:51:47", "calendarYear": "2020", "period": "FY", "revenue": 1808821000, "costOfRevenue": 1085455000, "grossProfit": 723366000, "grossProfitRatio": 0.3999102178, "researchAndDevelopmentExpenses": 0, "generalAndAdministrativeExpenses": 0, "sellingAndMarketingExpenses": 0, "sellingGeneralAndAdministrativeExpenses": 418889000, "otherExpenses": 26977000, "operatingExpenses": 445866000, "costAndExpenses": 1531321000, "interestIncome": 278000, "interestExpense": -278000, "depreciationAndAmortization": 16705000, "ebitda": 294205000, "ebitdaratio": 0.1626501461, "operatingIncome": 277500000, "operatingIncomeRatio": 0.1534148487, "totalOtherIncomeExpensesNet": 278000, "incomeBeforeTax": 277778000, "incomeBeforeTaxRatio": 0.1535685399, "incomeTaxExpense": 35082000, "netIncome": 242696000, "netIncomeRatio": 0.134173586, "eps": 3.75, "epsdiluted": 3.68, "weightedAverageShsOut": 64748000, "weightedAverageShsOutDil": 65873000, "link": "https://www.sec.gov/Archives/edgar/data/1639300/000114036121009817/0001140361-21-009817-index.htm", "finalLink": "https://www.sec.gov/Archives/edgar/data/1639300/000114036121009817/brhc10022152_10k.htm", "calculatedOtherExpenses": 26977000, "calculatedOperatingExpenses": 445866000, "calculatedNetInterest": 556000, "calculatedOtherIncome": -278000, "calculatedIncomeNonControlling": 0, "calculatedEbitda": 294205000}, {"date": "2020-02-01", "symbol": "OLLI", "reportedCurrency": "USD", "cik": "0001639300", "fillingDate": "2020-03-25", "acceptedDate": "2020-03-25 10:42:34", "calendarYear": "2019", "period": "FY", "revenue": 1408199000, "costOfRevenue": 852610000, "grossProfit": 555589000, "grossProfitRatio": 0.394538698, "researchAndDevelopmentExpenses": 0, "generalAndAdministrativeExpenses": 0, "sellingAndMarketingExpenses": 0, "sellingGeneralAndAdministrativeExpenses": 356060000, "otherExpenses": 27674000, "operatingExpenses": 383734000, "costAndExpenses": 1236344000, "interestIncome": 878000, "interestExpense": -878000, "depreciationAndAmortization": 14582000, "ebitda": 186437000, "ebitdaratio": 0.1323939301, "operatingIncome": 171855000, "operatingIncomeRatio": 0.1220388596, "totalOtherIncomeExpensesNet": 878000, "incomeBeforeTax": 172733000, "incomeBeforeTaxRatio": 0.122662351, "incomeTaxExpense": 31603000, "netIncome": 141130000, "netIncomeRatio": 0.1002202104, "eps": 2.23, "epsdiluted": 2.14, "weightedAverageShsOut": 63214000, "weightedAverageShsOutDil": 65873999, "link": "https://www.sec.gov/Archives/edgar/data/1639300/000114036120006788/0001140361-20-006788-index.htm", "finalLink": "https://www.sec.gov/Archives/edgar/data/1639300/000114036120006788/form10k.htm", "calculatedOtherExpenses": 27674000, "calculatedOperatingExpenses": 383734000, "calculatedNetInterest": 1756000, "calculatedOtherIncome": -878000, "calculatedIncomeNonControlling": 0, "calculatedEbitda": 186437000}, {"date": "2019-02-02", "symbol": "OLLI", "reportedCurrency": "USD", "cik": "0001639300", "fillingDate": "2019-03-29", "acceptedDate": "2019-03-29 15:18:16", "calendarYear": "2018", "period": "FY", "revenue": 1241377000, "costOfRevenue": 743726000, "grossProfit": 497651000, "grossProfitRatio": 0.4008862739, "researchAndDevelopmentExpenses": 0, "generalAndAdministrativeExpenses": 0, "sellingAndMarketingExpenses": 0, "sellingGeneralAndAdministrativeExpenses": 312790000, "otherExpenses": 22807000, "operatingExpenses": 335597000, "costAndExpenses": 1079323000, "interestIncome": 0, "interestExpense": -1261000, "depreciationAndAmortization": 11664000, "ebitda": 173868000, "ebitdaratio": 0.140060594, "operatingIncome": 162054000, "operatingIncomeRatio": 0.130543743, "totalOtherIncomeExpensesNet": -150000, "incomeBeforeTax": 160643000, "incomeBeforeTaxRatio": 0.129407102, "incomeTaxExpense": 25630000, "netIncome": 135013000, "netIncomeRatio": 0.1087606746, "eps": 2.05, "epsdiluted": 2.05, "weightedAverageShsOut": 65860000, "weightedAverageShsOutDil": 65905000, "link": "https://www.sec.gov/Archives/edgar/data/1639300/000114036119006044/0001140361-19-006044-index.htm", "finalLink": "https://www.sec.gov/Archives/edgar/data/1639300/000114036119006044/brhc10000484x1_10k.htm", "calculatedOtherExpenses": 22807000, "calculatedOperatingExpenses": 335597000, "calculatedNetInterest": 1261000, "calculatedOtherIncome": -2672000, "calculatedIncomeNonControlling": 0, "calculatedEbitda": 173718000}, {"date": "2018-02-03", "symbol": "OLLI", "reportedCurrency": "USD", "cik": "0001639300", "fillingDate": "2018-04-04", "acceptedDate": "2018-04-04 17:10:05", "calendarYear": "2017", "period": "FY", "revenue": 1077032000, "costOfRevenue": 645385000, "grossProfit": 431647000, "grossProfitRatio": 0.4007745359, "researchAndDevelopmentExpenses": 0, "generalAndAdministrativeExpenses": 0, "sellingAndMarketingExpenses": 0, "sellingGeneralAndAdministrativeExpenses": 278174000, "otherExpenses": 17717000, "operatingExpenses": 295891000, "costAndExpenses": 941276000, "interestIncome": 0, "interestExpense": -4471000, "depreciationAndAmortization": 9817000, "ebitda": 146371000, "ebitdaratio": 0.135902183, "operatingIncome": 135756000, "operatingIncomeRatio": 0.1260463942, "totalOtherIncomeExpensesNet": -798000, "incomeBeforeTax": 130487000, "incomeBeforeTaxRatio": 0.1211542461, "incomeTaxExpense": 2893000, "netIncome": 127594000, "netIncomeRatio": 0.1184681606, "eps": 2.08, "epsdiluted": 1.96, "weightedAverageShsOut": 61353000, "weightedAverageShsOutDil": 64950000, "link": "https://www.sec.gov/Archives/edgar/data/1639300/000114036118017136/0001140361-18-017136-index.htm", "finalLink": "https://www.sec.gov/Archives/edgar/data/1639300/000114036118017136/h10052210x1_10k.htm", "calculatedOtherExpenses": 17717000, "calculatedOperatingExpenses": 295891000, "calculatedNetInterest": 4471000, "calculatedOtherIncome": -9740000, "calculatedIncomeNonControlling": 0, "calculatedEbitda": 145573000}, {"date": "2017-01-28", "symbol": "OLLI", "reportedCurrency": "USD", "cik": "0001639300", "fillingDate": "2017-03-29", "acceptedDate": "2017-03-29 11:30:44", "calendarYear": "2016", "period": "FY", "revenue": 890315000, "costOfRevenue": 529904000, "grossProfit": 360411000, "grossProfitRatio": 0.4048129033, "researchAndDevelopmentExpenses": 0, "generalAndAdministrativeExpenses": 0, "sellingAndMarketingExpenses": 0, "sellingGeneralAndAdministrativeExpenses": 242891000, "otherExpenses": 15326000, "operatingExpenses": 258217000, "costAndExpenses": 788121000, "interestIncome": 0, "interestExpense": -5935000, "depreciationAndAmortization": 8443000, "ebitda": 110637000, "ebitdaratio": 0.1242672537, "operatingIncome": 102194000, "operatingIncomeRatio": 0.1147840933, "totalOtherIncomeExpensesNet": -5935000, "incomeBeforeTax": 96259000, "incomeBeforeTaxRatio": 0.1081179133, "incomeTaxExpense": 36495000, "netIncome": 59764000, "netIncomeRatio": 0.0671268034, "eps": 0.99, "epsdiluted": 0.96, "weightedAverageShsOut": 60160000, "weightedAverageShsOutDil": 62415000, "link": "https://www.sec.gov/Archives/edgar/data/1639300/000156761917000543/0001567619-17-000543-index.htm", "finalLink": "https://www.sec.gov/Archives/edgar/data/1639300/000156761917000543/h10042467x1_10k.htm", "calculatedOtherExpenses": 15326000, "calculatedOperatingExpenses": 258217000, "calculatedNetInterest": 5935000, "calculatedOtherIncome": -11870000, "calculatedIncomeNonControlling": 0, "calculatedEbitda": 110637000}, {"date": "2016-01-30", "symbol": "OLLI", "reportedCurrency": "USD", "cik": "0001639300", "fillingDate": "2016-04-11", "acceptedDate": "2016-04-11 14:05:37", "calendarYear": "2015", "period": "FY", "revenue": 762370000, "costOfRevenue": 459506000, "grossProfit": 302864000, "grossProfitRatio": 0.3972664192, "researchAndDevelopmentExpenses": 0, "generalAndAdministrativeExpenses": 0, "sellingAndMarketingExpenses": 0, "sellingGeneralAndAdministrativeExpenses": 209783000, "otherExpenses": 13509000, "operatingExpenses": 223292000, "costAndExpenses": 682798000, "interestIncome": 0, "interestExpense": -15416000, "depreciationAndAmortization": 7172000, "ebitda": 93454000, "ebitdaratio": 0.1225835224, "operatingIncome": 79572000, "operatingIncomeRatio": 0.1043745163, "totalOtherIncomeExpensesNet": -6710000, "incomeBeforeTax": 57446000, "incomeBeforeTaxRatio": 0.0753518633, "incomeTaxExpense": 21607000, "netIncome": 35839000, "netIncomeRatio": 0.047009982, "eps": 0.67, "epsdiluted": 0.64, "weightedAverageShsOut": 53835000, "weightedAverageShsOutDil": 55796000, "link": "https://www.sec.gov/Archives/edgar/data/1639300/000119312516536766/0001193125-16-536766-index.htm", "finalLink": "https://www.sec.gov/Archives/edgar/data/1639300/000119312516536766/d138589d10k.htm", "calculatedOtherExpenses": 13509000, "calculatedOperatingExpenses": 223292000, "calculatedNetInterest": 15416000, "calculatedOtherIncome": -37542000, "calculatedIncomeNonControlling": 0, "calculatedEbitda": 86744000}, {"date": "2015-01-31", "symbol": "OLLI", "reportedCurrency": "USD", "cik": "0001639300", "fillingDate": "2015-01-31", "acceptedDate": "2015-01-30 19:00:00", "calendarYear": "2014", "period": "FY", "revenue": 637975000, "costOfRevenue": 384465000, "grossProfit": 253510000, "grossProfitRatio": 0.397366668, "researchAndDevelopmentExpenses": 0, "generalAndAdministrativeExpenses": 0, "sellingAndMarketingExpenses": 0, "sellingGeneralAndAdministrativeExpenses": 178832000, "otherExpenses": 11897000, "operatingExpenses": 190729000, "costAndExpenses": 575194000, "interestIncome": 0, "interestExpense": -19103000, "depreciationAndAmortization": 8785000, "ebitda": 71566000, "ebitdaratio": 0.1121768094, "operatingIncome": 62781000, "operatingIncomeRatio": 0.0984066774, "totalOtherIncomeExpensesNet": -19103000, "incomeBeforeTax": 43678000, "incomeBeforeTaxRatio": 0.0684634978, "incomeTaxExpense": 16763000, "netIncome": 26915000, "netIncomeRatio": 0.0421881735, "eps": 0.51, "epsdiluted": 0.49, "weightedAverageShsOut": 53217850, "weightedAverageShsOutDil": 54566455, "link": "", "finalLink": "", "calculatedOtherExpenses": 11897000, "calculatedOperatingExpenses": 190729000, "calculatedNetInterest": 19103000, "calculatedOtherIncome": -38206000, "calculatedIncomeNonControlling": 0, "calculatedEbitda": 71566000}, {"date": "2014-01-31", "symbol": "OLLI", "reportedCurrency": "USD", "cik": "0001639300", "fillingDate": "2014-01-31", "acceptedDate": "2014-01-30 19:00:00", "calendarYear": "2013", "period": "FY", "revenue": 540718000, "costOfRevenue": 323908000, "grossProfit": 216810000, "grossProfitRatio": 0.4009668626, "researchAndDevelopmentExpenses": 0, "generalAndAdministrativeExpenses": 0, "sellingAndMarketingExpenses": 0, "sellingGeneralAndAdministrativeExpenses": 153807000, "otherExpenses": 12844000, "operatingExpenses": 166651000, "costAndExpenses": 490559000, "interestIncome": 0, "interestExpense": -17493000, "depreciationAndAmortization": 9491000, "ebitda": 61498000, "ebitdaratio": 0.1137339611, "operatingIncome": 50159000, "operatingIncomeRatio": 0.0927636957, "totalOtherIncomeExpensesNet": -1848000, "incomeBeforeTax": 30818000, "incomeBeforeTaxRatio": 0.0569945887, "incomeTaxExpense": 11277000, "netIncome": 19541000, "netIncomeRatio": 0.0361389856, "eps": 0.37, "epsdiluted": 0.36, "weightedAverageShsOut": 53217850, "weightedAverageShsOutDil": 54566455, "link": "", "finalLink": "", "calculatedOtherExpenses": 12844000, "calculatedOperatingExpenses": 166651000, "calculatedNetInterest": 17493000, "calculatedOtherIncome": -36834000, "calculatedIncomeNonControlling": 0, "calculatedEbitda": 59650000}]}