{"originalCurrency": "USD", "convertedCurrency": "USD", "report": [{"date": "2023-12-31", "symbol": "OLN", "reportedCurrency": "USD", "cik": "0000074303", "fillingDate": "2024-02-22", "acceptedDate": "2024-02-22 15:16:43", "calendarYear": "2023", "period": "FY", "revenue": 6833000000, "costOfRevenue": 5667500000, "grossProfit": 1165500000, "grossProfitRatio": 0.1705692961, "researchAndDevelopmentExpenses": 20000000, "generalAndAdministrativeExpenses": 0, "sellingAndMarketingExpenses": 0, "sellingGeneralAndAdministrativeExpenses": 406700000, "otherExpenses": 24000000, "operatingExpenses": 406700000, "costAndExpenses": 6074200000, "interestIncome": 4300000, "interestExpense": 181100000, "depreciationAndAmortization": 533400000, "ebitda": 1292200000, "ebitdaratio": 0.189111664, "operatingIncome": 758800000, "operatingIncomeRatio": 0.1110493195, "totalOtherIncomeExpensesNet": -199500000, "incomeBeforeTax": 559300000, "incomeBeforeTaxRatio": 0.0818527733, "incomeTaxExpense": 107300000, "netIncome": 460200000, "netIncomeRatio": 0.0673496268, "eps": 3.66, "epsdiluted": 3.57, "weightedAverageShsOut": 125900000, "weightedAverageShsOutDil": 128800000, "link": "https://www.sec.gov/Archives/edgar/data/74303/000007430324000041/0000074303-24-000041-index.htm", "finalLink": "https://www.sec.gov/Archives/edgar/data/74303/000007430324000041/oln-20231231.htm", "calculatedOtherExpenses": -20000000, "calculatedOperatingExpenses": 406700000, "calculatedNetInterest": -176800000, "calculatedOtherIncome": -22700000, "calculatedIncomeNonControlling": -8200000, "calculatedEbitda": 1292200000}, {"date": "2022-12-31", "symbol": "OLN", "reportedCurrency": "USD", "cik": "0000074303", "fillingDate": "2023-02-23", "acceptedDate": "2023-02-23 14:16:06", "calendarYear": "2022", "period": "FY", "revenue": 9376200000, "costOfRevenue": 7194300000, "grossProfit": 2181900000, "grossProfitRatio": 0.2327062136, "researchAndDevelopmentExpenses": 18300000, "generalAndAdministrativeExpenses": 0, "sellingAndMarketingExpenses": 0, "sellingGeneralAndAdministrativeExpenses": 393900000, "otherExpenses": -16300000, "operatingExpenses": 377600000, "costAndExpenses": 7571900000, "interestIncome": 2200000, "interestExpense": 143900000, "depreciationAndAmortization": 665000000, "ebitda": 2444000000, "ebitdaratio": 0.2606599689, "operatingIncome": 1779000000, "operatingIncomeRatio": 0.1897357138, "totalOtherIncomeExpensesNet": -103000000, "incomeBeforeTax": 1676000000, "incomeBeforeTaxRatio": 0.1787504533, "incomeTaxExpense": 349100000, "netIncome": 1326900000, "netIncomeRatio": 0.1415178857, "eps": 9.16, "epsdiluted": 8.94, "weightedAverageShsOut": 144900000, "weightedAverageShsOutDil": 148500000, "link": "https://www.sec.gov/Archives/edgar/data/74303/000007430323000054/0000074303-23-000054-index.htm", "finalLink": "https://www.sec.gov/Archives/edgar/data/74303/000007430323000054/oln-20221231.htm", "calculatedOtherExpenses": -9300000, "calculatedOperatingExpenses": 402900000, "calculatedNetInterest": -141700000, "calculatedOtherIncome": 38700000, "calculatedIncomeNonControlling": 0, "calculatedEbitda": 2444000000}, {"date": "2021-12-31", "symbol": "OLN", "reportedCurrency": "USD", "cik": "0000074303", "fillingDate": "2022-02-24", "acceptedDate": "2022-02-24 14:41:20", "calendarYear": "2021", "period": "FY", "revenue": 8910600000, "costOfRevenue": 6616400000, "grossProfit": 2294200000, "grossProfitRatio": 0.2574686329, "researchAndDevelopmentExpenses": 20400000, "generalAndAdministrativeExpenses": 0, "sellingAndMarketingExpenses": 0, "sellingGeneralAndAdministrativeExpenses": 416900000, "otherExpenses": -1400000, "operatingExpenses": 415500000, "costAndExpenses": 7031900000, "interestIncome": 200000, "interestExpense": 348000000, "depreciationAndAmortization": 646300000, "ebitda": 2497100000, "ebitdaratio": 0.2802392656, "operatingIncome": 1850800000, "operatingIncomeRatio": 0.207707674, "totalOtherIncomeExpensesNet": -312100000, "incomeBeforeTax": 1538700000, "incomeBeforeTaxRatio": 0.1726819743, "incomeTaxExpense": 242000000, "netIncome": 1296700000, "netIncomeRatio": 0.1455233093, "eps": 8.15, "epsdiluted": 7.96, "weightedAverageShsOut": 159100000, "weightedAverageShsOutDil": 163000000, "link": "https://www.sec.gov/Archives/edgar/data/74303/000007430322000015/0000074303-22-000015-index.htm", "finalLink": "https://www.sec.gov/Archives/edgar/data/74303/000007430322000015/oln-20211231.htm", "calculatedOtherExpenses": 6100000, "calculatedOperatingExpenses": 443400000, "calculatedNetInterest": -347800000, "calculatedOtherIncome": 35700000, "calculatedIncomeNonControlling": 0, "calculatedEbitda": 2497100000}, {"date": "2020-12-31", "symbol": "OLN", "reportedCurrency": "USD", "cik": "0000074303", "fillingDate": "2021-02-22", "acceptedDate": "2021-02-22 13:54:55", "calendarYear": "2020", "period": "FY", "revenue": 5758000000, "costOfRevenue": 5374600000, "grossProfit": 383400000, "grossProfitRatio": 0.06658562, "researchAndDevelopmentExpenses": 16600000, "generalAndAdministrativeExpenses": 0, "sellingAndMarketingExpenses": 0, "sellingGeneralAndAdministrativeExpenses": 422000000, "otherExpenses": -700000, "operatingExpenses": 421300000, "costAndExpenses": 5795900000, "interestIncome": 500000, "interestExpense": 292700000, "depreciationAndAmortization": 568400000, "ebitda": 549900000, "ebitdaratio": 0.0955019104, "operatingIncome": -18500000, "operatingIncomeRatio": -0.0032129212, "totalOtherIncomeExpensesNet": -1001500000, "incomeBeforeTax": -1020000000, "incomeBeforeTaxRatio": -0.177144842, "incomeTaxExpense": -50100000, "netIncome": -969900000, "netIncomeRatio": -0.1684439041, "eps": -6.14, "epsdiluted": -6.14, "weightedAverageShsOut": 157900000, "weightedAverageShsOutDil": 157900000, "link": "https://www.sec.gov/Archives/edgar/data/74303/000007430321000019/0000074303-21-000019-index.htm", "finalLink": "https://www.sec.gov/Archives/edgar/data/74303/000007430321000019/oln-20201231.htm", "calculatedOtherExpenses": -36700000, "calculatedOperatingExpenses": 401900000, "calculatedNetInterest": -292200000, "calculatedOtherIncome": -709300000, "calculatedIncomeNonControlling": 0, "calculatedEbitda": 549900000}, {"date": "2019-12-31", "symbol": "OLN", "reportedCurrency": "USD", "cik": "0000074303", "fillingDate": "2020-02-25", "acceptedDate": "2020-02-24 18:07:13", "calendarYear": "2019", "period": "FY", "revenue": 6110000000, "costOfRevenue": 5439200000, "grossProfit": 670800000, "grossProfitRatio": 0.109787234, "researchAndDevelopmentExpenses": 16500000, "generalAndAdministrativeExpenses": 0, "sellingAndMarketingExpenses": 0, "sellingGeneralAndAdministrativeExpenses": 416900000, "otherExpenses": -400000, "operatingExpenses": 416500000, "costAndExpenses": 5855700000, "interestIncome": 1000000, "interestExpense": 243200000, "depreciationAndAmortization": 597400000, "ebitda": 880200000, "ebitdaratio": 0.1440589198, "operatingIncome": 282800000, "operatingIncomeRatio": 0.0462847791, "totalOtherIncomeExpensesNet": -319700000, "incomeBeforeTax": -36900000, "incomeBeforeTaxRatio": -0.0060392799, "incomeTaxExpense": -25600000, "netIncome": -11300000, "netIncomeRatio": -0.0018494272, "eps": -0.07, "epsdiluted": -0.0696, "weightedAverageShsOut": 161428571, "weightedAverageShsOutDil": 162300000, "link": "https://www.sec.gov/Archives/edgar/data/74303/000007430320000072/0000074303-20-000072-index.htm", "finalLink": "https://www.sec.gov/Archives/edgar/data/74303/000007430320000072/oln-2019x1231x10xk.htm", "calculatedOtherExpenses": -45400000, "calculatedOperatingExpenses": 388000000, "calculatedNetInterest": -242200000, "calculatedOtherIncome": -77500000, "calculatedIncomeNonControlling": 0, "calculatedEbitda": 880200000}, {"date": "2018-12-31", "symbol": "OLN", "reportedCurrency": "USD", "cik": "0000074303", "fillingDate": "2019-02-25", "acceptedDate": "2019-02-25 16:26:55", "calendarYear": "2018", "period": "FY", "revenue": 6946100000, "costOfRevenue": 5822100000, "grossProfit": 1124000000, "grossProfitRatio": 0.1618174227, "researchAndDevelopmentExpenses": 14900000, "generalAndAdministrativeExpenses": 0, "sellingAndMarketingExpenses": 0, "sellingGeneralAndAdministrativeExpenses": 430600000, "otherExpenses": 21700000, "operatingExpenses": 424200000, "costAndExpenses": 6246300000, "interestIncome": 1600000, "interestExpense": 243200000, "depreciationAndAmortization": 601400000, "ebitda": 1304800000, "ebitdaratio": 0.1878464174, "operatingIncome": 676900000, "operatingIncomeRatio": 0.0974503678, "totalOtherIncomeExpensesNet": -20900000, "incomeBeforeTax": 437300000, "incomeBeforeTaxRatio": 0.0629561912, "incomeTaxExpense": 109400000, "netIncome": 327900000, "netIncomeRatio": 0.047206346, "eps": 1.97, "epsdiluted": 1.95, "weightedAverageShsOut": 166800000, "weightedAverageShsOutDil": 168400000, "link": "https://www.sec.gov/Archives/edgar/data/74303/000007430319000018/0000074303-19-000018-index.htm", "finalLink": "https://www.sec.gov/Archives/edgar/data/74303/000007430319000018/oln-2018x1231x10xk.htm", "calculatedOtherExpenses": 1600000, "calculatedOperatingExpenses": 447100000, "calculatedNetInterest": -241600000, "calculatedOtherIncome": 2000000, "calculatedIncomeNonControlling": 0, "calculatedEbitda": 1278300000}, {"date": "2017-12-31", "symbol": "OLN", "reportedCurrency": "USD", "cik": "0000074303", "fillingDate": "2018-02-26", "acceptedDate": "2018-02-26 17:19:30", "calendarYear": "2017", "period": "FY", "revenue": 6268400000, "costOfRevenue": 5539600000, "grossProfit": 728800000, "grossProfitRatio": 0.1162657137, "researchAndDevelopmentExpenses": 14500000, "generalAndAdministrativeExpenses": 0, "sellingAndMarketingExpenses": 0, "sellingGeneralAndAdministrativeExpenses": 350700000, "otherExpenses": -200000, "operatingExpenses": 347400000, "costAndExpenses": 5887000000, "interestIncome": 1800000, "interestExpense": 217400000, "depreciationAndAmortization": 558900000, "ebitda": 943900000, "ebitdaratio": 0.1505806904, "operatingIncome": 331000000, "operatingIncomeRatio": 0.0528045434, "totalOtherIncomeExpensesNet": -48600000, "incomeBeforeTax": 117200000, "incomeBeforeTaxRatio": 0.0186969562, "incomeTaxExpense": -432300000, "netIncome": 549500000, "netIncomeRatio": 0.0876619233, "eps": 3.31, "epsdiluted": 3.26, "weightedAverageShsOut": 166200000, "weightedAverageShsOutDil": 168500000, "link": "https://www.sec.gov/Archives/edgar/data/74303/000007430318000007/0000074303-18-000007-index.htm", "finalLink": "https://www.sec.gov/Archives/edgar/data/74303/000007430318000007/oln-2017x1231x10xk.htm", "calculatedOtherExpenses": 32600000, "calculatedOperatingExpenses": 397800000, "calculatedNetInterest": -215600000, "calculatedOtherIncome": 1800000, "calculatedIncomeNonControlling": 0, "calculatedEbitda": 889900000}, {"date": "2016-12-31", "symbol": "OLN", "reportedCurrency": "USD", "cik": "0000074303", "fillingDate": "2017-02-28", "acceptedDate": "2017-02-27 18:05:06", "calendarYear": "2016", "period": "FY", "revenue": 5550600000, "costOfRevenue": 4923700000, "grossProfit": 626900000, "grossProfitRatio": 0.1129427449, "researchAndDevelopmentExpenses": 10900000, "generalAndAdministrativeExpenses": 0, "sellingAndMarketingExpenses": 0, "sellingGeneralAndAdministrativeExpenses": 323200000, "otherExpenses": -300000, "operatingExpenses": 312600000, "costAndExpenses": 5236300000, "interestIncome": 3400000, "interestExpense": 191900000, "depreciationAndAmortization": 533500000, "ebitda": 852900000, "ebitdaratio": 0.1536590639, "operatingIncome": 152600000, "operatingIncomeRatio": 0.0274925233, "totalOtherIncomeExpensesNet": -160000000, "incomeBeforeTax": -34200000, "incomeBeforeTaxRatio": -0.0061614961, "incomeTaxExpense": -30300000, "netIncome": -3900000, "netIncomeRatio": -0.0007026267, "eps": -0.0236, "epsdiluted": -0.0236, "weightedAverageShsOut": 165200000, "weightedAverageShsOutDil": 165200000, "link": "https://www.sec.gov/Archives/edgar/data/74303/000007430317000026/0000074303-17-000026-index.htm", "finalLink": "https://www.sec.gov/Archives/edgar/data/74303/000007430317000026/oln-2016x1231x10xk.htm", "calculatedOtherExpenses": 140200000, "calculatedOperatingExpenses": 474300000, "calculatedNetInterest": -188500000, "calculatedOtherIncome": 1700000, "calculatedIncomeNonControlling": 0, "calculatedEbitda": 686100000}, {"date": "2015-12-31", "symbol": "OLN", "reportedCurrency": "USD", "cik": "0000074303", "fillingDate": "2016-03-01", "acceptedDate": "2016-02-29 18:07:22", "calendarYear": "2015", "period": "FY", "revenue": 2854400000, "costOfRevenue": 2486800000, "grossProfit": 367600000, "grossProfitRatio": 0.1287836323, "researchAndDevelopmentExpenses": 4900000, "generalAndAdministrativeExpenses": 0, "sellingAndMarketingExpenses": 0, "sellingGeneralAndAdministrativeExpenses": 186500000, "otherExpenses": 200000, "operatingExpenses": 140800000, "costAndExpenses": 2627600000, "interestIncome": 1100000, "interestExpense": 97000000, "depreciationAndAmortization": 228900000, "ebitda": 458700000, "ebitdaratio": 0.1606992713, "operatingIncome": 104100000, "operatingIncomeRatio": 0.0364700112, "totalOtherIncomeExpensesNet": -120800000, "incomeBeforeTax": 10100000, "incomeBeforeTaxRatio": 0.0035383969, "incomeTaxExpense": 8100000, "netIncome": 2000000, "netIncomeRatio": 0.0007006726, "eps": 0.02, "epsdiluted": 0.02, "weightedAverageShsOut": 103400000, "weightedAverageShsOutDil": 104300000, "link": "https://www.sec.gov/Archives/edgar/data/74303/000007430316000090/0000074303-16-000090-index.htm", "finalLink": "https://www.sec.gov/Archives/edgar/data/74303/000007430316000090/oln-2015x1231x10xk.htm", "calculatedOtherExpenses": 72100000, "calculatedOperatingExpenses": 263500000, "calculatedNetInterest": -95900000, "calculatedOtherIncome": 1900000, "calculatedIncomeNonControlling": 0, "calculatedEbitda": 333000000}, {"date": "2014-12-31", "symbol": "OLN", "reportedCurrency": "USD", "cik": "0000074303", "fillingDate": "2015-02-25", "acceptedDate": "2015-02-25 12:29:39", "calendarYear": "2014", "period": "FY", "revenue": 2241200000, "costOfRevenue": 1853200000, "grossProfit": 388000000, "grossProfitRatio": 0.173121542, "researchAndDevelopmentExpenses": 4099999, "generalAndAdministrativeExpenses": 0, "sellingAndMarketingExpenses": 0, "sellingGeneralAndAdministrativeExpenses": 170400000, "otherExpenses": 100000, "operatingExpenses": 168900000, "costAndExpenses": 2022100000, "interestIncome": 1300000, "interestExpense": 43800000, "depreciationAndAmortization": 139100000, "ebitda": 361300000, "ebitdaratio": 0.1612082813, "operatingIncome": 203400000, "operatingIncomeRatio": 0.0907549527, "totalOtherIncomeExpensesNet": -13900000, "incomeBeforeTax": 162700000, "incomeBeforeTaxRatio": 0.0725950384, "incomeTaxExpense": 57700000, "netIncome": 105700000, "netIncomeRatio": 0.0471622345, "eps": 1.34, "epsdiluted": 1.33, "weightedAverageShsOut": 78600000, "weightedAverageShsOutDil": 79700000, "link": "https://www.sec.gov/Archives/edgar/data/74303/000007430315000015/0000074303-15-000015-index.htm", "finalLink": "https://www.sec.gov/Archives/edgar/data/74303/000007430315000015/oln-2014x1231x10xk.htm", "calculatedOtherExpenses": 10100001, "calculatedOperatingExpenses": 184600000, "calculatedNetInterest": -42500000, "calculatedOtherIncome": 1800000, "calculatedIncomeNonControlling": -700000, "calculatedEbitda": 342500000}, {"date": "2013-12-31", "symbol": "OLN", "reportedCurrency": "USD", "cik": "0000074303", "fillingDate": "2014-02-24", "acceptedDate": "2014-02-24 17:14:57", "calendarYear": "2013", "period": "FY", "revenue": 2515000000, "costOfRevenue": 2033700000, "grossProfit": 481300000, "grossProfitRatio": 0.1913717694, "researchAndDevelopmentExpenses": 2500000, "generalAndAdministrativeExpenses": 0, "sellingAndMarketingExpenses": 0, "sellingGeneralAndAdministrativeExpenses": 190000000, "otherExpenses": -1300000, "operatingExpenses": 189300000, "costAndExpenses": 2223000000, "interestIncome": 600000, "interestExpense": 38600000, "depreciationAndAmortization": 135300000, "ebitda": 429400000, "ebitdaratio": 0.1707355865, "operatingIncome": 286500000, "operatingIncomeRatio": 0.113916501, "totalOtherIncomeExpensesNet": -4000000, "incomeBeforeTax": 250000000, "incomeBeforeTaxRatio": 0.0994035785, "incomeTaxExpense": 71400000, "netIncome": 178600000, "netIncomeRatio": 0.0710139165, "eps": 2.24, "epsdiluted": 2.21, "weightedAverageShsOut": 79900000, "weightedAverageShsOutDil": 80900000, "link": "https://www.sec.gov/Archives/edgar/data/74303/000007430314000021/0000074303-14-000021-index.htm", "finalLink": "https://www.sec.gov/Archives/edgar/data/74303/000007430314000021/oln-2013x1231x10xk.htm", "calculatedOtherExpenses": 2300000, "calculatedOperatingExpenses": 194800000, "calculatedNetInterest": -38000000, "calculatedOtherIncome": 1500000, "calculatedIncomeNonControlling": 0, "calculatedEbitda": 421800000}, {"date": "2012-12-31", "symbol": "OLN", "reportedCurrency": "USD", "cik": "0000074303", "fillingDate": "2013-02-25", "acceptedDate": "2013-02-25 17:29:03", "calendarYear": "2012", "period": "FY", "revenue": 2184700000, "costOfRevenue": 1748000000, "grossProfit": 436700000, "grossProfitRatio": 0.1998901451, "researchAndDevelopmentExpenses": 2600000, "generalAndAdministrativeExpenses": 0, "sellingAndMarketingExpenses": 0, "sellingGeneralAndAdministrativeExpenses": 168600000, "otherExpenses": -11300000, "operatingExpenses": 161000000, "costAndExpenses": 1909000000, "interestIncome": 1000000, "interestExpense": 26400000, "depreciationAndAmortization": 110900000, "ebitda": 379300000, "ebitdaratio": 0.1736165149, "operatingIncome": 258900000, "operatingIncomeRatio": 0.1185059734, "totalOtherIncomeExpensesNet": -25100000, "incomeBeforeTax": 225200000, "incomeBeforeTaxRatio": 0.1030805145, "incomeTaxExpense": 75600000, "netIncome": 149600000, "netIncomeRatio": 0.068476221, "eps": 1.87, "epsdiluted": 1.85, "weightedAverageShsOut": 80100000, "weightedAverageShsOutDil": 81000000, "link": "https://www.sec.gov/Archives/edgar/data/74303/000007430313000012/0000074303-13-000012-index.htm", "finalLink": "https://www.sec.gov/Archives/edgar/data/74303/000007430313000012/oln-2012x1231x10xk.htm", "calculatedOtherExpenses": 6600000, "calculatedOperatingExpenses": 177800000, "calculatedNetInterest": -25400000, "calculatedOtherIncome": -8300000, "calculatedIncomeNonControlling": 0, "calculatedEbitda": 369800000}, {"date": "2011-12-31", "symbol": "OLN", "reportedCurrency": "USD", "cik": "0000074303", "fillingDate": "2012-02-24", "acceptedDate": "2012-02-24 17:01:44", "calendarYear": "2011", "period": "FY", "revenue": 1961100000, "costOfRevenue": 1573900000, "grossProfit": 387200000, "grossProfitRatio": 0.1974402121, "researchAndDevelopmentExpenses": 0, "generalAndAdministrativeExpenses": 0, "sellingAndMarketingExpenses": 0, "sellingGeneralAndAdministrativeExpenses": 161400000, "otherExpenses": 0, "operatingExpenses": 152600000, "costAndExpenses": 1726500000, "interestIncome": 1200000, "interestExpense": 30400000, "depreciationAndAmortization": 99300000, "ebitda": 344700000, "ebitdaratio": 0.1757687012, "operatingIncome": 223900000, "operatingIncomeRatio": 0.1141706185, "totalOtherIncomeExpensesNet": 174000000, "incomeBeforeTax": 379400000, "incomeBeforeTaxRatio": 0.1934628525, "incomeTaxExpense": 137700000, "netIncome": 241700000, "netIncomeRatio": 0.1232471572, "eps": 3.02, "epsdiluted": 2.99, "weightedAverageShsOut": 80000000, "weightedAverageShsOutDil": 80800000, "link": "https://www.sec.gov/Archives/edgar/data/74303/000007430312000027/0000074303-12-000027-index.htm", "finalLink": "https://www.sec.gov/Archives/edgar/data/74303/000007430312000027/final10k2011.htm", "calculatedOtherExpenses": 1900000, "calculatedOperatingExpenses": 163300000, "calculatedNetInterest": -29200000, "calculatedOtherIncome": 184700000, "calculatedIncomeNonControlling": 0, "calculatedEbitda": 323200000}, {"date": "2010-12-31", "symbol": "OLN", "reportedCurrency": "USD", "cik": "0000074303", "fillingDate": "2011-02-24", "acceptedDate": "2011-02-23 18:19:37", "calendarYear": "2010", "period": "FY", "revenue": 1585900000, "costOfRevenue": 1349900000, "grossProfit": 236000000, "grossProfitRatio": 0.1488114005, "researchAndDevelopmentExpenses": 0, "generalAndAdministrativeExpenses": 0, "sellingAndMarketingExpenses": 0, "sellingGeneralAndAdministrativeExpenses": 134400000, "otherExpenses": 0, "operatingExpenses": 134400000, "costAndExpenses": 1484300000, "interestIncome": 1000000, "interestExpense": 25400000, "depreciationAndAmortization": 86900000, "ebitda": 221900000, "ebitdaratio": 0.1399205498, "operatingIncome": 69900000, "operatingIncomeRatio": 0.044075919, "totalOtherIncomeExpensesNet": -2800000, "incomeBeforeTax": 76900000, "incomeBeforeTaxRatio": 0.0484898165, "incomeTaxExpense": 12100000, "netIncome": 64800000, "netIncomeRatio": 0.0408600795, "eps": 0.82, "epsdiluted": 0.81, "weightedAverageShsOut": 79200000, "weightedAverageShsOutDil": 79900000, "link": "https://www.sec.gov/Archives/edgar/data/74303/000007430311000012/0000074303-11-000012-index.htm", "finalLink": "https://www.sec.gov/Archives/edgar/data/74303/000007430311000012/final10k2010.htm", "calculatedOtherExpenses": 31700000, "calculatedOperatingExpenses": 166100000, "calculatedNetInterest": -24400000, "calculatedOtherIncome": 31400000, "calculatedIncomeNonControlling": 0, "calculatedEbitda": 156800000}, {"date": "2009-12-31", "symbol": "OLN", "reportedCurrency": "USD", "cik": "0000074303", "fillingDate": "2010-02-24", "acceptedDate": "2010-02-24 17:11:54", "calendarYear": "2009", "period": "FY", "revenue": 1531500000, "costOfRevenue": 1222700000, "grossProfit": 308800000, "grossProfitRatio": 0.2016323865, "researchAndDevelopmentExpenses": 0, "generalAndAdministrativeExpenses": 0, "sellingAndMarketingExpenses": 0, "sellingGeneralAndAdministrativeExpenses": 135300000, "otherExpenses": 0, "operatingExpenses": 135300000, "costAndExpenses": 1358000000, "interestIncome": 1100000, "interestExpense": 11600000, "depreciationAndAmortization": 71700000, "ebitda": 293100000, "ebitdaratio": 0.191380999, "operatingIncome": 182600000, "operatingIncomeRatio": 0.1192295135, "totalOtherIncomeExpensesNet": 37800000, "incomeBeforeTax": 209900000, "incomeBeforeTaxRatio": 0.1370551747, "incomeTaxExpense": 74200000, "netIncome": 135700000, "netIncomeRatio": 0.0886059419, "eps": 1.74, "epsdiluted": 1.73, "weightedAverageShsOut": 78100000, "weightedAverageShsOutDil": 78300000, "link": "https://www.sec.gov/Archives/edgar/data/74303/000007430310000007/0000074303-10-000007-index.htm", "finalLink": "https://www.sec.gov/Archives/edgar/data/74303/000007430310000007/final10k2009.htm", "calculatedOtherExpenses": -9100000, "calculatedOperatingExpenses": 126200000, "calculatedNetInterest": -10500000, "calculatedOtherIncome": 37800000, "calculatedIncomeNonControlling": 0, "calculatedEbitda": 254300000}, {"date": "2008-12-31", "symbol": "OLN", "reportedCurrency": "USD", "cik": "0000074303", "fillingDate": "2009-02-25", "acceptedDate": "2009-02-24 17:52:13", "calendarYear": "2008", "period": "FY", "revenue": 1764500000, "costOfRevenue": 1377200000, "grossProfit": 387300000, "grossProfitRatio": 0.2194956078, "researchAndDevelopmentExpenses": 0, "generalAndAdministrativeExpenses": 11663995000000, "sellingAndMarketingExpenses": -11663857700000, "sellingGeneralAndAdministrativeExpenses": 137300000, "otherExpenses": 0, "operatingExpenses": 136100000, "costAndExpenses": 1513300000, "interestIncome": 6200000, "interestExpense": 13300000, "depreciationAndAmortization": 69600000, "ebitda": 366400000, "ebitdaratio": 0.2076508926, "operatingIncome": 251200000, "operatingIncomeRatio": 0.1423632757, "totalOtherIncomeExpensesNet": -26000000, "incomeBeforeTax": 257500000, "incomeBeforeTaxRatio": 0.1459336923, "incomeTaxExpense": 99800000, "netIncome": 157700000, "netIncomeRatio": 0.0893737603, "eps": 2.08, "epsdiluted": 2.07, "weightedAverageShsOut": 75800000, "weightedAverageShsOutDil": 76100000, "link": "https://www.sec.gov/Archives/edgar/data/74303/000007430309000008/0000074303-09-000008-index.htm", "finalLink": "https://www.sec.gov/Archives/edgar/data/74303/000007430309000008/final10k2008.htm", "calculatedOtherExpenses": -1200000, "calculatedOperatingExpenses": 136100000, "calculatedNetInterest": -7100000, "calculatedOtherIncome": 13400000, "calculatedIncomeNonControlling": 0, "calculatedEbitda": 320800000}, {"date": "2007-12-31", "symbol": "OLN", "reportedCurrency": "USD", "cik": "0000074303", "fillingDate": "2008-02-28", "acceptedDate": "2008-02-27 18:10:28", "calendarYear": "2007", "period": "FY", "revenue": 1276800000, "costOfRevenue": 1038300000, "grossProfit": 238500000, "grossProfitRatio": 0.1867951128, "researchAndDevelopmentExpenses": 0, "generalAndAdministrativeExpenses": 0, "sellingAndMarketingExpenses": 0, "sellingGeneralAndAdministrativeExpenses": 126400000, "otherExpenses": -1900000, "operatingExpenses": 124500000, "costAndExpenses": 1162800000, "interestIncome": 0, "interestExpense": 0, "depreciationAndAmortization": 48000000, "ebitda": 158900000, "ebitdaratio": 0.1244517544, "operatingIncome": 114000000, "operatingIncomeRatio": 0.0892857143, "totalOtherIncomeExpensesNet": 49100000, "incomeBeforeTax": 150700000, "incomeBeforeTaxRatio": 0.1180294486, "incomeTaxExpense": 49900000, "netIncome": -9200000, "netIncomeRatio": -0.0072055138, "eps": -0.12, "epsdiluted": -0.12, "weightedAverageShsOut": 74300000, "weightedAverageShsOutDil": 74300000, "link": "https://www.sec.gov/Archives/edgar/data/74303/000007430308000017/0000074303-08-000017-index.htm", "finalLink": "https://www.sec.gov/Archives/edgar/data/74303/000007430308000017/form10k2007.htm", "calculatedOtherExpenses": -1900000, "calculatedOperatingExpenses": 124500000, "calculatedNetInterest": 0, "calculatedOtherIncome": 36700000, "calculatedIncomeNonControlling": 110000000, "calculatedEbitda": 162000000}, {"date": "2006-12-31", "symbol": "OLN", "reportedCurrency": "USD", "cik": "0000074303", "fillingDate": "2007-02-27", "acceptedDate": "2007-02-27 16:17:43", "calendarYear": "2006", "period": "FY", "revenue": 3151800000, "costOfRevenue": 2797100000, "grossProfit": 354700000, "grossProfitRatio": 0.1125388667, "researchAndDevelopmentExpenses": 4500000, "generalAndAdministrativeExpenses": 0, "sellingAndMarketingExpenses": 0, "sellingGeneralAndAdministrativeExpenses": 176900000, "otherExpenses": -6700000, "operatingExpenses": 174700000, "costAndExpenses": 2971800000, "interestIncome": 0, "interestExpense": 0, "depreciationAndAmortization": 72100000, "ebitda": 261500000, "ebitdaratio": 0.0829684625, "operatingIncome": 162400000, "operatingIncomeRatio": 0.0515261121, "totalOtherIncomeExpensesNet": 36600000, "incomeBeforeTax": 201400000, "incomeBeforeTaxRatio": 0.0638999937, "incomeTaxExpense": 51700000, "netIncome": 149700000, "netIncomeRatio": 0.0474966686, "eps": 2.06, "epsdiluted": 2.06, "weightedAverageShsOut": 72600000, "weightedAverageShsOutDil": 72800000, "link": "https://www.sec.gov/Archives/edgar/data/74303/000119312507041049/0001193125-07-041049-index.htm", "finalLink": "https://www.sec.gov/Archives/edgar/data/74303/000119312507041049/d10k.htm", "calculatedOtherExpenses": 10900000, "calculatedOperatingExpenses": 192300000, "calculatedNetInterest": 0, "calculatedOtherIncome": 39000000, "calculatedIncomeNonControlling": 0, "calculatedEbitda": 234500000}, {"date": "2005-12-31", "symbol": "OLN", "reportedCurrency": "USD", "cik": "0000074303", "fillingDate": "2006-03-03", "acceptedDate": "2006-03-02 19:37:53", "calendarYear": "2005", "period": "FY", "revenue": 2357700000, "costOfRevenue": 1998800000, "grossProfit": 358900000, "grossProfitRatio": 0.1522246257, "researchAndDevelopmentExpenses": 4200000, "generalAndAdministrativeExpenses": 0, "sellingAndMarketingExpenses": 0, "sellingGeneralAndAdministrativeExpenses": 176300000, "otherExpenses": -9100000, "operatingExpenses": 171400000, "costAndExpenses": 2170200000, "interestIncome": 0, "interestExpense": 0, "depreciationAndAmortization": 72500000, "ebitda": 249700000, "ebitdaratio": 0.1059083005, "operatingIncome": 187200000, "operatingIncomeRatio": 0.0793994147, "totalOtherIncomeExpensesNet": 48800000, "incomeBeforeTax": 225600000, "incomeBeforeTaxRatio": 0.0956864741, "incomeTaxExpense": 85900000, "netIncome": 133300000, "netIncomeRatio": 0.0565381516, "eps": 1.87, "epsdiluted": 1.86, "weightedAverageShsOut": 71300000, "weightedAverageShsOutDil": 71600000, "link": "https://www.sec.gov/Archives/edgar/data/74303/000119312506044128/0001193125-06-044128-index.htm", "finalLink": "https://www.sec.gov/Archives/edgar/data/74303/000119312506044128/d10k.htm", "calculatedOtherExpenses": -8800000, "calculatedOperatingExpenses": 171700000, "calculatedNetInterest": 0, "calculatedOtherIncome": 38400000, "calculatedIncomeNonControlling": 6400000, "calculatedEbitda": 259700000}, {"date": "2004-12-31", "symbol": "OLN", "reportedCurrency": "USD", "cik": "0000074303", "fillingDate": "2005-03-09", "acceptedDate": "2005-03-09 17:28:15", "calendarYear": "2004", "period": "FY", "revenue": 1997000000, "costOfRevenue": 1765000000, "grossProfit": 232000000, "grossProfitRatio": 0.1161742614, "researchAndDevelopmentExpenses": 4000000, "generalAndAdministrativeExpenses": 0, "sellingAndMarketingExpenses": 0, "sellingGeneralAndAdministrativeExpenses": 141000000, "otherExpenses": 0, "operatingExpenses": 145000000, "costAndExpenses": 1910000000, "interestIncome": 0, "interestExpense": 0, "depreciationAndAmortization": 73000000, "ebitda": 160000000, "ebitdaratio": 0.0801201803, "operatingIncome": 77000000, "operatingIncomeRatio": 0.0385578368, "totalOtherIncomeExpensesNet": 10000000, "incomeBeforeTax": 79000000, "incomeBeforeTaxRatio": 0.039559339, "incomeTaxExpense": 28000000, "netIncome": 55000000, "netIncomeRatio": 0.027541312, "eps": 0.8, "epsdiluted": 0.8, "weightedAverageShsOut": 68200000, "weightedAverageShsOutDil": 68400000, "link": "https://www.sec.gov/Archives/edgar/data/74303/000119312505045641/0001193125-05-045641-index.htm", "finalLink": "https://www.sec.gov/Archives/edgar/data/74303/000119312505045641/d10k.htm", "calculatedOtherExpenses": 10000000, "calculatedOperatingExpenses": 155000000, "calculatedNetInterest": 0, "calculatedOtherIncome": 2000000, "calculatedIncomeNonControlling": -4000000, "calculatedEbitda": 150000000}, {"date": "2003-12-31", "symbol": "OLN", "reportedCurrency": "USD", "cik": "0000074303", "fillingDate": "2004-03-09", "acceptedDate": "2004-03-09 11:19:10", "calendarYear": "2003", "period": "FY", "revenue": 1586000000, "costOfRevenue": 1406000000, "grossProfit": 180000000, "grossProfitRatio": 0.1134930643, "researchAndDevelopmentExpenses": 5000000, "generalAndAdministrativeExpenses": 0, "sellingAndMarketingExpenses": 0, "sellingGeneralAndAdministrativeExpenses": 130000000, "otherExpenses": -8000000, "operatingExpenses": 127000000, "costAndExpenses": 1533000000, "interestIncome": 0, "interestExpense": 0, "depreciationAndAmortization": 82000000, "ebitda": 156000000, "ebitdaratio": 0.0983606557, "operatingIncome": 22000000, "operatingIncomeRatio": 0.0138713745, "totalOtherIncomeExpensesNet": -21000000, "incomeBeforeTax": 5000000, "incomeBeforeTaxRatio": 0.0031525851, "incomeTaxExpense": 4000000, "netIncome": -24000000, "netIncomeRatio": -0.0151324086, "eps": -0.41, "epsdiluted": -0.41, "weightedAverageShsOut": 58300000, "weightedAverageShsOutDil": 58300000, "link": "https://www.sec.gov/Archives/edgar/data/74303/000119312504036954/0001193125-04-036954-index.htm", "finalLink": "https://www.sec.gov/Archives/edgar/data/74303/000119312504036954/d10k.htm", "calculatedOtherExpenses": 23000000, "calculatedOperatingExpenses": 158000000, "calculatedNetInterest": 0, "calculatedOtherIncome": -17000000, "calculatedIncomeNonControlling": 25000000, "calculatedEbitda": 104000000}, {"date": "2002-12-31", "symbol": "OLN", "reportedCurrency": "USD", "cik": "0000074303", "fillingDate": "2003-03-06", "acceptedDate": "2003-03-06 13:51:32", "calendarYear": "2002", "period": "FY", "revenue": 1301000000, "costOfRevenue": 1181000000, "grossProfit": 120000000, "grossProfitRatio": 0.092236741, "researchAndDevelopmentExpenses": 5000000, "generalAndAdministrativeExpenses": 0, "sellingAndMarketingExpenses": 0, "sellingGeneralAndAdministrativeExpenses": 115000000, "otherExpenses": 0, "operatingExpenses": 120000000, "costAndExpenses": 1301000000, "interestIncome": 0, "interestExpense": 0, "depreciationAndAmortization": 88000000, "ebitda": 85000000, "ebitdaratio": 0.0653343582, "operatingIncome": -3000000, "operatingIncomeRatio": -0.0023059185, "totalOtherIncomeExpensesNet": -4000000, "incomeBeforeTax": -27000000, "incomeBeforeTaxRatio": -0.0207532667, "incomeTaxExpense": 4000000, "netIncome": -31000000, "netIncomeRatio": -0.0238278248, "eps": -0.63, "epsdiluted": -0.63, "weightedAverageShsOut": 49400000, "weightedAverageShsOutDil": 49400000, "link": "https://www.sec.gov/Archives/edgar/data/74303/000095013003001836/0000950130-03-001836-index.htm", "finalLink": "https://www.sec.gov/Archives/edgar/data/74303/000095013003001836/d10k.htm", "calculatedOtherExpenses": 3000000, "calculatedOperatingExpenses": 123000000, "calculatedNetInterest": 0, "calculatedOtherIncome": -24000000, "calculatedIncomeNonControlling": 0, "calculatedEbitda": 85000000}, {"date": "2001-12-31", "symbol": "OLN", "reportedCurrency": "USD", "cik": "0000074303", "fillingDate": "2002-03-04", "acceptedDate": "2002-03-04 00:00:00", "calendarYear": "2001", "period": "FY", "revenue": 1271000000, "costOfRevenue": 1122000000, "grossProfit": 149000000, "grossProfitRatio": 0.1172305271, "researchAndDevelopmentExpenses": 5000000, "generalAndAdministrativeExpenses": 116000000, "sellingAndMarketingExpenses": 0, "sellingGeneralAndAdministrativeExpenses": 116000000, "otherExpenses": 0, "operatingExpenses": 121000000, "costAndExpenses": 1243000000, "interestIncome": 0, "interestExpense": 0, "depreciationAndAmortization": 87000000, "ebitda": 140000000, "ebitdaratio": 0.1101494886, "operatingIncome": -11000000, "operatingIncomeRatio": -0.0086546027, "totalOtherIncomeExpensesNet": -25000000, "incomeBeforeTax": -13000000, "incomeBeforeTaxRatio": -0.0102281668, "incomeTaxExpense": -4000000, "netIncome": -9000000, "netIncomeRatio": -0.0070810386, "eps": -0.21, "epsdiluted": -0.21, "weightedAverageShsOut": 43440223, "weightedAverageShsOutDil": 43440223, "link": "https://www.sec.gov/Archives/edgar/data/74303/000095013002001272/0000950130-02-001272-index.htm", "finalLink": "https://www.sec.gov/Archives/edgar/data/74303/000095013002001272/d10k405.txt", "calculatedOtherExpenses": 39000000, "calculatedOperatingExpenses": 160000000, "calculatedNetInterest": 0, "calculatedOtherIncome": -2000000, "calculatedIncomeNonControlling": 0, "calculatedEbitda": 76000000}, {"date": "2000-12-31", "symbol": "OLN", "reportedCurrency": "USD", "cik": "0000074303", "fillingDate": "2001-03-07", "acceptedDate": "2001-03-07 00:00:00", "calendarYear": "2000", "period": "FY", "revenue": 1549000000, "costOfRevenue": 1196000000, "grossProfit": 353000000, "grossProfitRatio": 0.2278889606, "researchAndDevelopmentExpenses": 5000000, "generalAndAdministrativeExpenses": 127000000, "sellingAndMarketingExpenses": 0, "sellingGeneralAndAdministrativeExpenses": 127000000, "otherExpenses": 81000000, "operatingExpenses": 213000000, "costAndExpenses": 1409000000, "interestIncome": 0, "interestExpense": 0, "depreciationAndAmortization": 81000000, "ebitda": 216000000, "ebitdaratio": 0.1394448031, "operatingIncome": 140000000, "operatingIncomeRatio": 0.0903808909, "totalOtherIncomeExpensesNet": 5000000, "incomeBeforeTax": 131000000, "incomeBeforeTaxRatio": 0.0845706908, "incomeTaxExpense": 50000000, "netIncome": 81000000, "netIncomeRatio": 0.0522918012, "eps": 1.8, "epsdiluted": 1.8, "weightedAverageShsOut": 44900000, "weightedAverageShsOutDil": 45000000, "link": "https://www.sec.gov/Archives/edgar/data/74303/000091205701007327/0000912057-01-007327-index.htm", "finalLink": "https://www.sec.gov/Archives/edgar/data/74303/000091205701007327/a2039592z10-k405.txt", "calculatedOtherExpenses": 81000000, "calculatedOperatingExpenses": 213000000, "calculatedNetInterest": 0, "calculatedOtherIncome": -9000000, "calculatedIncomeNonControlling": 0, "calculatedEbitda": 221000000}, {"date": "1999-12-31", "symbol": "OLN", "reportedCurrency": "USD", "cik": "0000074303", "fillingDate": "2000-03-07", "acceptedDate": "2000-03-07 00:00:00", "calendarYear": "1999", "period": "FY", "revenue": 1315000000, "costOfRevenue": 1055000000, "grossProfit": 260000000, "grossProfitRatio": 0.1977186312, "researchAndDevelopmentExpenses": 9000000, "generalAndAdministrativeExpenses": 120000000, "sellingAndMarketingExpenses": 0, "sellingGeneralAndAdministrativeExpenses": 120000000, "otherExpenses": 80000000, "operatingExpenses": 209000000, "costAndExpenses": 1264000000, "interestIncome": 0, "interestExpense": 0, "depreciationAndAmortization": 80000000, "ebitda": 141000000, "ebitdaratio": 0.1072243346, "operatingIncome": 51000000, "operatingIncomeRatio": 0.03878327, "totalOtherIncomeExpensesNet": -10000000, "incomeBeforeTax": 27000000, "incomeBeforeTaxRatio": 0.0205323194, "incomeTaxExpense": 10000000, "netIncome": 21000000, "netIncomeRatio": 0.0159695817, "eps": 0.45, "epsdiluted": 0.45, "weightedAverageShsOut": 46666667, "weightedAverageShsOutDil": 46666667, "link": "https://www.sec.gov/Archives/edgar/data/74303/000095013000001105/0000950130-00-001105-index.html", "finalLink": "https://www.sec.gov/Archives/edgar/data/74303/000095013000001105/", "calculatedOtherExpenses": 80000000, "calculatedOperatingExpenses": 209000000, "calculatedNetInterest": 0, "calculatedOtherIncome": -24000000, "calculatedIncomeNonControlling": -4000000, "calculatedEbitda": 131000000}, {"date": "1998-12-31", "symbol": "OLN", "reportedCurrency": "USD", "cik": "0000074303", "fillingDate": "1999-03-16", "acceptedDate": "1999-03-16 00:00:00", "calendarYear": "1998", "period": "FY", "revenue": 1426000000, "costOfRevenue": 1083000000, "grossProfit": 343000000, "grossProfitRatio": 0.2405329593, "researchAndDevelopmentExpenses": 10000000, "generalAndAdministrativeExpenses": 123000000, "sellingAndMarketingExpenses": 0, "sellingGeneralAndAdministrativeExpenses": 123000000, "otherExpenses": 78000000, "operatingExpenses": 211000000, "costAndExpenses": 1294000000, "interestIncome": 0, "interestExpense": 0, "depreciationAndAmortization": 78000000, "ebitda": 266000000, "ebitdaratio": 0.1865357644, "operatingIncome": 132000000, "operatingIncomeRatio": 0.0925666199, "totalOtherIncomeExpensesNet": -56000000, "incomeBeforeTax": 59000000, "incomeBeforeTaxRatio": 0.0413744741, "incomeTaxExpense": 21000000, "netIncome": 42000000, "netIncomeRatio": 0.0294530154, "eps": 1.64, "epsdiluted": 1.63, "weightedAverageShsOut": 47560976, "weightedAverageShsOutDil": 47852761, "link": "https://www.sec.gov/Archives/edgar/data/74303/000095013099001465/0000950130-99-001465-index.html", "finalLink": "https://www.sec.gov/Archives/edgar/data/74303/", "calculatedOtherExpenses": 78000000, "calculatedOperatingExpenses": 211000000, "calculatedNetInterest": 0, "calculatedOtherIncome": -73000000, "calculatedIncomeNonControlling": -4000000, "calculatedEbitda": 210000000}, {"date": "1997-12-31", "symbol": "OLN", "reportedCurrency": "USD", "cik": "0000074303", "fillingDate": "1998-03-13", "acceptedDate": "1998-03-13 00:00:00", "calendarYear": "1997", "period": "FY", "revenue": 2410000000, "costOfRevenue": 1742000000, "grossProfit": 668000000, "grossProfitRatio": 0.2771784232, "researchAndDevelopmentExpenses": 29000000, "generalAndAdministrativeExpenses": 285000000, "sellingAndMarketingExpenses": 0, "sellingGeneralAndAdministrativeExpenses": 285000000, "otherExpenses": 124000000, "operatingExpenses": 438000000, "costAndExpenses": 2180000000, "interestIncome": 0, "interestExpense": 0, "depreciationAndAmortization": 124000000, "ebitda": 325000000, "ebitdaratio": 0.1348547718, "operatingIncome": 230000000, "operatingIncomeRatio": 0.0954356846, "totalOtherIncomeExpensesNet": 29000000, "incomeBeforeTax": 234000000, "incomeBeforeTaxRatio": 0.0970954357, "incomeTaxExpense": 81000000, "netIncome": 153000000, "netIncomeRatio": 0.0634854772, "eps": 3.02, "epsdiluted": 3, "weightedAverageShsOut": 50662252, "weightedAverageShsOutDil": 51000000, "link": "https://www.sec.gov/Archives/edgar/data/74303/000095013098001212/0000950130-98-001212-index.html", "finalLink": "https://www.sec.gov/Archives/edgar/data/74303/", "calculatedOtherExpenses": 124000000, "calculatedOperatingExpenses": 438000000, "calculatedNetInterest": 0, "calculatedOtherIncome": 4000000, "calculatedIncomeNonControlling": 0, "calculatedEbitda": 354000000}, {"date": "1996-12-31", "symbol": "OLN", "reportedCurrency": "USD", "cik": "0000074303", "fillingDate": "1997-03-13", "acceptedDate": "1997-03-13 00:00:00", "calendarYear": "1996", "period": "FY", "revenue": 2638000000, "costOfRevenue": 1891000000, "grossProfit": 747000000, "grossProfitRatio": 0.2831690675, "researchAndDevelopmentExpenses": 0, "generalAndAdministrativeExpenses": 358000000, "sellingAndMarketingExpenses": 0, "sellingGeneralAndAdministrativeExpenses": 358000000, "otherExpenses": 130000000, "operatingExpenses": 488000000, "costAndExpenses": 2379000000, "interestIncome": 0, "interestExpense": 0, "depreciationAndAmortization": 130000000, "ebitda": 173000000, "ebitdaratio": 0.0655799848, "operatingIncome": 259000000, "operatingIncomeRatio": 0.0981804397, "totalOtherIncomeExpensesNet": 216000000, "incomeBeforeTax": 446000000, "incomeBeforeTaxRatio": 0.1690674754, "incomeTaxExpense": 158000000, "netIncome": 280000000, "netIncomeRatio": 0.1061410159, "eps": 5.34, "epsdiluted": 5.27, "weightedAverageShsOut": 51685393, "weightedAverageShsOutDil": 52371917, "link": "https://www.sec.gov/Archives/edgar/data/74303/000095013097001000/0000950130-97-001000-index.html", "finalLink": "https://www.sec.gov/Archives/edgar/data/74303/", "calculatedOtherExpenses": 130000000, "calculatedOperatingExpenses": 488000000, "calculatedNetInterest": 0, "calculatedOtherIncome": 187000000, "calculatedIncomeNonControlling": 8000000, "calculatedEbitda": 389000000}, {"date": "1995-12-31", "symbol": "OLN", "reportedCurrency": "USD", "cik": "0000074303", "fillingDate": "1996-03-08", "acceptedDate": "1996-03-08 00:00:00", "calendarYear": "1995", "period": "FY", "revenue": 3150000000, "costOfRevenue": 2378000000, "grossProfit": 772000000, "grossProfitRatio": 0.2450793651, "researchAndDevelopmentExpenses": 0, "generalAndAdministrativeExpenses": 385000000, "sellingAndMarketingExpenses": 0, "sellingGeneralAndAdministrativeExpenses": 385000000, "otherExpenses": 142000000, "operatingExpenses": 527000000, "costAndExpenses": 2905000000, "interestIncome": 0, "interestExpense": 0, "depreciationAndAmortization": 142000000, "ebitda": 371000000, "ebitdaratio": 0.1177777778, "operatingIncome": 245000000, "operatingIncomeRatio": 0.0777777778, "totalOtherIncomeExpensesNet": 16000000, "incomeBeforeTax": 217000000, "incomeBeforeTaxRatio": 0.0688888889, "incomeTaxExpense": 77000000, "netIncome": 140000000, "netIncomeRatio": 0.0444444444, "eps": 2.75, "epsdiluted": 2.67, "weightedAverageShsOut": 48727273, "weightedAverageShsOutDil": 50281426, "link": "https://www.sec.gov/Archives/edgar/data/74303/000095013096000793/0000950130-96-000793-index.html", "finalLink": "https://www.sec.gov/Archives/edgar/data/74303/", "calculatedOtherExpenses": 142000000, "calculatedOperatingExpenses": 527000000, "calculatedNetInterest": 0, "calculatedOtherIncome": -28000000, "calculatedIncomeNonControlling": 0, "calculatedEbitda": 387000000}, {"date": "1994-12-31", "symbol": "OLN", "reportedCurrency": "USD", "cik": "0000074303", "fillingDate": "1995-03-10", "acceptedDate": "1995-03-10 00:00:00", "calendarYear": "1994", "period": "FY", "revenue": 2658000000, "costOfRevenue": 2013000000, "grossProfit": 645000000, "grossProfitRatio": 0.2426636569, "researchAndDevelopmentExpenses": 0, "generalAndAdministrativeExpenses": 337000000, "sellingAndMarketingExpenses": 0, "sellingGeneralAndAdministrativeExpenses": 337000000, "otherExpenses": 140000000, "operatingExpenses": 477000000, "costAndExpenses": 2490000000, "interestIncome": 0, "interestExpense": 0, "depreciationAndAmortization": 140000000, "ebitda": 298000000, "ebitdaratio": 0.1121143717, "operatingIncome": 168000000, "operatingIncomeRatio": 0.0632054176, "totalOtherIncomeExpensesNet": 10000000, "incomeBeforeTax": 141000000, "incomeBeforeTaxRatio": 0.0530474041, "incomeTaxExpense": 50000000, "netIncome": 91000000, "netIncomeRatio": 0.0342362679, "eps": 1.83, "epsdiluted": 1.77, "weightedAverageShsOut": 40547945, "weightedAverageShsOutDil": 41807910, "link": "https://www.sec.gov/Archives/edgar/data/74303/000095013095000463/0000950130-95-000463-index.html", "finalLink": "https://www.sec.gov/Archives/edgar/data/74303/", "calculatedOtherExpenses": 140000000, "calculatedOperatingExpenses": 477000000, "calculatedNetInterest": 0, "calculatedOtherIncome": -27000000, "calculatedIncomeNonControlling": 0, "calculatedEbitda": 308000000}, {"date": "1993-12-31", "symbol": "OLN", "reportedCurrency": "USD", "cik": "0000074303", "fillingDate": "1994-03-14", "acceptedDate": "1994-03-14 00:00:00", "calendarYear": "1993", "period": "FY", "revenue": 2423000000, "costOfRevenue": 2022000000, "grossProfit": 401000000, "grossProfitRatio": 0.1654973174, "researchAndDevelopmentExpenses": 0, "generalAndAdministrativeExpenses": 0, "sellingAndMarketingExpenses": 0, "sellingGeneralAndAdministrativeExpenses": 383000000, "otherExpenses": 139000000, "operatingExpenses": 522000000, "costAndExpenses": 2544000000, "interestIncome": 0, "interestExpense": 0, "depreciationAndAmortization": 139000000, "ebitda": 9000000, "ebitdaratio": 0.0037144036, "operatingIncome": -121000000, "operatingIncomeRatio": -0.0499380933, "totalOtherIncomeExpensesNet": 9000000, "incomeBeforeTax": -150000000, "incomeBeforeTaxRatio": -0.0619067272, "incomeTaxExpense": -58000000, "netIncome": -92000000, "netIncomeRatio": -0.0379694593, "eps": -2.41, "epsdiluted": -2.41, "weightedAverageShsOut": 38245614, "weightedAverageShsOutDil": 38245614, "link": "https://www.sec.gov/Archives/edgar/data/74303/000095013094000389/0000950130-94-000389-index.html", "finalLink": "https://www.sec.gov/Archives/edgar/data/74303/", "calculatedOtherExpenses": 139000000, "calculatedOperatingExpenses": 522000000, "calculatedNetInterest": 0, "calculatedOtherIncome": -29000000, "calculatedIncomeNonControlling": 0, "calculatedEbitda": 18000000}, {"date": "1992-12-31", "symbol": "OLN", "reportedCurrency": "USD", "cik": "0000074303", "fillingDate": "1992-12-31", "acceptedDate": "1992-12-30 19:00:00", "calendarYear": "1992", "period": "FY", "revenue": 2376000000, "costOfRevenue": 1818000000, "grossProfit": 558000000, "grossProfitRatio": 0.2348484848, "researchAndDevelopmentExpenses": 0, "generalAndAdministrativeExpenses": 0, "sellingAndMarketingExpenses": 0, "sellingGeneralAndAdministrativeExpenses": 318000000, "otherExpenses": 123000000, "operatingExpenses": 441000000, "costAndExpenses": 2259000000, "interestIncome": 0, "interestExpense": 0, "depreciationAndAmortization": 123000000, "ebitda": 230000000, "ebitdaratio": 0.0968013468, "operatingIncome": 117000000, "operatingIncomeRatio": 0.0492424242, "totalOtherIncomeExpensesNet": 10000000, "incomeBeforeTax": 88000000, "incomeBeforeTaxRatio": 0.037037037, "incomeTaxExpense": 33000000, "netIncome": 9000000, "netIncomeRatio": 0.0037878788, "eps": -0.2, "epsdiluted": -0.2, "weightedAverageShsOut": 41018519, "weightedAverageShsOutDil": 41792453, "link": "", "finalLink": "", "calculatedOtherExpenses": 123000000, "calculatedOperatingExpenses": 441000000, "calculatedNetInterest": 0, "calculatedOtherIncome": -29000000, "calculatedIncomeNonControlling": 46000000, "calculatedEbitda": 240000000}, {"date": "1991-12-31", "symbol": "OLN", "reportedCurrency": "USD", "cik": "0000074303", "fillingDate": "1991-12-31", "acceptedDate": "1991-12-30 19:00:00", "calendarYear": "1991", "period": "FY", "revenue": 2275000000, "costOfRevenue": 1717000000, "grossProfit": 558000000, "grossProfitRatio": 0.2452747253, "researchAndDevelopmentExpenses": 0, "generalAndAdministrativeExpenses": 0, "sellingAndMarketingExpenses": 0, "sellingGeneralAndAdministrativeExpenses": 432000000, "otherExpenses": 120000000, "operatingExpenses": 552000000, "costAndExpenses": 2269000000, "interestIncome": 0, "interestExpense": 0, "depreciationAndAmortization": 120000000, "ebitda": 111000000, "ebitdaratio": 0.0487912088, "operatingIncome": 6000000, "operatingIncomeRatio": 0.0026373626, "totalOtherIncomeExpensesNet": 15000000, "incomeBeforeTax": -25000000, "incomeBeforeTaxRatio": -0.010989011, "incomeTaxExpense": -12000000, "netIncome": -13000000, "netIncomeRatio": -0.0057142857, "eps": -0.28, "epsdiluted": -0.28, "weightedAverageShsOut": 45652174, "weightedAverageShsOutDil": 45652174, "link": "", "finalLink": "", "calculatedOtherExpenses": 120000000, "calculatedOperatingExpenses": 552000000, "calculatedNetInterest": 0, "calculatedOtherIncome": -31000000, "calculatedIncomeNonControlling": 0, "calculatedEbitda": 126000000}, {"date": "1990-12-31", "symbol": "OLN", "reportedCurrency": "USD", "cik": "0000074303", "fillingDate": "1990-12-31", "acceptedDate": "1990-12-30 19:00:00", "calendarYear": "1990", "period": "FY", "revenue": 2592000000, "costOfRevenue": 1940000000, "grossProfit": 652000000, "grossProfitRatio": 0.2515432099, "researchAndDevelopmentExpenses": 0, "generalAndAdministrativeExpenses": 0, "sellingAndMarketingExpenses": 0, "sellingGeneralAndAdministrativeExpenses": 382000000, "otherExpenses": 123000000, "operatingExpenses": 505000000, "costAndExpenses": 2445000000, "interestIncome": 0, "interestExpense": 0, "depreciationAndAmortization": 123000000, "ebitda": 248000000, "ebitdaratio": 0.0956790123, "operatingIncome": 147000000, "operatingIncomeRatio": 0.056712963, "totalOtherIncomeExpensesNet": 22000000, "incomeBeforeTax": 116000000, "incomeBeforeTaxRatio": 0.0447530864, "incomeTaxExpense": 32000000, "netIncome": 84000000, "netIncomeRatio": 0.0324074074, "eps": 2.02, "epsdiluted": 1.94, "weightedAverageShsOut": 37623762, "weightedAverageShsOutDil": 39175258, "link": "", "finalLink": "", "calculatedOtherExpenses": 123000000, "calculatedOperatingExpenses": 505000000, "calculatedNetInterest": 0, "calculatedOtherIncome": -31000000, "calculatedIncomeNonControlling": 0, "calculatedEbitda": 270000000}, {"date": "1989-12-31", "symbol": "OLN", "reportedCurrency": "USD", "cik": "0000074303", "fillingDate": "1989-12-31", "acceptedDate": "1989-12-30 19:00:00", "calendarYear": "1989", "period": "FY", "revenue": 2509000000, "costOfRevenue": 1807000000, "grossProfit": 702000000, "grossProfitRatio": 0.2797927461, "researchAndDevelopmentExpenses": 0, "generalAndAdministrativeExpenses": 0, "sellingAndMarketingExpenses": 0, "sellingGeneralAndAdministrativeExpenses": 353000000, "otherExpenses": 122000000, "operatingExpenses": 475000000, "costAndExpenses": 2282000000, "interestIncome": 0, "interestExpense": 0, "depreciationAndAmortization": 122000000, "ebitda": 328000000, "ebitdaratio": 0.1307293743, "operatingIncome": 227000000, "operatingIncomeRatio": 0.0904742925, "totalOtherIncomeExpensesNet": 21000000, "incomeBeforeTax": 192000000, "incomeBeforeTaxRatio": 0.0765245118, "incomeTaxExpense": 68000000, "netIncome": 124000000, "netIncomeRatio": 0.0494220805, "eps": 3.01, "epsdiluted": 2.93, "weightedAverageShsOut": 39867110, "weightedAverageShsOutDil": 40955631, "link": "", "finalLink": "", "calculatedOtherExpenses": 122000000, "calculatedOperatingExpenses": 475000000, "calculatedNetInterest": 0, "calculatedOtherIncome": -35000000, "calculatedIncomeNonControlling": 0, "calculatedEbitda": 349000000}, {"date": "1988-12-31", "symbol": "OLN", "reportedCurrency": "USD", "cik": "0000074303", "fillingDate": "1988-12-31", "acceptedDate": "1988-12-30 19:00:00", "calendarYear": "1988", "period": "FY", "revenue": 2308000000, "costOfRevenue": 1670000000, "grossProfit": 638000000, "grossProfitRatio": 0.2764298094, "researchAndDevelopmentExpenses": 0, "generalAndAdministrativeExpenses": 0, "sellingAndMarketingExpenses": 0, "sellingGeneralAndAdministrativeExpenses": 347000000, "otherExpenses": 111000000, "operatingExpenses": 458000000, "costAndExpenses": 2128000000, "interestIncome": 0, "interestExpense": 0, "depreciationAndAmortization": 111000000, "ebitda": 277000000, "ebitdaratio": 0.120017331, "operatingIncome": 180000000, "operatingIncomeRatio": 0.0779896014, "totalOtherIncomeExpensesNet": 14000000, "incomeBeforeTax": 151000000, "incomeBeforeTaxRatio": 0.0654246101, "incomeTaxExpense": 53000000, "netIncome": 98000000, "netIncomeRatio": 0.0424610052, "eps": 2.32, "epsdiluted": 2.3, "weightedAverageShsOut": 42241379, "weightedAverageShsOutDil": 42608696, "link": "", "finalLink": "", "calculatedOtherExpenses": 111000000, "calculatedOperatingExpenses": 458000000, "calculatedNetInterest": 0, "calculatedOtherIncome": -29000000, "calculatedIncomeNonControlling": 0, "calculatedEbitda": 291000000}, {"date": "1987-12-31", "symbol": "OLN", "reportedCurrency": "USD", "cik": "0000074303", "fillingDate": "1987-12-31", "acceptedDate": "1987-12-30 19:00:00", "calendarYear": "1987", "period": "FY", "revenue": 1930000000, "costOfRevenue": 1337000000, "grossProfit": 593000000, "grossProfitRatio": 0.307253886, "researchAndDevelopmentExpenses": 0, "generalAndAdministrativeExpenses": 0, "sellingAndMarketingExpenses": 0, "sellingGeneralAndAdministrativeExpenses": 326000000, "otherExpenses": 118000000, "operatingExpenses": 444000000, "costAndExpenses": 1781000000, "interestIncome": 0, "interestExpense": 0, "depreciationAndAmortization": 118000000, "ebitda": 257000000, "ebitdaratio": 0.1331606218, "operatingIncome": 149000000, "operatingIncomeRatio": 0.0772020725, "totalOtherIncomeExpensesNet": 10000000, "incomeBeforeTax": 127000000, "incomeBeforeTaxRatio": 0.0658031088, "incomeTaxExpense": 49000000, "netIncome": 78000000, "netIncomeRatio": 0.0404145078, "eps": 1.69, "epsdiluted": 1.66, "weightedAverageShsOut": 46153846, "weightedAverageShsOutDil": 46987952, "link": "", "finalLink": "", "calculatedOtherExpenses": 118000000, "calculatedOperatingExpenses": 444000000, "calculatedNetInterest": 0, "calculatedOtherIncome": -22000000, "calculatedIncomeNonControlling": 0, "calculatedEbitda": 267000000}, {"date": "1986-12-31", "symbol": "OLN", "reportedCurrency": "USD", "cik": "0000074303", "fillingDate": "1986-12-31", "acceptedDate": "1986-12-30 19:00:00", "calendarYear": "1986", "period": "FY", "revenue": 1707300000, "costOfRevenue": 1207000000, "grossProfit": 500300000, "grossProfitRatio": 0.2930357875, "researchAndDevelopmentExpenses": 0, "generalAndAdministrativeExpenses": 0, "sellingAndMarketingExpenses": 0, "sellingGeneralAndAdministrativeExpenses": 308300000, "otherExpenses": 110600000, "operatingExpenses": 418900000, "costAndExpenses": 1625900000, "interestIncome": 0, "interestExpense": 0, "depreciationAndAmortization": 110600000, "ebitda": 126300000, "ebitdaratio": 0.0739764541, "operatingIncome": 81400000, "operatingIncomeRatio": 0.0476776196, "totalOtherIncomeExpensesNet": 65700000, "incomeBeforeTax": 114900000, "incomeBeforeTaxRatio": 0.0672992444, "incomeTaxExpense": 39700000, "netIncome": 75200000, "netIncomeRatio": 0.0440461547, "eps": 1.68, "epsdiluted": 1.68, "weightedAverageShsOut": 44761905, "weightedAverageShsOutDil": 44761905, "link": "", "finalLink": "", "calculatedOtherExpenses": 110600000, "calculatedOperatingExpenses": 418900000, "calculatedNetInterest": 0, "calculatedOtherIncome": 33500000, "calculatedIncomeNonControlling": 0, "calculatedEbitda": 192000000}, {"date": "1985-12-31", "symbol": "OLN", "reportedCurrency": "USD", "cik": "0000074303", "fillingDate": "1985-12-31", "acceptedDate": "1985-12-30 19:00:00", "calendarYear": "1985", "period": "FY", "revenue": 1751100000, "costOfRevenue": 1262800000, "grossProfit": 488300000, "grossProfitRatio": 0.2788532922, "researchAndDevelopmentExpenses": 0, "generalAndAdministrativeExpenses": 0, "sellingAndMarketingExpenses": 0, "sellingGeneralAndAdministrativeExpenses": 305600000, "otherExpenses": 126000000, "operatingExpenses": 431600000, "costAndExpenses": 1694400000, "interestIncome": 0, "interestExpense": 0, "depreciationAndAmortization": 126000000, "ebitda": 486100000, "ebitdaratio": 0.2775969391, "operatingIncome": 56700000, "operatingIncomeRatio": 0.0323796471, "totalOtherIncomeExpensesNet": -303400000, "incomeBeforeTax": -282000000, "incomeBeforeTaxRatio": -0.161041631, "incomeTaxExpense": -91700000, "netIncome": -165300000, "netIncomeRatio": -0.0943978071, "eps": -3.59, "epsdiluted": -3.59, "weightedAverageShsOut": 46044568, "weightedAverageShsOutDil": 46044568, "link": "", "finalLink": "", "calculatedOtherExpenses": 126000000, "calculatedOperatingExpenses": 431600000, "calculatedNetInterest": 0, "calculatedOtherIncome": -338700000, "calculatedIncomeNonControlling": -25000000, "calculatedEbitda": 182700000}]}