{"originalCurrency": "MXN", "convertedCurrency": "MXN", "report": [{"date": "2023-12-31", "symbol": "OMAB", "reportedCurrency": "MXN", "cik": "0001378239", "fillingDate": "2024-04-29", "acceptedDate": "2024-04-29 14:08:17", "calendarYear": "2023", "period": "FY", "revenue": 14457080000, "costOfRevenue": 5723482000, "grossProfit": 8733598000, "grossProfitRatio": 0.604105255, "researchAndDevelopmentExpenses": 0, "generalAndAdministrativeExpenses": 661447000, "sellingAndMarketingExpenses": -232129000, "sellingGeneralAndAdministrativeExpenses": 667214000, "otherExpenses": 525000, "operatingExpenses": 667214000, "costAndExpenses": 6390696000, "interestIncome": 297910000, "interestExpense": 1269440000, "depreciationAndAmortization": 641343000, "ebitda": 8707727000, "ebitdaratio": 0.6023157512, "operatingIncome": 8066384000, "operatingIncomeRatio": 0.5579538883, "totalOtherIncomeExpensesNet": -1006516000, "incomeBeforeTax": 7059868000, "incomeBeforeTaxRatio": 0.4883329137, "incomeTaxExpense": 2039442000, "netIncome": 5011842000, "netIncomeRatio": 0.3466704203, "eps": 12.98, "epsdiluted": 12.98, "weightedAverageShsOut": 386169425, "weightedAverageShsOutDil": 386169425, "link": "https://www.sec.gov/Archives/edgar/data/1378239/000155837024006069/0001558370-24-006069-index.htm", "finalLink": "https://www.sec.gov/Archives/edgar/data/1378239/000155837024006069/omab-20231231x20f.htm", "calculatedOtherExpenses": 0, "calculatedOperatingExpenses": 667214000, "calculatedNetInterest": -971530000, "calculatedOtherIncome": -34986000, "calculatedIncomeNonControlling": 8584000, "calculatedEbitda": 8707727000}, {"date": "2022-12-31", "symbol": "OMAB", "reportedCurrency": "MXN", "cik": "0001378239", "fillingDate": "2023-04-28", "acceptedDate": "2023-04-28 17:02:53", "calendarYear": "2022", "period": "FY", "revenue": 11934768000, "costOfRevenue": 4596338000, "grossProfit": 7338430000, "grossProfitRatio": 0.6148783118, "researchAndDevelopmentExpenses": 0, "generalAndAdministrativeExpenses": 667600000, "sellingAndMarketingExpenses": 0, "sellingGeneralAndAdministrativeExpenses": 667600000, "otherExpenses": 606384000, "operatingExpenses": 1273984000, "costAndExpenses": 5870322000, "interestIncome": 171312000, "interestExpense": 934102000, "depreciationAndAmortization": 722512000, "ebitda": 6786998000, "ebitdaratio": 0.5686744811, "operatingIncome": 6064486000, "operatingIncomeRatio": 0.508136061, "totalOtherIncomeExpensesNet": -771661000, "incomeBeforeTax": 5292825000, "incomeBeforeTaxRatio": 0.4434795046, "incomeTaxExpense": 1375520000, "netIncome": 3900967000, "netIncomeRatio": 0.3268573801, "eps": 10.1, "epsdiluted": 10.1, "weightedAverageShsOut": 386169425, "weightedAverageShsOutDil": 386169425, "link": "https://www.sec.gov/Archives/edgar/data/1378239/000155837023007311/0001558370-23-007311-index.htm", "finalLink": "https://www.sec.gov/Archives/edgar/data/1378239/000155837023007311/omab-20221231x20f.htm", "calculatedOtherExpenses": 606344000, "calculatedOperatingExpenses": 1273944000, "calculatedNetInterest": -762790000, "calculatedOtherIncome": -8871000, "calculatedIncomeNonControlling": 16338000, "calculatedEbitda": 6786998000}, {"date": "2021-12-31", "symbol": "OMAB", "reportedCurrency": "MXN", "cik": "0001378239", "fillingDate": "2022-04-29", "acceptedDate": "2022-04-29 13:56:25", "calendarYear": "2021", "period": "FY", "revenue": 8720010000, "costOfRevenue": 3570893000, "grossProfit": 5149117000, "grossProfitRatio": 0.5904943916, "researchAndDevelopmentExpenses": 0, "generalAndAdministrativeExpenses": 586542000, "sellingAndMarketingExpenses": 0, "sellingGeneralAndAdministrativeExpenses": 586542000, "otherExpenses": 453464000, "operatingExpenses": 1040006000, "costAndExpenses": 4610899000, "interestIncome": 129479000, "interestExpense": 516676000, "depreciationAndAmortization": 616709000, "ebitda": 4727098000, "ebitdaratio": 0.5420977728, "operatingIncome": 4110389000, "operatingIncomeRatio": 0.4713743448, "totalOtherIncomeExpensesNet": -274580000, "incomeBeforeTax": 3835809000, "incomeBeforeTaxRatio": 0.4398858488, "incomeTaxExpense": 972179000, "netIncome": 2857265000, "netIncomeRatio": 0.3276676288, "eps": 7.4, "epsdiluted": 7.4, "weightedAverageShsOut": 386169425, "weightedAverageShsOutDil": 386169425, "link": "https://www.sec.gov/Archives/edgar/data/1378239/000155837022006443/0001558370-22-006443-index.htm", "finalLink": "https://www.sec.gov/Archives/edgar/data/1378239/000155837022006443/omab-20211231x20f.htm", "calculatedOtherExpenses": 452186000, "calculatedOperatingExpenses": 1038728000, "calculatedNetInterest": -387197000, "calculatedOtherIncome": 112617000, "calculatedIncomeNonControlling": 6365000, "calculatedEbitda": 4727098000}, {"date": "2020-12-31", "symbol": "OMAB", "reportedCurrency": "MXN", "cik": "0001378239", "fillingDate": "2021-04-30", "acceptedDate": "2021-04-30 11:33:52", "calendarYear": "2020", "period": "FY", "revenue": 5367466000, "costOfRevenue": 2847702000, "grossProfit": 2519764000, "grossProfitRatio": 0.4694513202, "researchAndDevelopmentExpenses": 0, "generalAndAdministrativeExpenses": 518058000, "sellingAndMarketingExpenses": 0, "sellingGeneralAndAdministrativeExpenses": 518058000, "otherExpenses": 280366000, "operatingExpenses": 798424000, "costAndExpenses": 3646126000, "interestIncome": 111889000, "interestExpense": 420499000, "depreciationAndAmortization": 547233000, "ebitda": 2268701000, "ebitdaratio": 0.4226763616, "operatingIncome": 1721468000, "operatingIncomeRatio": 0.320722665, "totalOtherIncomeExpensesNet": -229088000, "incomeBeforeTax": 1492380000, "incomeBeforeTaxRatio": 0.2780418171, "incomeTaxExpense": 394501000, "netIncome": 1094358000, "netIncomeRatio": 0.2038872719, "eps": 2.81, "epsdiluted": 2.81, "weightedAverageShsOut": 390111556, "weightedAverageShsOutDil": 390111556, "link": "https://www.sec.gov/Archives/edgar/data/1378239/000155837021005352/0001558370-21-005352-index.htm", "finalLink": "https://www.sec.gov/Archives/edgar/data/1378239/000155837021005352/omab-20201231x20f.htm", "calculatedOtherExpenses": 280238000, "calculatedOperatingExpenses": 798296000, "calculatedNetInterest": -308610000, "calculatedOtherIncome": 79522000, "calculatedIncomeNonControlling": 3521000, "calculatedEbitda": 2268701000}, {"date": "2019-12-31", "symbol": "OMAB", "reportedCurrency": "MXN", "cik": "0001378239", "fillingDate": "2020-04-30", "acceptedDate": "2020-04-30 15:50:12", "calendarYear": "2019", "period": "FY", "revenue": 8527101000, "costOfRevenue": 2980178000, "grossProfit": 5546923000, "grossProfitRatio": 0.6505051365, "researchAndDevelopmentExpenses": 0, "generalAndAdministrativeExpenses": 542664000, "sellingAndMarketingExpenses": 0, "sellingGeneralAndAdministrativeExpenses": 542664000, "otherExpenses": 150108000, "operatingExpenses": 692772000, "costAndExpenses": 3672950000, "interestIncome": 171236000, "interestExpense": 376008000, "depreciationAndAmortization": 586488000, "ebitda": 5441794000, "ebitdaratio": 0.6381763275, "operatingIncome": 4855306000, "operatingIncomeRatio": 0.5693970319, "totalOtherIncomeExpensesNet": -255650000, "incomeBeforeTax": 4599656000, "incomeBeforeTaxRatio": 0.5394161509, "incomeTaxExpense": 1372222000, "netIncome": 3219798000, "netIncomeRatio": 0.3775958558, "eps": 8.2, "epsdiluted": 8.2, "weightedAverageShsOut": 392736827, "weightedAverageShsOutDil": 392736827, "link": "https://www.sec.gov/Archives/edgar/data/1378239/000155837020004773/0001558370-20-004773-index.htm", "finalLink": "https://www.sec.gov/Archives/edgar/data/1378239/000155837020004773/omab-20191231x20f.htm", "calculatedOtherExpenses": 148953000, "calculatedOperatingExpenses": 691617000, "calculatedNetInterest": -204772000, "calculatedOtherIncome": -50878000, "calculatedIncomeNonControlling": 7636000, "calculatedEbitda": 5441794000}, {"date": "2018-12-31", "symbol": "OMAB", "reportedCurrency": "MXN", "cik": "0001378239", "fillingDate": "2019-04-30", "acceptedDate": "2019-04-30 14:27:43", "calendarYear": "2018", "period": "FY", "revenue": 7907054000, "costOfRevenue": 3038962000, "grossProfit": 4868092000, "grossProfitRatio": 0.6156644434, "researchAndDevelopmentExpenses": 0, "generalAndAdministrativeExpenses": 563151000, "sellingAndMarketingExpenses": 0, "sellingGeneralAndAdministrativeExpenses": 563151000, "otherExpenses": 172610000, "operatingExpenses": 735761000, "costAndExpenses": 3774723000, "interestIncome": 194091000, "interestExpense": 325557000, "depreciationAndAmortization": 351745000, "ebitda": 4678167000, "ebitdaratio": 0.5916447516, "operatingIncome": 4132536000, "operatingIncomeRatio": 0.5226391523, "totalOtherIncomeExpensesNet": -15283000, "incomeBeforeTax": 3985582000, "incomeBeforeTaxRatio": 0.5040539751, "incomeTaxExpense": 1121403000, "netIncome": 2851822000, "netIncomeRatio": 0.3606680819, "eps": 57.99, "epsdiluted": 57.99, "weightedAverageShsOut": 49180808, "weightedAverageShsOutDil": 49180808, "link": "https://www.sec.gov/Archives/edgar/data/1378239/000155837019003586/0001558370-19-003586-index.htm", "finalLink": "https://www.sec.gov/Archives/edgar/data/1378239/000155837019003586/omab-20181231x20f.htm", "calculatedOtherExpenses": 172405000, "calculatedOperatingExpenses": 735556000, "calculatedNetInterest": -131466000, "calculatedOtherIncome": -15488000, "calculatedIncomeNonControlling": 12357000, "calculatedEbitda": 4484281000}, {"date": "2017-12-31", "symbol": "OMAB", "reportedCurrency": "MXN", "cik": "0001378239", "fillingDate": "2018-04-30", "acceptedDate": "2018-04-27 20:18:11", "calendarYear": "2017", "period": "FY", "revenue": 7129827000, "costOfRevenue": 2897766000, "grossProfit": 4232061000, "grossProfitRatio": 0.5935713447, "researchAndDevelopmentExpenses": 0, "generalAndAdministrativeExpenses": 587917000, "sellingAndMarketingExpenses": 0, "sellingGeneralAndAdministrativeExpenses": 587917000, "otherExpenses": 135034000, "operatingExpenses": 992942000, "costAndExpenses": 3890708000, "interestIncome": 127290000, "interestExpense": 352822000, "depreciationAndAmortization": 299192000, "ebitda": 3665601000, "ebitdaratio": 0.5141220117, "operatingIncome": 3239119000, "operatingIncomeRatio": 0.454305413, "totalOtherIncomeExpensesNet": -63072000, "incomeBeforeTax": 2950515000, "incomeBeforeTaxRatio": 0.4138270115, "incomeTaxExpense": 813073000, "netIncome": 2127576000, "netIncomeRatio": 0.2984049964, "eps": 43.24, "epsdiluted": 43.24, "weightedAverageShsOut": 49207611, "weightedAverageShsOutDil": 49207611, "link": "https://www.sec.gov/Archives/edgar/data/1378239/000155837018003456/0001558370-18-003456-index.htm", "finalLink": "https://www.sec.gov/Archives/edgar/data/1378239/000155837018003456/omab-20171231x20f.htm", "calculatedOtherExpenses": 405025000, "calculatedOperatingExpenses": 992942000, "calculatedNetInterest": -225532000, "calculatedOtherIncome": -63072000, "calculatedIncomeNonControlling": 9866000, "calculatedEbitda": 3538311000}, {"date": "2016-12-31", "symbol": "OMAB", "reportedCurrency": "MXN", "cik": "0001378239", "fillingDate": "2017-04-28", "acceptedDate": "2017-04-28 14:41:35", "calendarYear": "2016", "period": "FY", "revenue": 5550269000, "costOfRevenue": 2028633000, "grossProfit": 3521636000, "grossProfitRatio": 0.6344982559, "researchAndDevelopmentExpenses": 0, "generalAndAdministrativeExpenses": 642345000, "sellingAndMarketingExpenses": 0, "sellingGeneralAndAdministrativeExpenses": 642345000, "otherExpenses": 117987000, "operatingExpenses": 760332000, "costAndExpenses": 2788965000, "interestIncome": 199600000, "interestExpense": 330694000, "depreciationAndAmortization": 276634000, "ebitda": 3237538000, "ebitdaratio": 0.5833119079, "operatingIncome": 2783554000, "operatingIncomeRatio": 0.5015169535, "totalOtherIncomeExpensesNet": -6927000, "incomeBeforeTax": 2623283000, "incomeBeforeTaxRatio": 0.4726406954, "incomeTaxExpense": 746782000, "netIncome": 1870187000, "netIncomeRatio": 0.336954299, "eps": 38.09, "epsdiluted": 38.09, "weightedAverageShsOut": 49098040, "weightedAverageShsOutDil": 49098040, "link": "https://www.sec.gov/Archives/edgar/data/1378239/000110465917027790/0001104659-17-027790-index.htm", "finalLink": "https://www.sec.gov/Archives/edgar/data/1378239/000110465917027790/a17-11953_120f.htm", "calculatedOtherExpenses": 95737000, "calculatedOperatingExpenses": 738082000, "calculatedNetInterest": -131094000, "calculatedOtherIncome": -29177000, "calculatedIncomeNonControlling": 6314000, "calculatedEbitda": 3060188000}, {"date": "2015-12-31", "symbol": "OMAB", "reportedCurrency": "MXN", "cik": "0001378239", "fillingDate": "2016-04-28", "acceptedDate": "2016-04-27 20:05:15", "calendarYear": "2015", "period": "FY", "revenue": 4492659000, "costOfRevenue": 1806994000, "grossProfit": 2685665000, "grossProfitRatio": 0.5977896386, "researchAndDevelopmentExpenses": 0, "generalAndAdministrativeExpenses": 562055000, "sellingAndMarketingExpenses": 0, "sellingGeneralAndAdministrativeExpenses": 562055000, "otherExpenses": 87195000, "operatingExpenses": 649250000, "costAndExpenses": 2456244000, "interestIncome": 80740000, "interestExpense": 334764000, "depreciationAndAmortization": 238809000, "ebitda": 2355964000, "ebitdaratio": 0.5244030317, "operatingIncome": 2036555000, "operatingIncomeRatio": 0.453307273, "totalOtherIncomeExpensesNet": -33644000, "incomeBeforeTax": 1748747000, "incomeBeforeTaxRatio": 0.3892454335, "incomeTaxExpense": 512110000, "netIncome": 1233772000, "netIncomeRatio": 0.2746195516, "eps": 25.06, "epsdiluted": 25.06, "weightedAverageShsOut": 49228283, "weightedAverageShsOutDil": 49228283, "link": "https://www.sec.gov/Archives/edgar/data/1378239/000110465916114802/0001104659-16-114802-index.htm", "finalLink": "https://www.sec.gov/Archives/edgar/data/1378239/000110465916114802/a16-8650_120f.htm", "calculatedOtherExpenses": 87055000, "calculatedOperatingExpenses": 649110000, "calculatedNetInterest": -254024000, "calculatedOtherIncome": -33784000, "calculatedIncomeNonControlling": 2865000, "calculatedEbitda": 2275364000}, {"date": "2014-12-31", "symbol": "OMAB", "reportedCurrency": "MXN", "cik": "0001378239", "fillingDate": "2015-04-28", "acceptedDate": "2015-04-27 18:28:18", "calendarYear": "2014", "period": "FY", "revenue": 3729687000, "costOfRevenue": 1655857000, "grossProfit": 2073830000, "grossProfitRatio": 0.5560332543, "researchAndDevelopmentExpenses": 0, "generalAndAdministrativeExpenses": 536034000, "sellingAndMarketingExpenses": 0, "sellingGeneralAndAdministrativeExpenses": 536034000, "otherExpenses": 67156000, "operatingExpenses": 603190000, "costAndExpenses": 2259047000, "interestIncome": 77147000, "interestExpense": 264368000, "depreciationAndAmortization": 223982000, "ebitda": 1771769000, "ebitdaratio": 0.4750449569, "operatingIncome": 1468989000, "operatingIncomeRatio": 0.3938638819, "totalOtherIncomeExpensesNet": -24114000, "incomeBeforeTax": 1259305000, "incomeBeforeTaxRatio": 0.3376436146, "incomeTaxExpense": 232345000, "netIncome": 1024694000, "netIncomeRatio": 0.2747399447, "eps": 20.68, "epsdiluted": 20.68, "weightedAverageShsOut": 49561636, "weightedAverageShsOutDil": 49561636, "link": "https://www.sec.gov/Archives/edgar/data/1378239/000110465915030630/0001104659-15-030630-index.htm", "finalLink": "https://www.sec.gov/Archives/edgar/data/1378239/000110465915030630/a15-9433_120f.htm", "calculatedOtherExpenses": 68807000, "calculatedOperatingExpenses": 604841000, "calculatedNetInterest": -187221000, "calculatedOtherIncome": -22463000, "calculatedIncomeNonControlling": 2266000, "calculatedEbitda": 1692971000}, {"date": "2013-12-31", "symbol": "OMAB", "reportedCurrency": "MXN", "cik": "0001378239", "fillingDate": "2014-04-25", "acceptedDate": "2014-04-25 17:21:47", "calendarYear": "2013", "period": "FY", "revenue": 3418058000, "costOfRevenue": 1690569000, "grossProfit": 1727489000, "grossProfitRatio": 0.5054007275, "researchAndDevelopmentExpenses": 0, "generalAndAdministrativeExpenses": 501233000, "sellingAndMarketingExpenses": 0, "sellingGeneralAndAdministrativeExpenses": 501233000, "otherExpenses": 47828000, "operatingExpenses": 549061000, "costAndExpenses": 2239630000, "interestIncome": 72650000, "interestExpense": 209359000, "depreciationAndAmortization": 201226000, "ebitda": 1452304000, "ebitdaratio": 0.4248915612, "operatingIncome": 1209395000, "operatingIncomeRatio": 0.3538251838, "totalOtherIncomeExpensesNet": 24769000, "incomeBeforeTax": 1066488000, "incomeBeforeTaxRatio": 0.3120157704, "incomeTaxExpense": -134876000, "netIncome": 1199636000, "netIncomeRatio": 0.3509700538, "eps": 24.05, "epsdiluted": 24.05, "weightedAverageShsOut": 49881544, "weightedAverageShsOutDil": 49881544, "link": "https://www.sec.gov/Archives/edgar/data/1378239/000110465914030801/0001104659-14-030801-index.htm", "finalLink": "https://www.sec.gov/Archives/edgar/data/1378239/000110465914030801/a14-10898_120f.htm", "calculatedOtherExpenses": 16861000, "calculatedOperatingExpenses": 518094000, "calculatedNetInterest": -136709000, "calculatedOtherIncome": -6198000, "calculatedIncomeNonControlling": 1728000, "calculatedEbitda": 1410621000}, {"date": "2012-12-31", "symbol": "OMAB", "reportedCurrency": "MXN", "cik": "0001378239", "fillingDate": "2013-04-29", "acceptedDate": "2013-04-29 17:25:03", "calendarYear": "2012", "period": "FY", "revenue": 3141338000, "costOfRevenue": 1471506000, "grossProfit": 1669832000, "grossProfitRatio": 0.531567122, "researchAndDevelopmentExpenses": 0, "generalAndAdministrativeExpenses": 452217000, "sellingAndMarketingExpenses": 0, "sellingGeneralAndAdministrativeExpenses": 452217000, "otherExpenses": 56130000, "operatingExpenses": 508347000, "costAndExpenses": 1979853000, "interestIncome": 27764000, "interestExpense": 103846000, "depreciationAndAmortization": 186803000, "ebitda": 1376052000, "ebitdaratio": 0.438046463, "operatingIncome": 1160174000, "operatingIncomeRatio": 0.3693247909, "totalOtherIncomeExpensesNet": 21857000, "incomeBeforeTax": 1107260000, "incomeBeforeTaxRatio": 0.3524803762, "incomeTaxExpense": 288172000, "netIncome": 810198000, "netIncomeRatio": 0.2579149394, "eps": 16.4, "epsdiluted": 16.4, "weightedAverageShsOut": 49882519, "weightedAverageShsOutDil": 49882519, "link": "https://www.sec.gov/Archives/edgar/data/1378239/000114036113017780/0001140361-13-017780-index.htm", "finalLink": "https://www.sec.gov/Archives/edgar/data/1378239/000114036113017780/form20f.htm", "calculatedOtherExpenses": 57441000, "calculatedOperatingExpenses": 509658000, "calculatedNetInterest": -76082000, "calculatedOtherIncome": 23168000, "calculatedIncomeNonControlling": 8890000, "calculatedEbitda": 1346977000}, {"date": "2011-12-31", "symbol": "OMAB", "reportedCurrency": "MXN", "cik": "0001378239", "fillingDate": "2012-04-30", "acceptedDate": "2012-04-30 16:14:28", "calendarYear": "2011", "period": "FY", "revenue": 2789711000, "costOfRevenue": 1099147000, "grossProfit": 1690564000, "grossProfitRatio": 0.6059996896, "researchAndDevelopmentExpenses": 0, "generalAndAdministrativeExpenses": 432340000, "sellingAndMarketingExpenses": 0, "sellingGeneralAndAdministrativeExpenses": 432340000, "otherExpenses": -38766000, "operatingExpenses": 771296000, "costAndExpenses": 1870443000, "interestIncome": 16079000, "interestExpense": 98431000, "depreciationAndAmortization": 165088000, "ebitda": 1061669000, "ebitdaratio": 0.3805659439, "operatingIncome": 919268000, "operatingIncomeRatio": 0.3295208715, "totalOtherIncomeExpensesNet": -38766000, "incomeBeforeTax": 798150000, "incomeBeforeTaxRatio": 0.2861049048, "incomeTaxExpense": 182070000, "netIncome": 616080000, "netIncomeRatio": 0.2208400799, "eps": 12.35, "epsdiluted": 12.35, "weightedAverageShsOut": 49879904, "weightedAverageShsOutDil": 49879904, "link": "https://www.sec.gov/Archives/edgar/data/1378239/000114036112021913/0001140361-12-021913-index.htm", "finalLink": "https://www.sec.gov/Archives/edgar/data/1378239/000114036112021913/form20f.htm", "calculatedOtherExpenses": 338956000, "calculatedOperatingExpenses": 771296000, "calculatedNetInterest": -82352000, "calculatedOtherIncome": -38766000, "calculatedIncomeNonControlling": 0, "calculatedEbitda": 1084356000}, {"date": "2010-12-31", "symbol": "OMAB", "reportedCurrency": "MXN", "cik": "0001378239", "fillingDate": "2011-06-06", "acceptedDate": "2011-06-06 17:29:47", "calendarYear": "2010", "period": "FY", "revenue": 2651449000, "costOfRevenue": 1180658000, "grossProfit": 1470791000, "grossProfitRatio": 0.5547121593, "researchAndDevelopmentExpenses": 0, "generalAndAdministrativeExpenses": 426881000, "sellingAndMarketingExpenses": 0, "sellingGeneralAndAdministrativeExpenses": 426881000, "otherExpenses": -3090000, "operatingExpenses": 999620000, "costAndExpenses": 2180278000, "interestIncome": 0, "interestExpense": 69900000, "depreciationAndAmortization": 469672000, "ebitda": 939315000, "ebitdaratio": 0.3542647813, "operatingIncome": 471171000, "operatingIncomeRatio": 0.1777032106, "totalOtherIncomeExpensesNet": -3090000, "incomeBeforeTax": 399743000, "incomeBeforeTaxRatio": 0.1507639785, "incomeTaxExpense": -152232000, "netIncome": 551975000, "netIncomeRatio": 0.2081786223, "eps": 13.25, "epsdiluted": 13.25, "weightedAverageShsOut": 49870970, "weightedAverageShsOutDil": 49870970, "link": "https://www.sec.gov/Archives/edgar/data/1378239/000114036111031544/0001140361-11-031544-index.htm", "finalLink": "https://www.sec.gov/Archives/edgar/data/1378239/000114036111031544/form20f.htm", "calculatedOtherExpenses": 572739000, "calculatedOperatingExpenses": 999620000, "calculatedNetInterest": -69900000, "calculatedOtherIncome": -1528000, "calculatedIncomeNonControlling": 0, "calculatedEbitda": 940843000}, {"date": "2009-12-31", "symbol": "OMAB", "reportedCurrency": "MXN", "cik": "0001378239", "fillingDate": "2010-06-09", "acceptedDate": "2010-06-09 15:06:33", "calendarYear": "2009", "period": "FY", "revenue": 2537269000, "costOfRevenue": 1088560000, "grossProfit": 1448709000, "grossProfitRatio": 0.5709717811, "researchAndDevelopmentExpenses": 0, "generalAndAdministrativeExpenses": 382679000, "sellingAndMarketingExpenses": 0, "sellingGeneralAndAdministrativeExpenses": 382679000, "otherExpenses": 10051000, "operatingExpenses": 889325000, "costAndExpenses": 1977885000, "interestIncome": 0, "interestExpense": 26195000, "depreciationAndAmortization": 411890000, "ebitda": 985394000, "ebitdaratio": 0.3883679657, "operatingIncome": 559384000, "operatingIncomeRatio": 0.2204669666, "totalOtherIncomeExpensesNet": 10051000, "incomeBeforeTax": 547309000, "incomeBeforeTaxRatio": 0.2157079127, "incomeTaxExpense": 77785000, "netIncome": 469524000, "netIncomeRatio": 0.1850509347, "eps": 72, "epsdiluted": 72, "weightedAverageShsOut": 49366857, "weightedAverageShsOutDil": 49366857, "link": "https://www.sec.gov/Archives/edgar/data/1378239/000114036110024838/0001140361-10-024838-index.htm", "finalLink": "https://www.sec.gov/Archives/edgar/data/1378239/000114036110024838/form20f.htm", "calculatedOtherExpenses": 506646000, "calculatedOperatingExpenses": 889325000, "calculatedNetInterest": -26195000, "calculatedOtherIncome": 14120000, "calculatedIncomeNonControlling": 0, "calculatedEbitda": 971274000}, {"date": "2008-12-31", "symbol": "OMAB", "reportedCurrency": "MXN", "cik": "0001378239", "fillingDate": "2009-06-11", "acceptedDate": "2009-06-11 17:10:07", "calendarYear": "2008", "period": "FY", "revenue": 1988476000, "costOfRevenue": 458820000, "grossProfit": 1529656000, "grossProfitRatio": 0.7692604789, "researchAndDevelopmentExpenses": 0, "generalAndAdministrativeExpenses": 242066000, "sellingAndMarketingExpenses": 318323000, "sellingGeneralAndAdministrativeExpenses": 318323000, "otherExpenses": 523965000, "operatingExpenses": 842288000, "costAndExpenses": 1301108000, "interestIncome": 0, "interestExpense": 0, "depreciationAndAmortization": 366719000, "ebitda": 1054087000, "ebitdaratio": 0.5300979242, "operatingIncome": 687368000, "operatingIncomeRatio": 0.3456757839, "totalOtherIncomeExpensesNet": 93341000, "incomeBeforeTax": 780709000, "incomeBeforeTaxRatio": 0.3926167578, "incomeTaxExpense": -180504000, "netIncome": 541803000, "netIncomeRatio": 0.2724714807, "eps": 10.94, "epsdiluted": 10.94, "weightedAverageShsOut": 49535539, "weightedAverageShsOutDil": 49535539, "link": "https://www.sec.gov/Archives/edgar/data/1378239/000114036109014526/0001140361-09-014526-index.htm", "finalLink": "https://www.sec.gov/Archives/edgar/data/1378239/000114036109014526/form20f.htm", "calculatedOtherExpenses": 523965000, "calculatedOperatingExpenses": 842288000, "calculatedNetInterest": 0, "calculatedOtherIncome": 93341000, "calculatedIncomeNonControlling": 419410000, "calculatedEbitda": 1054087000}, {"date": "2007-12-31", "symbol": "OMAB", "reportedCurrency": "MXN", "cik": "0001378239", "fillingDate": "2008-06-11", "acceptedDate": "2008-06-10 21:59:05", "calendarYear": "2007", "period": "FY", "revenue": 1897353000, "costOfRevenue": 1169432000, "grossProfit": 727921000, "grossProfitRatio": 0.3836508019, "researchAndDevelopmentExpenses": 0, "generalAndAdministrativeExpenses": 244707000, "sellingAndMarketingExpenses": 256730000, "sellingGeneralAndAdministrativeExpenses": 256730000, "otherExpenses": 0, "operatingExpenses": 244707000, "costAndExpenses": 1169432000, "interestIncome": 0, "interestExpense": 0, "depreciationAndAmortization": 336202000, "ebitda": 1064123000, "ebitdaratio": 0.560846084, "operatingIncome": 727921000, "operatingIncomeRatio": 0.3836508019, "totalOtherIncomeExpensesNet": 88634000, "incomeBeforeTax": 816555000, "incomeBeforeTaxRatio": 0.4303653564, "incomeTaxExpense": -187248000, "netIncome": 31192000, "netIncomeRatio": 0.0164397453, "eps": 0.62, "epsdiluted": 0.62, "weightedAverageShsOut": 49951375, "weightedAverageShsOutDil": 49951375, "link": "https://www.sec.gov/Archives/edgar/data/1378239/000114036108014783/0001140361-08-014783-index.htm", "finalLink": "https://www.sec.gov/Archives/edgar/data/1378239/000114036108014783/form20f.htm", "calculatedOtherExpenses": -256730000, "calculatedOperatingExpenses": 0, "calculatedNetInterest": 0, "calculatedOtherIncome": 88634000, "calculatedIncomeNonControlling": 972611000, "calculatedEbitda": 1064123000}, {"date": "2006-12-31", "symbol": "OMAB", "reportedCurrency": "MXN", "cik": "0001378239", "fillingDate": "2007-07-02", "acceptedDate": "2007-07-02 16:40:17", "calendarYear": "2006", "period": "FY", "revenue": 1626182000, "costOfRevenue": 383065000, "grossProfit": 1243117000, "grossProfitRatio": 0.7644390357, "researchAndDevelopmentExpenses": 0, "generalAndAdministrativeExpenses": 233296000, "sellingAndMarketingExpenses": 228872000, "sellingGeneralAndAdministrativeExpenses": 228872000, "otherExpenses": 410829000, "operatingExpenses": 639701000, "costAndExpenses": 1022766000, "interestIncome": 0, "interestExpense": 0, "depreciationAndAmortization": 281514000, "ebitda": 884930000, "ebitdaratio": 0.5441764821, "operatingIncome": 603416000, "operatingIncomeRatio": 0.3710630175, "totalOtherIncomeExpensesNet": 78193000, "incomeBeforeTax": 681609000, "incomeBeforeTaxRatio": 0.4191468114, "incomeTaxExpense": -108698000, "netIncome": 452237000, "netIncomeRatio": 0.2780974085, "eps": 9.5, "epsdiluted": 9.5, "weightedAverageShsOut": 49396625, "weightedAverageShsOutDil": 49396625, "link": "https://www.sec.gov/Archives/edgar/data/1378239/000095012307009525/0000950123-07-009525-index.htm", "finalLink": "https://www.sec.gov/Archives/edgar/data/1378239/000095012307009525/y36561e20vf.htm", "calculatedOtherExpenses": 410829000, "calculatedOperatingExpenses": 639701000, "calculatedNetInterest": 0, "calculatedOtherIncome": 78193000, "calculatedIncomeNonControlling": 338070000, "calculatedEbitda": 884930000}, {"date": "2005-12-31", "symbol": "OMAB", "reportedCurrency": "MXN", "cik": "0001378239", "fillingDate": "2005-12-31", "acceptedDate": "2005-12-30 19:00:00", "calendarYear": "2005", "period": "FY", "revenue": 1426264000, "costOfRevenue": 374943000, "grossProfit": 1051321000, "grossProfitRatio": 0.7371152886, "researchAndDevelopmentExpenses": 0, "generalAndAdministrativeExpenses": 0, "sellingAndMarketingExpenses": 235842000, "sellingGeneralAndAdministrativeExpenses": 235842000, "otherExpenses": 328129000, "operatingExpenses": 563971000, "costAndExpenses": 938914000, "interestIncome": 0, "interestExpense": 0, "depreciationAndAmortization": 219552000, "ebitda": 706902000, "ebitdaratio": 0.4956319447, "operatingIncome": 487350000, "operatingIncomeRatio": 0.3416969088, "totalOtherIncomeExpensesNet": 33722000, "incomeBeforeTax": 521072000, "incomeBeforeTaxRatio": 0.365340498, "incomeTaxExpense": -4408000, "netIncome": 367299000, "netIncomeRatio": 0.2575252548, "eps": 7.5, "epsdiluted": 7.5, "weightedAverageShsOut": 49000000, "weightedAverageShsOutDil": 49000000, "link": "", "finalLink": "", "calculatedOtherExpenses": 328129000, "calculatedOperatingExpenses": 563971000, "calculatedNetInterest": 0, "calculatedOtherIncome": 33722000, "calculatedIncomeNonControlling": 158181000, "calculatedEbitda": 706902000}]}