{"originalCurrency": "USD", "convertedCurrency": "USD", "report": [{"date": "2023-12-31", "symbol": "OMC", "reportedCurrency": "USD", "cik": "0000029989", "fillingDate": "2024-02-07", "acceptedDate": "2024-02-07 06:35:35", "calendarYear": "2023", "period": "FY", "revenue": 14692200000, "costOfRevenue": 11982700000, "grossProfit": 2709500000, "grossProfitRatio": 0.1844175821, "researchAndDevelopmentExpenses": 0, "generalAndAdministrativeExpenses": 0, "sellingAndMarketingExpenses": 0, "sellingGeneralAndAdministrativeExpenses": 393700000, "otherExpenses": 12193800000, "operatingExpenses": 604800000, "costAndExpenses": 12587500000, "interestIncome": 106700000, "interestExpense": 215600000, "depreciationAndAmortization": 211100000, "ebitda": 2417700000, "ebitdaratio": 0.1645567036, "operatingIncome": 2104700000, "operatingIncomeRatio": 0.1432528825, "totalOtherIncomeExpensesNet": 1900000, "incomeBeforeTax": 1992900000, "incomeBeforeTaxRatio": 0.1356434026, "incomeTaxExpense": 524900000, "netIncome": 1303300000, "netIncomeRatio": 0.0887069329, "eps": 6.98, "epsdiluted": 6.91, "weightedAverageShsOut": 199400000, "weightedAverageShsOutDil": 201400000, "link": "https://www.sec.gov/Archives/edgar/data/29989/000002998924000007/0000029989-24-000007-index.htm", "finalLink": "https://www.sec.gov/Archives/edgar/data/29989/000002998924000007/omc-20231231.htm", "calculatedOtherExpenses": 211100000, "calculatedOperatingExpenses": 604800000, "calculatedNetInterest": -108900000, "calculatedOtherIncome": -2900000, "calculatedIncomeNonControlling": 164700000, "calculatedEbitda": 2315800000}, {"date": "2022-12-31", "symbol": "OMC", "reportedCurrency": "USD", "cik": "0000029989", "fillingDate": "2023-02-08", "acceptedDate": "2023-02-08 06:27:42", "calendarYear": "2022", "period": "FY", "revenue": 14289100000, "costOfRevenue": 11607900000, "grossProfit": 2681200000, "grossProfitRatio": 0.1876395294, "researchAndDevelopmentExpenses": 0, "generalAndAdministrativeExpenses": 0, "sellingAndMarketingExpenses": 0, "sellingGeneralAndAdministrativeExpenses": 378500000, "otherExpenses": 219400000, "operatingExpenses": 597900000, "costAndExpenses": 12205800000, "interestIncome": 70700000, "interestExpense": 208600000, "depreciationAndAmortization": 290100000, "ebitda": 2373400000, "ebitdaratio": 0.1660986346, "operatingIncome": 2083300000, "operatingIncomeRatio": 0.1457964462, "totalOtherIncomeExpensesNet": -137900000, "incomeBeforeTax": 1945400000, "incomeBeforeTaxRatio": 0.1361457335, "incomeTaxExpense": 546800000, "netIncome": 1299400000, "netIncomeRatio": 0.0909364481, "eps": 6.4, "epsdiluted": 6.36, "weightedAverageShsOut": 205600000, "weightedAverageShsOutDil": 207000000, "link": "https://www.sec.gov/Archives/edgar/data/29989/000002998923000005/0000029989-23-000005-index.htm", "finalLink": "https://www.sec.gov/Archives/edgar/data/29989/000002998923000005/omc-20221231.htm", "calculatedOtherExpenses": 219400000, "calculatedOperatingExpenses": 597900000, "calculatedNetInterest": -137900000, "calculatedOtherIncome": 0, "calculatedIncomeNonControlling": 99200000, "calculatedEbitda": 2373400000}, {"date": "2021-12-31", "symbol": "OMC", "reportedCurrency": "USD", "cik": "0000029989", "fillingDate": "2022-02-09", "acceptedDate": "2022-02-09 06:36:00", "calendarYear": "2021", "period": "FY", "revenue": 14289400000, "costOfRevenue": 11499700000, "grossProfit": 2789700000, "grossProfitRatio": 0.195228631, "researchAndDevelopmentExpenses": 0, "generalAndAdministrativeExpenses": 0, "sellingAndMarketingExpenses": 0, "sellingGeneralAndAdministrativeExpenses": 379700000, "otherExpenses": 212100000, "operatingExpenses": 591800000, "costAndExpenses": 12091500000, "interestIncome": 27300000, "interestExpense": 236400000, "depreciationAndAmortization": 239400000, "ebitda": 2437300000, "ebitdaratio": 0.1705669937, "operatingIncome": 2197900000, "operatingIncomeRatio": 0.1538133162, "totalOtherIncomeExpensesNet": -209100000, "incomeBeforeTax": 1988800000, "incomeBeforeTaxRatio": 0.1391800915, "incomeTaxExpense": 488700000, "netIncome": 1395600000, "netIncomeRatio": 0.097666802, "eps": 6.57, "epsdiluted": 6.53, "weightedAverageShsOut": 214300000, "weightedAverageShsOutDil": 215600000, "link": "https://www.sec.gov/Archives/edgar/data/29989/000002998922000012/0000029989-22-000012-index.htm", "finalLink": "https://www.sec.gov/Archives/edgar/data/29989/000002998922000012/omc-20211231.htm", "calculatedOtherExpenses": 212100000, "calculatedOperatingExpenses": 591800000, "calculatedNetInterest": -209100000, "calculatedOtherIncome": 0, "calculatedIncomeNonControlling": 104500000, "calculatedEbitda": 2437300000}, {"date": "2020-12-31", "symbol": "OMC", "reportedCurrency": "USD", "cik": "0000029989", "fillingDate": "2021-02-18", "acceptedDate": "2021-02-18 16:36:41", "calendarYear": "2020", "period": "FY", "revenue": 13171100000, "costOfRevenue": 10989200000, "grossProfit": 2181900000, "grossProfitRatio": 0.1656581455, "researchAndDevelopmentExpenses": 0, "generalAndAdministrativeExpenses": 0, "sellingAndMarketingExpenses": 0, "sellingGeneralAndAdministrativeExpenses": 360500000, "otherExpenses": 222600000, "operatingExpenses": 583100000, "costAndExpenses": 11572300000, "interestIncome": 32300000, "interestExpense": 221800000, "depreciationAndAmortization": 254900000, "ebitda": 1853700000, "ebitdaratio": 0.1407399534, "operatingIncome": 1598800000, "operatingIncomeRatio": 0.121386976, "totalOtherIncomeExpensesNet": -189500000, "incomeBeforeTax": 1409300000, "incomeBeforeTaxRatio": 0.1069994154, "incomeTaxExpense": 381700000, "netIncome": 951200000, "netIncomeRatio": 0.0722187213, "eps": 4.39, "epsdiluted": 4.37, "weightedAverageShsOut": 215600000, "weightedAverageShsOutDil": 216200000, "link": "https://www.sec.gov/Archives/edgar/data/29989/000002998921000004/0000029989-21-000004-index.htm", "finalLink": "https://www.sec.gov/Archives/edgar/data/29989/000002998921000004/omc-20201231.htm", "calculatedOtherExpenses": 222600000, "calculatedOperatingExpenses": 583100000, "calculatedNetInterest": -189500000, "calculatedOtherIncome": 0, "calculatedIncomeNonControlling": 76400000, "calculatedEbitda": 1853700000}, {"date": "2019-12-31", "symbol": "OMC", "reportedCurrency": "USD", "cik": "0000029989", "fillingDate": "2020-02-11", "acceptedDate": "2020-02-11 16:48:07", "calendarYear": "2019", "period": "FY", "revenue": 14953700000, "costOfRevenue": 12194000000, "grossProfit": 2759700000, "grossProfitRatio": 0.1845496432, "researchAndDevelopmentExpenses": 0, "generalAndAdministrativeExpenses": 0, "sellingAndMarketingExpenses": 0, "sellingGeneralAndAdministrativeExpenses": 405900000, "otherExpenses": 231500000, "operatingExpenses": 637400000, "costAndExpenses": 12831400000, "interestIncome": 60300000, "interestExpense": 244300000, "depreciationAndAmortization": 291800000, "ebitda": 2414100000, "ebitdaratio": 0.1614383062, "operatingIncome": 2122300000, "operatingIncomeRatio": 0.141924741, "totalOtherIncomeExpensesNet": -184000000, "incomeBeforeTax": 1938300000, "incomeBeforeTaxRatio": 0.129620094, "incomeTaxExpense": 504400000, "netIncome": 1339100000, "netIncomeRatio": 0.0895497435, "eps": 6.09, "epsdiluted": 6.06, "weightedAverageShsOut": 219800000, "weightedAverageShsOutDil": 220900000, "link": "https://www.sec.gov/Archives/edgar/data/29989/000002998920000005/0000029989-20-000005-index.htm", "finalLink": "https://www.sec.gov/Archives/edgar/data/29989/000002998920000005/omc-20191231.htm", "calculatedOtherExpenses": 231500000, "calculatedOperatingExpenses": 637400000, "calculatedNetInterest": -184000000, "calculatedOtherIncome": 0, "calculatedIncomeNonControlling": 94800000, "calculatedEbitda": 2414100000}, {"date": "2018-12-31", "symbol": "OMC", "reportedCurrency": "USD", "cik": "0000029989", "fillingDate": "2019-02-12", "acceptedDate": "2019-02-12 16:51:43", "calendarYear": "2018", "period": "FY", "revenue": 15290200000, "costOfRevenue": 12437300000, "grossProfit": 2852900000, "grossProfitRatio": 0.1865835633, "researchAndDevelopmentExpenses": 0, "generalAndAdministrativeExpenses": 455400000, "sellingAndMarketingExpenses": 0, "sellingGeneralAndAdministrativeExpenses": 455400000, "otherExpenses": 12900000, "operatingExpenses": 719400000, "costAndExpenses": 13156700000, "interestIncome": 57200000, "interestExpense": 266400000, "depreciationAndAmortization": 264000000, "ebitda": 2454700000, "ebitdaratio": 0.1605407385, "operatingIncome": 2133500000, "operatingIncomeRatio": 0.139533819, "totalOtherIncomeExpensesNet": 7700000, "incomeBeforeTax": 1924300000, "incomeBeforeTaxRatio": 0.1258518528, "incomeTaxExpense": 492700000, "netIncome": 1326400000, "netIncomeRatio": 0.0867483748, "eps": 5.85, "epsdiluted": 5.83, "weightedAverageShsOut": 226600000, "weightedAverageShsOutDil": 227600000, "link": "https://www.sec.gov/Archives/edgar/data/29989/000002998919000007/0000029989-19-000007-index.htm", "finalLink": "https://www.sec.gov/Archives/edgar/data/29989/000002998919000007/a2018q410-k.htm", "calculatedOtherExpenses": 264000000, "calculatedOperatingExpenses": 719400000, "calculatedNetInterest": -209200000, "calculatedOtherIncome": 0, "calculatedIncomeNonControlling": 105200000, "calculatedEbitda": 2397500000}, {"date": "2017-12-31", "symbol": "OMC", "reportedCurrency": "USD", "cik": "0000029989", "fillingDate": "2018-02-15", "acceptedDate": "2018-02-15 16:15:53", "calendarYear": "2017", "period": "FY", "revenue": 15273600000, "costOfRevenue": 12481800000, "grossProfit": 2791800000, "grossProfitRatio": 0.1827859837, "researchAndDevelopmentExpenses": 0, "generalAndAdministrativeExpenses": 450000000, "sellingAndMarketingExpenses": 0, "sellingGeneralAndAdministrativeExpenses": 450000000, "otherExpenses": 282100000, "operatingExpenses": 732100000, "costAndExpenses": 13213900000, "interestIncome": 49700000, "interestExpense": 224500000, "depreciationAndAmortization": 282100000, "ebitda": 2391500000, "ebitdaratio": 0.1565773622, "operatingIncome": 2059700000, "operatingIncomeRatio": 0.1348536036, "totalOtherIncomeExpensesNet": -174800000, "incomeBeforeTax": 1884900000, "incomeBeforeTaxRatio": 0.1234090195, "incomeTaxExpense": 696200000, "netIncome": 1088400000, "netIncomeRatio": 0.0712602137, "eps": 4.68, "epsdiluted": 4.65, "weightedAverageShsOut": 232300000, "weightedAverageShsOutDil": 233900000, "link": "https://www.sec.gov/Archives/edgar/data/29989/000002998918000004/0000029989-18-000004-index.htm", "finalLink": "https://www.sec.gov/Archives/edgar/data/29989/000002998918000004/a2017q410-k.htm", "calculatedOtherExpenses": 282100000, "calculatedOperatingExpenses": 732100000, "calculatedNetInterest": -174800000, "calculatedOtherIncome": 0, "calculatedIncomeNonControlling": 100300000, "calculatedEbitda": 2341800000}, {"date": "2016-12-31", "symbol": "OMC", "reportedCurrency": "USD", "cik": "0000029989", "fillingDate": "2017-02-09", "acceptedDate": "2017-02-09 15:17:15", "calendarYear": "2016", "period": "FY", "revenue": 15416900000, "costOfRevenue": 12671200000, "grossProfit": 2745700000, "grossProfitRatio": 0.1780967639, "researchAndDevelopmentExpenses": 0, "generalAndAdministrativeExpenses": 443900000, "sellingAndMarketingExpenses": 0, "sellingGeneralAndAdministrativeExpenses": 443900000, "otherExpenses": 292900000, "operatingExpenses": 736800000, "costAndExpenses": 13408000000, "interestIncome": 42600000, "interestExpense": 167100000, "depreciationAndAmortization": 292900000, "ebitda": 2301800000, "ebitdaratio": 0.1493036862, "operatingIncome": 2008900000, "operatingIncomeRatio": 0.1303050548, "totalOtherIncomeExpensesNet": -167100000, "incomeBeforeTax": 1841800000, "incomeBeforeTaxRatio": 0.1194663, "incomeTaxExpense": 600500000, "netIncome": 1148600000, "netIncomeRatio": 0.0745026562, "eps": 4.8, "epsdiluted": 4.78, "weightedAverageShsOut": 237900000, "weightedAverageShsOutDil": 239200000, "link": "https://www.sec.gov/Archives/edgar/data/29989/000002998917000004/0000029989-17-000004-index.htm", "finalLink": "https://www.sec.gov/Archives/edgar/data/29989/000002998917000004/a201610-k.htm", "calculatedOtherExpenses": 292900000, "calculatedOperatingExpenses": 736800000, "calculatedNetInterest": -124500000, "calculatedOtherIncome": -42600000, "calculatedIncomeNonControlling": 92700000, "calculatedEbitda": 2301800000}, {"date": "2015-12-31", "symbol": "OMC", "reportedCurrency": "USD", "cik": "0000029989", "fillingDate": "2016-02-09", "acceptedDate": "2016-02-09 16:38:22", "calendarYear": "2015", "period": "FY", "revenue": 15134400000, "costOfRevenue": 11361900000, "grossProfit": 3772500000, "grossProfitRatio": 0.2492665715, "researchAndDevelopmentExpenses": 0, "generalAndAdministrativeExpenses": 1852400000, "sellingAndMarketingExpenses": 0, "sellingGeneralAndAdministrativeExpenses": 1852400000, "otherExpenses": 13214300000, "operatingExpenses": 1852400000, "costAndExpenses": 13214300000, "interestIncome": 39600000, "interestExpense": 181100000, "depreciationAndAmortization": 291100000, "ebitda": 2250800000, "ebitdaratio": 0.148720795, "operatingIncome": 1920100000, "operatingIncomeRatio": 0.1268699123, "totalOtherIncomeExpensesNet": -141500000, "incomeBeforeTax": 1778600000, "incomeBeforeTaxRatio": 0.117520351, "incomeTaxExpense": 583600000, "netIncome": 1093900000, "netIncomeRatio": 0.0722790464, "eps": 4.43, "epsdiluted": 4.41, "weightedAverageShsOut": 244200000, "weightedAverageShsOutDil": 245200000, "link": "https://www.sec.gov/Archives/edgar/data/29989/000002998916000015/0000029989-16-000015-index.htm", "finalLink": "https://www.sec.gov/Archives/edgar/data/29989/000002998916000015/a201510-k.htm", "calculatedOtherExpenses": 0, "calculatedOperatingExpenses": 1852400000, "calculatedNetInterest": -141500000, "calculatedOtherIncome": 0, "calculatedIncomeNonControlling": 101100000, "calculatedEbitda": 2211200000}, {"date": "2014-12-31", "symbol": "OMC", "reportedCurrency": "USD", "cik": "0000029989", "fillingDate": "2015-02-10", "acceptedDate": "2015-02-10 16:33:17", "calendarYear": "2014", "period": "FY", "revenue": 15317800000, "costOfRevenue": 11350000000, "grossProfit": 3967800000, "grossProfitRatio": 0.2590319759, "researchAndDevelopmentExpenses": 0, "generalAndAdministrativeExpenses": 2023700000, "sellingAndMarketingExpenses": 11242900000, "sellingGeneralAndAdministrativeExpenses": 13266600000, "otherExpenses": 13373700000, "operatingExpenses": 13373700000, "costAndExpenses": 13373700000, "interestIncome": 43100000, "interestExpense": 134100000, "depreciationAndAmortization": 107100000, "ebitda": 2051200000, "ebitdaratio": 0.1339095693, "operatingIncome": 1944100000, "operatingIncomeRatio": 0.1269177036, "totalOtherIncomeExpensesNet": -134100000, "incomeBeforeTax": 1810000000, "incomeBeforeTaxRatio": 0.1181631827, "incomeTaxExpense": 593100000, "netIncome": 1104000000, "netIncomeRatio": 0.0720730131, "eps": 4.27, "epsdiluted": 4.24, "weightedAverageShsOut": 253900000, "weightedAverageShsOutDil": 255300000, "link": "https://www.sec.gov/Archives/edgar/data/29989/000002998915000003/0000029989-15-000003-index.htm", "finalLink": "https://www.sec.gov/Archives/edgar/data/29989/000002998915000003/a201410-k.htm", "calculatedOtherExpenses": -11242900000, "calculatedOperatingExpenses": 2023700000, "calculatedNetInterest": -91000000, "calculatedOtherIncome": -43100000, "calculatedIncomeNonControlling": 112900000, "calculatedEbitda": 2051200000}, {"date": "2013-12-31", "symbol": "OMC", "reportedCurrency": "USD", "cik": "0000029989", "fillingDate": "2014-02-12", "acceptedDate": "2014-02-12 17:16:34", "calendarYear": "2013", "period": "FY", "revenue": 14584500000, "costOfRevenue": 10724400000, "grossProfit": 3860100000, "grossProfitRatio": 0.2646713977, "researchAndDevelopmentExpenses": 0, "generalAndAdministrativeExpenses": 1993400000, "sellingAndMarketingExpenses": 0, "sellingGeneralAndAdministrativeExpenses": 1993400000, "otherExpenses": 12759200000, "operatingExpenses": 1993400000, "costAndExpenses": 12717800000, "interestIncome": 32800000, "interestExpense": 197200000, "depreciationAndAmortization": 284800000, "ebitda": 2184300000, "ebitdaratio": 0.1497685899, "operatingIncome": 1825300000, "operatingIncomeRatio": 0.1251534163, "totalOtherIncomeExpensesNet": -41400000, "incomeBeforeTax": 1660900000, "incomeBeforeTaxRatio": 0.1138811752, "incomeTaxExpense": 565200000, "netIncome": 991100000, "netIncomeRatio": 0.0679557064, "eps": 3.73, "epsdiluted": 3.71, "weightedAverageShsOut": 258900000, "weightedAverageShsOutDil": 260400000, "link": "https://www.sec.gov/Archives/edgar/data/29989/000002998914000002/0000029989-14-000002-index.htm", "finalLink": "https://www.sec.gov/Archives/edgar/data/29989/000002998914000002/a201310-k.htm", "calculatedOtherExpenses": 41400000, "calculatedOperatingExpenses": 2034800000, "calculatedNetInterest": -164400000, "calculatedOtherIncome": 0, "calculatedIncomeNonControlling": 104600000, "calculatedEbitda": 2110100000}, {"date": "2012-12-31", "symbol": "OMC", "reportedCurrency": "USD", "cik": "0000029989", "fillingDate": "2013-02-19", "acceptedDate": "2013-02-19 16:45:58", "calendarYear": "2012", "period": "FY", "revenue": 14219400000, "costOfRevenue": 10380700000, "grossProfit": 3838700000, "grossProfitRatio": 0.2699621644, "researchAndDevelopmentExpenses": 0, "generalAndAdministrativeExpenses": 2034500000, "sellingAndMarketingExpenses": 0, "sellingGeneralAndAdministrativeExpenses": 2034500000, "otherExpenses": 0, "operatingExpenses": 2034500000, "costAndExpenses": 12415200000, "interestIncome": 35100000, "interestExpense": 179700000, "depreciationAndAmortization": 282700000, "ebitda": 2122000000, "ebitdaratio": 0.1492327384, "operatingIncome": 1804200000, "operatingIncomeRatio": 0.1268829908, "totalOtherIncomeExpensesNet": -144600000, "incomeBeforeTax": 1659600000, "incomeBeforeTaxRatio": 0.1167137854, "incomeTaxExpense": 527100000, "netIncome": 998300000, "netIncomeRatio": 0.0702069004, "eps": 3.64, "epsdiluted": 3.61, "weightedAverageShsOut": 268300000, "weightedAverageShsOutDil": 270000000, "link": "https://www.sec.gov/Archives/edgar/data/29989/000002998913000004/0000029989-13-000004-index.htm", "finalLink": "https://www.sec.gov/Archives/edgar/data/29989/000002998913000004/a201210-k.htm", "calculatedOtherExpenses": 0, "calculatedOperatingExpenses": 2034500000, "calculatedNetInterest": -144600000, "calculatedOtherIncome": 0, "calculatedIncomeNonControlling": 134200000, "calculatedEbitda": 2086900000}, {"date": "2011-12-31", "symbol": "OMC", "reportedCurrency": "USD", "cik": "0000029989", "fillingDate": "2012-02-17", "acceptedDate": "2012-02-17 16:05:11", "calendarYear": "2011", "period": "FY", "revenue": 13872500000, "costOfRevenue": 10250600000, "grossProfit": 3621900000, "grossProfitRatio": 0.2610848802, "researchAndDevelopmentExpenses": 0, "generalAndAdministrativeExpenses": 1950800000, "sellingAndMarketingExpenses": 0, "sellingGeneralAndAdministrativeExpenses": 1950800000, "otherExpenses": 0, "operatingExpenses": 12201400000, "costAndExpenses": 12201400000, "interestIncome": 36000000, "interestExpense": 158100000, "depreciationAndAmortization": 91400000, "ebitda": 1762500000, "ebitdaratio": 0.1270499189, "operatingIncome": 1671100000, "operatingIncomeRatio": 0.1204613444, "totalOtherIncomeExpensesNet": -122100000, "incomeBeforeTax": 1549000000, "incomeBeforeTaxRatio": 0.1116597585, "incomeTaxExpense": 505800000, "netIncome": 952600000, "netIncomeRatio": 0.0686682285, "eps": 3.38, "epsdiluted": 3.33, "weightedAverageShsOut": 279000000, "weightedAverageShsOutDil": 283300000, "link": "https://www.sec.gov/Archives/edgar/data/29989/000002998912000005/0000029989-12-000005-index.htm", "finalLink": "https://www.sec.gov/Archives/edgar/data/29989/000002998912000005/omc10-k.htm", "calculatedOtherExpenses": 0, "calculatedOperatingExpenses": 1950800000, "calculatedNetInterest": -122100000, "calculatedOtherIncome": 0, "calculatedIncomeNonControlling": 90600000, "calculatedEbitda": 1762500000}, {"date": "2010-12-31", "symbol": "OMC", "reportedCurrency": "USD", "cik": "0000029989", "fillingDate": "2011-02-23", "acceptedDate": "2011-02-23 17:05:41", "calendarYear": "2010", "period": "FY", "revenue": 12542500000, "costOfRevenue": 9214200000, "grossProfit": 3328300000, "grossProfitRatio": 0.26536177, "researchAndDevelopmentExpenses": 0, "generalAndAdministrativeExpenses": 10829300000, "sellingAndMarketingExpenses": 0, "sellingGeneralAndAdministrativeExpenses": 10829300000, "otherExpenses": 0, "operatingExpenses": 11011500000, "costAndExpenses": 11011500000, "interestIncome": 24900000, "interestExpense": 109800000, "depreciationAndAmortization": 253000000, "ebitda": 1713200000, "ebitdaratio": 0.1365915886, "operatingIncome": 1460200000, "operatingIncomeRatio": 0.1164201714, "totalOtherIncomeExpensesNet": -109800000, "incomeBeforeTax": 1350400000, "incomeBeforeTaxRatio": 0.1076659358, "incomeTaxExpense": 460200000, "netIncome": 827700000, "netIncomeRatio": 0.0659916285, "eps": 2.74, "epsdiluted": 2.7, "weightedAverageShsOut": 299600000, "weightedAverageShsOutDil": 303500000, "link": "https://www.sec.gov/Archives/edgar/data/29989/000089109211001226/0000891092-11-001226-index.htm", "finalLink": "https://www.sec.gov/Archives/edgar/data/29989/000089109211001226/e41307_10k.htm", "calculatedOtherExpenses": -8961200000, "calculatedOperatingExpenses": 1868100000, "calculatedNetInterest": -84900000, "calculatedOtherIncome": -24900000, "calculatedIncomeNonControlling": 62500000, "calculatedEbitda": 1713200000}, {"date": "2009-12-31", "symbol": "OMC", "reportedCurrency": "USD", "cik": "0000029989", "fillingDate": "2010-02-19", "acceptedDate": "2010-02-19 17:23:05", "calendarYear": "2009", "period": "FY", "revenue": 11720700000, "costOfRevenue": 8450600000, "grossProfit": 3270100000, "grossProfitRatio": 0.2790021074, "researchAndDevelopmentExpenses": 0, "generalAndAdministrativeExpenses": 1895200000, "sellingAndMarketingExpenses": 0, "sellingGeneralAndAdministrativeExpenses": 1895200000, "otherExpenses": 0, "operatingExpenses": 10345800000, "costAndExpenses": 10345800000, "interestIncome": 21500000, "interestExpense": 100700000, "depreciationAndAmortization": 242800000, "ebitda": 1374900000, "ebitdaratio": 0.1173052804, "operatingIncome": 1374900000, "operatingIncomeRatio": 0.1173052804, "totalOtherIncomeExpensesNet": -100700000, "incomeBeforeTax": 1274200000, "incomeBeforeTaxRatio": 0.1087136434, "incomeTaxExpense": 433600000, "netIncome": 793000000, "netIncomeRatio": 0.067658075, "eps": 2.54, "epsdiluted": 2.53, "weightedAverageShsOut": 308200000, "weightedAverageShsOutDil": 310400000, "link": "https://www.sec.gov/Archives/edgar/data/29989/000089109210000656/0000891092-10-000656-index.htm", "finalLink": "https://www.sec.gov/Archives/edgar/data/29989/000089109210000656/e37246_10k.htm", "calculatedOtherExpenses": 0, "calculatedOperatingExpenses": 1895200000, "calculatedNetInterest": -79200000, "calculatedOtherIncome": -21500000, "calculatedIncomeNonControlling": 47600000, "calculatedEbitda": 1617700000}, {"date": "2008-12-31", "symbol": "OMC", "reportedCurrency": "USD", "cik": "0000029989", "fillingDate": "2009-02-27", "acceptedDate": "2009-02-27 16:46:00", "calendarYear": "2008", "period": "FY", "revenue": 13359900000, "costOfRevenue": 0, "grossProfit": 13359900000, "grossProfitRatio": 1, "researchAndDevelopmentExpenses": 0, "generalAndAdministrativeExpenses": 11670500000, "sellingAndMarketingExpenses": 0, "sellingGeneralAndAdministrativeExpenses": 11670500000, "otherExpenses": 0, "operatingExpenses": 11670500000, "costAndExpenses": 11670500000, "interestIncome": -50300000, "interestExpense": 124600000, "depreciationAndAmortization": 295200000, "ebitda": 1984600000, "ebitdaratio": 0.1485490161, "operatingIncome": 1689400000, "operatingIncomeRatio": 0.1264530423, "totalOtherIncomeExpensesNet": 42000000, "incomeBeforeTax": 1615100000, "incomeBeforeTaxRatio": 0.1208916234, "incomeTaxExpense": 542700000, "netIncome": 1000300000, "netIncomeRatio": 0.0748733149, "eps": 3.17, "epsdiluted": 3.14, "weightedAverageShsOut": 313000000, "weightedAverageShsOutDil": 314800000, "link": "https://www.sec.gov/Archives/edgar/data/29989/000089109209000891/0000891092-09-000891-index.htm", "finalLink": "https://www.sec.gov/Archives/edgar/data/29989/000089109209000891/e34339_10k.htm", "calculatedOtherExpenses": 0, "calculatedOperatingExpenses": 11670500000, "calculatedNetInterest": -174900000, "calculatedOtherIncome": 100600000, "calculatedIncomeNonControlling": 72100000, "calculatedEbitda": 1984600000}, {"date": "2007-12-31", "symbol": "OMC", "reportedCurrency": "USD", "cik": "0000029989", "fillingDate": "2008-02-22", "acceptedDate": "2008-02-22 16:46:11", "calendarYear": "2007", "period": "FY", "revenue": 12694000000, "costOfRevenue": 0, "grossProfit": 12694000000, "grossProfitRatio": 1, "researchAndDevelopmentExpenses": 0, "generalAndAdministrativeExpenses": 11034900000, "sellingAndMarketingExpenses": 0, "sellingGeneralAndAdministrativeExpenses": 11034900000, "otherExpenses": 0, "operatingExpenses": 11034900000, "costAndExpenses": 11034900000, "interestIncome": -32900000, "interestExpense": 106900000, "depreciationAndAmortization": 277300000, "ebitda": 1936400000, "ebitdaratio": 0.1525445092, "operatingIncome": 1659100000, "operatingIncomeRatio": 0.1306995431, "totalOtherIncomeExpensesNet": 38400000, "incomeBeforeTax": 1585100000, "incomeBeforeTaxRatio": 0.1248700173, "incomeTaxExpense": 536900000, "netIncome": 975700000, "netIncomeRatio": 0.0768630849, "eps": 2.95, "epsdiluted": 2.93, "weightedAverageShsOut": 326000000, "weightedAverageShsOutDil": 329100000, "link": "https://www.sec.gov/Archives/edgar/data/29989/000089109208001149/0000891092-08-001149-index.htm", "finalLink": "https://www.sec.gov/Archives/edgar/data/29989/000089109208001149/e30407-10k.htm", "calculatedOtherExpenses": 0, "calculatedOperatingExpenses": 11034900000, "calculatedNetInterest": -139800000, "calculatedOtherIncome": 65800000, "calculatedIncomeNonControlling": 72500000, "calculatedEbitda": 1936400000}, {"date": "2006-12-31", "symbol": "OMC", "reportedCurrency": "USD", "cik": "0000029989", "fillingDate": "2007-02-27", "acceptedDate": "2007-02-26 21:24:04", "calendarYear": "2006", "period": "FY", "revenue": 11376900000, "costOfRevenue": 0, "grossProfit": 11376900000, "grossProfitRatio": 1, "researchAndDevelopmentExpenses": 0, "generalAndAdministrativeExpenses": 9893400000, "sellingAndMarketingExpenses": 0, "sellingGeneralAndAdministrativeExpenses": 9893400000, "otherExpenses": 0, "operatingExpenses": 9893400000, "costAndExpenses": 9893400000, "interestIncome": -33299999.999999996, "interestExpense": 124900000, "depreciationAndAmortization": 261100000, "ebitda": 1744600000, "ebitdaratio": 0.1533458148, "operatingIncome": 1483500000, "operatingIncomeRatio": 0.130395802, "totalOtherIncomeExpensesNet": 29600000, "incomeBeforeTax": 1391900000, "incomeBeforeTaxRatio": 0.1223443996, "incomeTaxExpense": 466900000, "netIncome": 864000000, "netIncomeRatio": 0.0759433589, "eps": 2.52, "epsdiluted": 2.5, "weightedAverageShsOut": 342857143, "weightedAverageShsOutDil": 345600000, "link": "https://www.sec.gov/Archives/edgar/data/29989/000089109207000620/0000891092-07-000620-index.htm", "finalLink": "https://www.sec.gov/Archives/edgar/data/29989/000089109207000620/e26283-10k.htm", "calculatedOtherExpenses": 0, "calculatedOperatingExpenses": 9893400000, "calculatedNetInterest": -158200000.0, "calculatedOtherIncome": 66600000.0, "calculatedIncomeNonControlling": 61000000, "calculatedEbitda": 1744600000}, {"date": "2005-12-31", "symbol": "OMC", "reportedCurrency": "USD", "cik": "0000029989", "fillingDate": "2006-02-24", "acceptedDate": "2006-02-24 17:06:12", "calendarYear": "2005", "period": "FY", "revenue": 10481100000, "costOfRevenue": 0, "grossProfit": 10481100000, "grossProfitRatio": 1, "researchAndDevelopmentExpenses": 0, "generalAndAdministrativeExpenses": 9141300000, "sellingAndMarketingExpenses": 0, "sellingGeneralAndAdministrativeExpenses": 9141300000, "otherExpenses": 0, "operatingExpenses": 9141300000, "costAndExpenses": 9141300000, "interestIncome": 0, "interestExpense": 0, "depreciationAndAmortization": 262200000, "ebitda": 1602000000, "ebitdaratio": 0.1528465524, "operatingIncome": 1339800000, "operatingIncomeRatio": 0.1278300942, "totalOtherIncomeExpensesNet": 27600000, "incomeBeforeTax": 1280600000, "incomeBeforeTaxRatio": 0.1221818321, "incomeTaxExpense": 435300000, "netIncome": 790700000, "netIncomeRatio": 0.0754405549, "eps": 2.19, "epsdiluted": 2.18, "weightedAverageShsOut": 361050228, "weightedAverageShsOutDil": 362706422, "link": "https://www.sec.gov/Archives/edgar/data/29989/000089109206000463/0000891092-06-000463-index.htm", "finalLink": "https://www.sec.gov/Archives/edgar/data/29989/000089109206000463/e23435_10k.txt", "calculatedOtherExpenses": 0, "calculatedOperatingExpenses": 9141300000, "calculatedNetInterest": 0, "calculatedOtherIncome": -59200000, "calculatedIncomeNonControlling": 54600000, "calculatedEbitda": 1602000000}, {"date": "2004-12-31", "symbol": "OMC", "reportedCurrency": "USD", "cik": "0000029989", "fillingDate": "2005-03-15", "acceptedDate": "2005-03-15 10:34:02", "calendarYear": "2004", "period": "FY", "revenue": 9747200000, "costOfRevenue": 0, "grossProfit": 9747200000, "grossProfitRatio": 1, "researchAndDevelopmentExpenses": 0, "generalAndAdministrativeExpenses": 8531800000, "sellingAndMarketingExpenses": 0, "sellingGeneralAndAdministrativeExpenses": 8531800000, "otherExpenses": 0, "operatingExpenses": 8531800000, "costAndExpenses": 8531800000, "interestIncome": 0, "interestExpense": 0, "depreciationAndAmortization": 289300000, "ebitda": 1504700000, "ebitdaratio": 0.1543725378, "operatingIncome": 1215400000, "operatingIncomeRatio": 0.1246922193, "totalOtherIncomeExpensesNet": 17100000, "incomeBeforeTax": 1178800000, "incomeBeforeTaxRatio": 0.1209372948, "incomeTaxExpense": 396300000, "netIncome": 723500000, "netIncomeRatio": 0.0742264445, "eps": 1.95, "epsdiluted": 1.94, "weightedAverageShsOut": 371025641, "weightedAverageShsOutDil": 372938144, "link": "https://www.sec.gov/Archives/edgar/data/29989/000089109205000493/0000891092-05-000493-index.htm", "finalLink": "https://www.sec.gov/Archives/edgar/data/29989/000089109205000493/e20546_10k.txt", "calculatedOtherExpenses": 0, "calculatedOperatingExpenses": 8531800000, "calculatedNetInterest": 0, "calculatedOtherIncome": -36600000, "calculatedIncomeNonControlling": 59000000, "calculatedEbitda": 1504700000}, {"date": "2003-12-31", "symbol": "OMC", "reportedCurrency": "USD", "cik": "0000029989", "fillingDate": "2004-03-15", "acceptedDate": "2004-03-15 16:17:04", "calendarYear": "2003", "period": "FY", "revenue": 8621404000, "costOfRevenue": 0, "grossProfit": 8621404000, "grossProfitRatio": 1, "researchAndDevelopmentExpenses": 0, "generalAndAdministrativeExpenses": 7456729000, "sellingAndMarketingExpenses": 0, "sellingGeneralAndAdministrativeExpenses": 7456729000, "otherExpenses": 0, "operatingExpenses": 7456729000, "costAndExpenses": 7456729000, "interestIncome": 0, "interestExpense": 0, "depreciationAndAmortization": 221191000, "ebitda": 1385866000, "ebitdaratio": 0.1607471358, "operatingIncome": 1164675000, "operatingIncomeRatio": 0.1350911058, "totalOtherIncomeExpensesNet": 15104000, "incomeBeforeTax": 1056810000, "incomeBeforeTaxRatio": 0.1225798025, "incomeTaxExpense": 380927000, "netIncome": 675883000, "netIncomeRatio": 0.0783959318, "eps": 1.68, "epsdiluted": 1.68, "weightedAverageShsOut": 375595238, "weightedAverageShsOutDil": 375595238, "link": "https://www.sec.gov/Archives/edgar/data/29989/000089109204001284/0000891092-04-001284-index.htm", "finalLink": "https://www.sec.gov/Archives/edgar/data/29989/000089109204001284/e17132_10k.txt", "calculatedOtherExpenses": 0, "calculatedOperatingExpenses": 7456729000, "calculatedNetInterest": 0, "calculatedOtherIncome": -107865000, "calculatedIncomeNonControlling": 0, "calculatedEbitda": 1385866000}, {"date": "2002-12-31", "symbol": "OMC", "reportedCurrency": "USD", "cik": "0000029989", "fillingDate": "2003-03-27", "acceptedDate": "2003-03-26 20:31:42", "calendarYear": "2002", "period": "FY", "revenue": 7536299000, "costOfRevenue": 0, "grossProfit": 7536299000, "grossProfitRatio": 1, "researchAndDevelopmentExpenses": 0, "generalAndAdministrativeExpenses": 6432184000, "sellingAndMarketingExpenses": 0, "sellingGeneralAndAdministrativeExpenses": 6432184000, "otherExpenses": 0, "operatingExpenses": 6432184000, "costAndExpenses": 6432184000, "interestIncome": 0, "interestExpense": 0, "depreciationAndAmortization": 204806000, "ebitda": 1308921000, "ebitdaratio": 0.1736822013, "operatingIncome": 1104115000, "operatingIncomeRatio": 0.1465062626, "totalOtherIncomeExpensesNet": 13811000, "incomeBeforeTax": 1019096000, "incomeBeforeTaxRatio": 0.1352249957, "incomeTaxExpense": 375637000, "netIncome": 643459000, "netIncomeRatio": 0.0853812992, "eps": 1.54, "epsdiluted": 1.54, "weightedAverageShsOut": 371661238, "weightedAverageShsOutDil": 371661238, "link": "https://www.sec.gov/Archives/edgar/data/29989/000089109203000497/0000891092-03-000497-index.htm", "finalLink": "https://www.sec.gov/Archives/edgar/data/29989/000089109203000497/e14241form10-k.txt", "calculatedOtherExpenses": 0, "calculatedOperatingExpenses": 6432184000, "calculatedNetInterest": 0, "calculatedOtherIncome": -85019000, "calculatedIncomeNonControlling": 0, "calculatedEbitda": 1308921000}, {"date": "2001-12-31", "symbol": "OMC", "reportedCurrency": "USD", "cik": "0000029989", "fillingDate": "2002-03-28", "acceptedDate": "2002-03-28 00:00:00", "calendarYear": "2001", "period": "FY", "revenue": 6889406000, "costOfRevenue": 0, "grossProfit": 6889406000, "grossProfitRatio": 1, "researchAndDevelopmentExpenses": 0, "generalAndAdministrativeExpenses": 5921222000, "sellingAndMarketingExpenses": 0, "sellingGeneralAndAdministrativeExpenses": 5921222000, "otherExpenses": 0, "operatingExpenses": 5921222000, "costAndExpenses": 5921222000, "interestIncome": 0, "interestExpense": 0, "depreciationAndAmortization": 258044000, "ebitda": 1226228000, "ebitdaratio": 0.1779874782, "operatingIncome": 968184000, "operatingIncomeRatio": 0.1405322897, "totalOtherIncomeExpensesNet": 12667000, "incomeBeforeTax": 855270000, "incomeBeforeTaxRatio": 0.1241427781, "incomeTaxExpense": 352128000, "netIncome": 503142000, "netIncomeRatio": 0.0730312599, "eps": 1.25, "epsdiluted": 1.24, "weightedAverageShsOut": 404130120, "weightedAverageShsOutDil": 405759677, "link": "https://www.sec.gov/Archives/edgar/data/29989/000089109202000433/0000891092-02-000433-index.htm", "finalLink": "https://www.sec.gov/Archives/edgar/data/29989/000089109202000433/e13177_10-k.txt", "calculatedOtherExpenses": 0, "calculatedOperatingExpenses": 5921222000, "calculatedNetInterest": 0, "calculatedOtherIncome": -112914000, "calculatedIncomeNonControlling": 0, "calculatedEbitda": 1226228000}, {"date": "2000-12-31", "symbol": "OMC", "reportedCurrency": "USD", "cik": "0000029989", "fillingDate": "2001-03-27", "acceptedDate": "2001-03-27 00:00:00", "calendarYear": "2000", "period": "FY", "revenue": 6154230000, "costOfRevenue": -225670000, "grossProfit": 6379900000, "grossProfitRatio": 1.0366690878, "researchAndDevelopmentExpenses": 0, "generalAndAdministrativeExpenses": 5276140000, "sellingAndMarketingExpenses": 0, "sellingGeneralAndAdministrativeExpenses": 5276140000, "otherExpenses": 225670000, "operatingExpenses": 5501810000, "costAndExpenses": 5276140000, "interestIncome": 0, "interestExpense": 0, "depreciationAndAmortization": 225670000, "ebitda": 982802000, "ebitdaratio": 0.159695364, "operatingIncome": 878090000, "operatingIncomeRatio": 0.1426807253, "totalOtherIncomeExpensesNet": 120958000, "incomeBeforeTax": 867935000, "incomeBeforeTaxRatio": 0.1410306407, "incomeTaxExpense": 369140000, "netIncome": 498795000, "netIncomeRatio": 0.0810491321, "eps": 1.36, "epsdiluted": 1.31, "weightedAverageShsOut": 366761029, "weightedAverageShsOutDil": 382218391, "link": "https://www.sec.gov/Archives/edgar/data/29989/000089109201000449/0000891092-01-000449-index.htm", "finalLink": "https://www.sec.gov/Archives/edgar/data/29989/000089109201000449/0000891092-01-000449-0001.txt", "calculatedOtherExpenses": 225670000, "calculatedOperatingExpenses": 5501810000, "calculatedNetInterest": 0, "calculatedOtherIncome": -10155000, "calculatedIncomeNonControlling": 0, "calculatedEbitda": 1103760000}, {"date": "1999-12-31", "symbol": "OMC", "reportedCurrency": "USD", "cik": "0000029989", "fillingDate": "2000-03-30", "acceptedDate": "2000-03-30 00:00:00", "calendarYear": "1999", "period": "FY", "revenue": 5130500000, "costOfRevenue": -195700000, "grossProfit": 5326200000, "grossProfitRatio": 1.0381444304, "researchAndDevelopmentExpenses": 0, "generalAndAdministrativeExpenses": 4406400000, "sellingAndMarketingExpenses": 0, "sellingGeneralAndAdministrativeExpenses": 4406400000, "otherExpenses": 195700000, "operatingExpenses": 4602100000, "costAndExpenses": 4406400000, "interestIncome": 0, "interestExpense": 0, "depreciationAndAmortization": 195700000, "ebitda": 904400000, "ebitdaratio": 0.1762791151, "operatingIncome": 724100000, "operatingIncomeRatio": 0.1411363415, "totalOtherIncomeExpensesNet": 15400000, "incomeBeforeTax": 636100000, "incomeBeforeTaxRatio": 0.1239840172, "incomeTaxExpense": 273200000, "netIncome": 362900000, "netIncomeRatio": 0.0707338466, "eps": 1.03, "epsdiluted": 1, "weightedAverageShsOut": 350628019, "weightedAverageShsOutDil": 361094527, "link": "https://www.sec.gov/Archives/edgar/data/29989/000089109200000272/0000891092-00-000272-index.html", "finalLink": "https://www.sec.gov/Archives/edgar/data/29989/000089109200000272/0000891092-00-000272.txt", "calculatedOtherExpenses": 195700000, "calculatedOperatingExpenses": 4602100000, "calculatedNetInterest": 0, "calculatedOtherIncome": -88000000, "calculatedIncomeNonControlling": 0, "calculatedEbitda": 919800000}, {"date": "1998-12-31", "symbol": "OMC", "reportedCurrency": "USD", "cik": "0000029989", "fillingDate": "1999-03-30", "acceptedDate": "1999-03-30 00:00:00", "calendarYear": "1998", "period": "FY", "revenue": 4092000000, "costOfRevenue": -154400000, "grossProfit": 4246400000, "grossProfitRatio": 1.0377321603, "researchAndDevelopmentExpenses": 0, "generalAndAdministrativeExpenses": 3531900000, "sellingAndMarketingExpenses": 0, "sellingGeneralAndAdministrativeExpenses": 3531900000, "otherExpenses": 154400000, "operatingExpenses": 3686300000, "costAndExpenses": 3531900000, "interestIncome": 0, "interestExpense": 0, "depreciationAndAmortization": 154400000, "ebitda": 659900000, "ebitdaratio": 0.1612658847, "operatingIncome": 560100000, "operatingIncomeRatio": 0.1368768328, "totalOtherIncomeExpensesNet": 54600000, "incomeBeforeTax": 500900000, "incomeBeforeTaxRatio": 0.1224095797, "incomeTaxExpense": 215800000, "netIncome": 285100000, "netIncomeRatio": 0.0696725318, "eps": 0.81, "epsdiluted": 0.79, "weightedAverageShsOut": 346335404, "weightedAverageShsOutDil": 355159236, "link": "https://www.sec.gov/Archives/edgar/data/29989/000089109299000158/0000891092-99-000158-index.html", "finalLink": "https://www.sec.gov/Archives/edgar/data/29989/0000891092-99-000158.txt", "calculatedOtherExpenses": 154400000, "calculatedOperatingExpenses": 3686300000, "calculatedNetInterest": 0, "calculatedOtherIncome": -59200000, "calculatedIncomeNonControlling": 0, "calculatedEbitda": 714500000}, {"date": "1997-12-31", "symbol": "OMC", "reportedCurrency": "USD", "cik": "0000029989", "fillingDate": "1998-03-26", "acceptedDate": "1998-03-26 00:00:00", "calendarYear": "1997", "period": "FY", "revenue": 3124800000, "costOfRevenue": -120100000, "grossProfit": 3244900000, "grossProfitRatio": 1.0384344598, "researchAndDevelopmentExpenses": 0, "generalAndAdministrativeExpenses": 2721200000, "sellingAndMarketingExpenses": 0, "sellingGeneralAndAdministrativeExpenses": 2721200000, "otherExpenses": 120100000, "operatingExpenses": 2841300000, "costAndExpenses": 2721200000, "interestIncome": 0, "interestExpense": 0, "depreciationAndAmortization": 120100000, "ebitda": 502900000, "ebitdaratio": 0.1609383001, "operatingIncome": 403600000, "operatingIncomeRatio": 0.1291602663, "totalOtherIncomeExpensesNet": 20800000, "incomeBeforeTax": 378900000, "incomeBeforeTaxRatio": 0.1212557604, "incomeTaxExpense": 156500000, "netIncome": 222400000, "netIncomeRatio": 0.071172555, "eps": 0.65, "epsdiluted": 0.64, "weightedAverageShsOut": 334307692, "weightedAverageShsOutDil": 339531250, "link": "https://www.sec.gov/Archives/edgar/data/29989/000089109298000100/0000891092-98-000100-index.html", "finalLink": "https://www.sec.gov/Archives/edgar/data/29989/0000891092-98-000100.txt", "calculatedOtherExpenses": 120100000, "calculatedOperatingExpenses": 2841300000, "calculatedNetInterest": 0, "calculatedOtherIncome": -24700000, "calculatedIncomeNonControlling": 0, "calculatedEbitda": 523700000}, {"date": "1996-12-31", "symbol": "OMC", "reportedCurrency": "USD", "cik": "0000029989", "fillingDate": "1997-03-26", "acceptedDate": "1997-03-26 00:00:00", "calendarYear": "1996", "period": "FY", "revenue": 2641700000, "costOfRevenue": -99700000, "grossProfit": 2741400000, "grossProfitRatio": 1.0377408487, "researchAndDevelopmentExpenses": 0, "generalAndAdministrativeExpenses": 2315100000, "sellingAndMarketingExpenses": 0, "sellingGeneralAndAdministrativeExpenses": 2315100000, "otherExpenses": 99700000, "operatingExpenses": 2414800000, "costAndExpenses": 2315100000, "interestIncome": 0, "interestExpense": 0, "depreciationAndAmortization": 99700000, "ebitda": 393100000, "ebitdaratio": 0.1488056933, "operatingIncome": 326600000, "operatingIncomeRatio": 0.1236325094, "totalOtherIncomeExpensesNet": 33200000, "incomeBeforeTax": 299900000, "incomeBeforeTaxRatio": 0.1135253814, "incomeTaxExpense": 123600000, "netIncome": 176300000, "netIncomeRatio": 0.0667373282, "eps": 0.57, "epsdiluted": 0.56, "weightedAverageShsOut": 307947598, "weightedAverageShsOutDil": 313422222, "link": "https://www.sec.gov/Archives/edgar/data/29989/000089109297000069/0000891092-97-000069-index.html", "finalLink": "https://www.sec.gov/Archives/edgar/data/29989/0000891092-97-000069.txt", "calculatedOtherExpenses": 99700000, "calculatedOperatingExpenses": 2414800000, "calculatedNetInterest": 0, "calculatedOtherIncome": -26700000, "calculatedIncomeNonControlling": 0, "calculatedEbitda": 426300000}, {"date": "1995-12-31", "symbol": "OMC", "reportedCurrency": "USD", "cik": "0000029989", "fillingDate": "1996-03-27", "acceptedDate": "1996-03-27 00:00:00", "calendarYear": "1995", "period": "FY", "revenue": 2257500000, "costOfRevenue": -84800000, "grossProfit": 2342300000, "grossProfitRatio": 1.0375636766, "researchAndDevelopmentExpenses": 0, "generalAndAdministrativeExpenses": 1986600000, "sellingAndMarketingExpenses": 0, "sellingGeneralAndAdministrativeExpenses": 1986600000, "otherExpenses": 84800000, "operatingExpenses": 2071400000, "costAndExpenses": 1986600000, "interestIncome": 0, "interestExpense": 0, "depreciationAndAmortization": 84800000, "ebitda": 319900000, "ebitdaratio": 0.1417054264, "operatingIncome": 270900000, "operatingIncomeRatio": 0.12, "totalOtherIncomeExpensesNet": 35800000, "incomeBeforeTax": 237400000, "incomeBeforeTaxRatio": 0.1051605759, "incomeTaxExpense": 97400000, "netIncome": 140000000, "netIncomeRatio": 0.0620155039, "eps": 0.47, "epsdiluted": 0.46, "weightedAverageShsOut": 296296296, "weightedAverageShsOutDil": 302702703, "link": "https://www.sec.gov/Archives/edgar/data/29989/000089109296000043/0000891092-96-000043-index.html", "finalLink": "https://www.sec.gov/Archives/edgar/data/29989/0000891092-96-000043.txt", "calculatedOtherExpenses": 84800000, "calculatedOperatingExpenses": 2071400000, "calculatedNetInterest": 0, "calculatedOtherIncome": -33500000, "calculatedIncomeNonControlling": 0, "calculatedEbitda": 355700000}, {"date": "1994-12-31", "symbol": "OMC", "reportedCurrency": "USD", "cik": "0000029989", "fillingDate": "1995-03-29", "acceptedDate": "1995-03-29 00:00:00", "calendarYear": "1994", "period": "FY", "revenue": 1756200000, "costOfRevenue": -72300000, "grossProfit": 1828500000, "grossProfitRatio": 1.0411684318, "researchAndDevelopmentExpenses": 0, "generalAndAdministrativeExpenses": 1551600000, "sellingAndMarketingExpenses": 0, "sellingGeneralAndAdministrativeExpenses": 1551600000, "otherExpenses": 72300000, "operatingExpenses": 1623900000, "costAndExpenses": 1551600000, "interestIncome": 0, "interestExpense": 0, "depreciationAndAmortization": 72300000, "ebitda": 258600000, "ebitdaratio": 0.1472497438, "operatingIncome": 204600000, "operatingIncomeRatio": 0.1165015374, "totalOtherIncomeExpensesNet": 18300000, "incomeBeforeTax": 182400000, "incomeBeforeTaxRatio": 0.1038606081, "incomeTaxExpense": 74300000, "netIncome": 80100000, "netIncomeRatio": 0.0456098394, "eps": 0.29, "epsdiluted": 0.29, "weightedAverageShsOut": 273846154, "weightedAverageShsOutDil": 273846154, "link": "https://www.sec.gov/Archives/edgar/data/29989/000089109295000025/0000891092-95-000025-index.html", "finalLink": "https://www.sec.gov/Archives/edgar/data/29989/0000891092-95-000025.txt", "calculatedOtherExpenses": 72300000, "calculatedOperatingExpenses": 1623900000, "calculatedNetInterest": 0, "calculatedOtherIncome": -22200000, "calculatedIncomeNonControlling": 28000000, "calculatedEbitda": 276900000}, {"date": "1993-12-31", "symbol": "OMC", "reportedCurrency": "USD", "cik": "0000029989", "fillingDate": "1994-03-30", "acceptedDate": "1994-03-30 00:00:00", "calendarYear": "1993", "period": "FY", "revenue": 1516500000, "costOfRevenue": -60600000, "grossProfit": 1577100000, "grossProfitRatio": 1.0399604352, "researchAndDevelopmentExpenses": 0, "generalAndAdministrativeExpenses": 0, "sellingAndMarketingExpenses": 0, "sellingGeneralAndAdministrativeExpenses": 1347300000, "otherExpenses": 60600000, "operatingExpenses": 1407900000, "costAndExpenses": 1347300000, "interestIncome": 0, "interestExpense": 0, "depreciationAndAmortization": 60600000, "ebitda": 202000000, "ebitdaratio": 0.1332014507, "operatingIncome": 169200000, "operatingIncomeRatio": 0.1115727003, "totalOtherIncomeExpensesNet": 27800000, "incomeBeforeTax": 145200000, "incomeBeforeTaxRatio": 0.0957467854, "incomeTaxExpense": 59900000, "netIncome": 85300000, "netIncomeRatio": 0.0562479393, "eps": 0.26, "epsdiluted": 0.26, "weightedAverageShsOut": 328076923, "weightedAverageShsOutDil": 334509804, "link": "https://www.sec.gov/Archives/edgar/data/29989/000089155494000031/0000891554-94-000031-index.html", "finalLink": "https://www.sec.gov/Archives/edgar/data/29989/0000891554-94-000031.txt", "calculatedOtherExpenses": 60600000, "calculatedOperatingExpenses": 1407900000, "calculatedNetInterest": 0, "calculatedOtherIncome": -24000000, "calculatedIncomeNonControlling": 0, "calculatedEbitda": 229800000}, {"date": "1992-12-31", "symbol": "OMC", "reportedCurrency": "USD", "cik": "0000029989", "fillingDate": "1992-12-31", "acceptedDate": "1992-12-30 19:00:00", "calendarYear": "1992", "period": "FY", "revenue": 1385200000, "costOfRevenue": 384100000, "grossProfit": 1001100000, "grossProfitRatio": 0.7227115218, "researchAndDevelopmentExpenses": 0, "generalAndAdministrativeExpenses": 0, "sellingAndMarketingExpenses": 0, "sellingGeneralAndAdministrativeExpenses": 804900000, "otherExpenses": 49800000, "operatingExpenses": 854700000, "costAndExpenses": 1238800000, "interestIncome": 0, "interestExpense": 0, "depreciationAndAmortization": 49800000, "ebitda": 169800000, "ebitdaratio": 0.1225815767, "operatingIncome": 146400000, "operatingIncomeRatio": 0.1056887092, "totalOtherIncomeExpensesNet": 26400000, "incomeBeforeTax": 118800000, "incomeBeforeTaxRatio": 0.0857637886, "incomeTaxExpense": 53300000, "netIncome": 69300000, "netIncomeRatio": 0.0500288767, "eps": 0.31, "epsdiluted": 0.29, "weightedAverageShsOut": 223548387, "weightedAverageShsOutDil": 238965517, "link": "", "finalLink": "", "calculatedOtherExpenses": 49800000, "calculatedOperatingExpenses": 854700000, "calculatedNetInterest": 0, "calculatedOtherIncome": -27600000, "calculatedIncomeNonControlling": -3800000, "calculatedEbitda": 196200000}, {"date": "1991-12-31", "symbol": "OMC", "reportedCurrency": "USD", "cik": "0000029989", "fillingDate": "1991-12-31", "acceptedDate": "1991-12-30 19:00:00", "calendarYear": "1991", "period": "FY", "revenue": 1236200000, "costOfRevenue": 333000000, "grossProfit": 903200000, "grossProfitRatio": 0.7306261123, "researchAndDevelopmentExpenses": 0, "generalAndAdministrativeExpenses": 0, "sellingAndMarketingExpenses": 0, "sellingGeneralAndAdministrativeExpenses": 721800000, "otherExpenses": 46200000, "operatingExpenses": 768000000, "costAndExpenses": 1101000000, "interestIncome": 0, "interestExpense": 0, "depreciationAndAmortization": 46200000, "ebitda": 153900000, "ebitdaratio": 0.1244944184, "operatingIncome": 135200000, "operatingIncomeRatio": 0.1093674163, "totalOtherIncomeExpensesNet": 27500000, "incomeBeforeTax": 106300000, "incomeBeforeTaxRatio": 0.0859893221, "incomeTaxExpense": 49200000, "netIncome": 57100000, "netIncomeRatio": 0.0461899369, "eps": 0.26, "epsdiluted": 0.26, "weightedAverageShsOut": 219615385, "weightedAverageShsOutDil": 223921569, "link": "", "finalLink": "", "calculatedOtherExpenses": 46200000, "calculatedOperatingExpenses": 768000000, "calculatedNetInterest": 0, "calculatedOtherIncome": -28900000, "calculatedIncomeNonControlling": 0, "calculatedEbitda": 181400000}, {"date": "1990-12-31", "symbol": "OMC", "reportedCurrency": "USD", "cik": "0000029989", "fillingDate": "1990-12-31", "acceptedDate": "1990-12-30 19:00:00", "calendarYear": "1990", "period": "FY", "revenue": 1178200000, "costOfRevenue": 319800000, "grossProfit": 858400000, "grossProfitRatio": 0.7285690036, "researchAndDevelopmentExpenses": 0, "generalAndAdministrativeExpenses": 0, "sellingAndMarketingExpenses": 0, "sellingGeneralAndAdministrativeExpenses": 685200000, "otherExpenses": 46400000, "operatingExpenses": 731600000, "costAndExpenses": 1051400000, "interestIncome": 0, "interestExpense": 0, "depreciationAndAmortization": 46400000, "ebitda": 148100000, "ebitdaratio": 0.1257002207, "operatingIncome": 126800000, "operatingIncomeRatio": 0.107621796, "totalOtherIncomeExpensesNet": 25100000, "incomeBeforeTax": 97900000, "incomeBeforeTaxRatio": 0.0830928535, "incomeTaxExpense": 45900000, "netIncome": 52000000, "netIncomeRatio": 0.0441351214, "eps": 0.26, "epsdiluted": 0.25, "weightedAverageShsOut": 203921569, "weightedAverageShsOutDil": 212244898, "link": "", "finalLink": "", "calculatedOtherExpenses": 46400000, "calculatedOperatingExpenses": 731600000, "calculatedNetInterest": 0, "calculatedOtherIncome": -28900000, "calculatedIncomeNonControlling": 0, "calculatedEbitda": 173200000}, {"date": "1989-12-31", "symbol": "OMC", "reportedCurrency": "USD", "cik": "0000029989", "fillingDate": "1989-12-31", "acceptedDate": "1989-12-30 19:00:00", "calendarYear": "1989", "period": "FY", "revenue": 1007200000, "costOfRevenue": 541000000, "grossProfit": 466200000, "grossProfitRatio": 0.462867355, "researchAndDevelopmentExpenses": 0, "generalAndAdministrativeExpenses": 0, "sellingAndMarketingExpenses": 0, "sellingGeneralAndAdministrativeExpenses": 328000000, "otherExpenses": 35700000, "operatingExpenses": 363700000, "costAndExpenses": 904700000, "interestIncome": 0, "interestExpense": 0, "depreciationAndAmortization": 35700000, "ebitda": 117900000, "ebitdaratio": 0.1170571882, "operatingIncome": 102500000, "operatingIncomeRatio": 0.1017672756, "totalOtherIncomeExpensesNet": 20300000, "incomeBeforeTax": 87500000, "incomeBeforeTaxRatio": 0.0868745036, "incomeTaxExpense": 40700000, "netIncome": 46800000, "netIncomeRatio": 0.0464654488, "eps": 0.23, "epsdiluted": 0.22, "weightedAverageShsOut": 203478261, "weightedAverageShsOutDil": 217674419, "link": "", "finalLink": "", "calculatedOtherExpenses": 35700000, "calculatedOperatingExpenses": 363700000, "calculatedNetInterest": 0, "calculatedOtherIncome": -15000000, "calculatedIncomeNonControlling": 0, "calculatedEbitda": 138200000}, {"date": "1988-12-31", "symbol": "OMC", "reportedCurrency": "USD", "cik": "0000029989", "fillingDate": "1988-12-31", "acceptedDate": "1988-12-30 19:00:00", "calendarYear": "1988", "period": "FY", "revenue": 881300000, "costOfRevenue": 487200000, "grossProfit": 394100000, "grossProfitRatio": 0.4471803018, "researchAndDevelopmentExpenses": 0, "generalAndAdministrativeExpenses": 0, "sellingAndMarketingExpenses": 0, "sellingGeneralAndAdministrativeExpenses": 280900000, "otherExpenses": 28600000, "operatingExpenses": 309500000, "costAndExpenses": 796700000, "interestIncome": 0, "interestExpense": 0, "depreciationAndAmortization": 28600000, "ebitda": 99300000, "ebitdaratio": 0.1126744582, "operatingIncome": 84600000, "operatingIncomeRatio": 0.0959945535, "totalOtherIncomeExpensesNet": 13900000, "incomeBeforeTax": 74600000, "incomeBeforeTaxRatio": 0.0846476796, "incomeTaxExpense": 35400000, "netIncome": 39200000, "netIncomeRatio": 0.0444797458, "eps": 0.2, "epsdiluted": 0.2, "weightedAverageShsOut": 196000000, "weightedAverageShsOutDil": 201025641, "link": "", "finalLink": "", "calculatedOtherExpenses": 28600000, "calculatedOperatingExpenses": 309500000, "calculatedNetInterest": 0, "calculatedOtherIncome": -10000000, "calculatedIncomeNonControlling": 0, "calculatedEbitda": 113200000}, {"date": "1987-12-31", "symbol": "OMC", "reportedCurrency": "USD", "cik": "0000029989", "fillingDate": "1987-12-31", "acceptedDate": "1987-12-30 19:00:00", "calendarYear": "1987", "period": "FY", "revenue": 811400000, "costOfRevenue": 455400000, "grossProfit": 356000000, "grossProfitRatio": 0.4387478432, "researchAndDevelopmentExpenses": 0, "generalAndAdministrativeExpenses": 0, "sellingAndMarketingExpenses": 0, "sellingGeneralAndAdministrativeExpenses": 256000000, "otherExpenses": 25700000, "operatingExpenses": 281700000, "costAndExpenses": 737100000, "interestIncome": 0, "interestExpense": 0, "depreciationAndAmortization": 25700000, "ebitda": 87900000, "ebitdaratio": 0.1083312793, "operatingIncome": 74300000, "operatingIncomeRatio": 0.0915701257, "totalOtherIncomeExpensesNet": 12100000, "incomeBeforeTax": 69600000, "incomeBeforeTaxRatio": 0.0857776682, "incomeTaxExpense": 34800000, "netIncome": 34800000, "netIncomeRatio": 0.0428888341, "eps": 0.18, "epsdiluted": 0.18, "weightedAverageShsOut": 193333333, "weightedAverageShsOutDil": 193333333, "link": "", "finalLink": "", "calculatedOtherExpenses": 25700000, "calculatedOperatingExpenses": 281700000, "calculatedNetInterest": 0, "calculatedOtherIncome": -4700000, "calculatedIncomeNonControlling": 0, "calculatedEbitda": 100000000}, {"date": "1986-12-31", "symbol": "OMC", "reportedCurrency": "USD", "cik": "0000029989", "fillingDate": "1986-12-31", "acceptedDate": "1986-12-30 19:00:00", "calendarYear": "1986", "period": "FY", "revenue": 753500000, "costOfRevenue": 228600000, "grossProfit": 524900000, "grossProfitRatio": 0.696615793, "researchAndDevelopmentExpenses": 0, "generalAndAdministrativeExpenses": 0, "sellingAndMarketingExpenses": 0, "sellingGeneralAndAdministrativeExpenses": 441200000, "otherExpenses": 22600000, "operatingExpenses": 463800000, "costAndExpenses": 692400000, "interestIncome": 0, "interestExpense": 0, "depreciationAndAmortization": 22600000, "ebitda": 111800000, "ebitdaratio": 0.1483742535, "operatingIncome": 61100000, "operatingIncomeRatio": 0.0810882548, "totalOtherIncomeExpensesNet": -28100000, "incomeBeforeTax": 21300000, "incomeBeforeTaxRatio": 0.0282680823, "incomeTaxExpense": 25400000, "netIncome": -4100000, "netIncomeRatio": -0.0054412741, "eps": -0.025, "epsdiluted": -0.025, "weightedAverageShsOut": 164000000, "weightedAverageShsOutDil": 164000000, "link": "", "finalLink": "", "calculatedOtherExpenses": 22600000, "calculatedOperatingExpenses": 463800000, "calculatedNetInterest": 0, "calculatedOtherIncome": -39800000, "calculatedIncomeNonControlling": 0, "calculatedEbitda": 83700000}, {"date": "1985-12-31", "symbol": "OMC", "reportedCurrency": "USD", "cik": "0000029989", "fillingDate": "1985-12-31", "acceptedDate": "1985-12-30 19:00:00", "calendarYear": "1985", "period": "FY", "revenue": 220900000, "costOfRevenue": 131800000, "grossProfit": 89100000, "grossProfitRatio": 0.4033499321, "researchAndDevelopmentExpenses": 0, "generalAndAdministrativeExpenses": 0, "sellingAndMarketingExpenses": 0, "sellingGeneralAndAdministrativeExpenses": 69000000, "otherExpenses": 5800000, "operatingExpenses": 74800000, "costAndExpenses": 206600000, "interestIncome": 0, "interestExpense": 0, "depreciationAndAmortization": 5800000, "ebitda": 14700000, "ebitdaratio": 0.0665459484, "operatingIncome": 14300000, "operatingIncomeRatio": 0.0647351743, "totalOtherIncomeExpensesNet": 5400000, "incomeBeforeTax": 14900000, "incomeBeforeTaxRatio": 0.0674513354, "incomeTaxExpense": 8800000, "netIncome": 6100000, "netIncomeRatio": 0.0276143051, "eps": 0.14, "epsdiluted": 0.14, "weightedAverageShsOut": 45185185, "weightedAverageShsOutDil": 45185185, "link": "", "finalLink": "", "calculatedOtherExpenses": 5800000, "calculatedOperatingExpenses": 74800000, "calculatedNetInterest": 0, "calculatedOtherIncome": 600000, "calculatedIncomeNonControlling": 0, "calculatedEbitda": 20100000}]}