{"originalCurrency": "USD", "convertedCurrency": "USD", "report": [{"date": "2023-12-31", "symbol": "OMF", "reportedCurrency": "USD", "cik": "0001584207", "fillingDate": "2024-02-13", "acceptedDate": "2024-02-13 16:41:12", "calendarYear": "2023", "period": "FY", "revenue": 4280000000, "costOfRevenue": 864000000, "grossProfit": 3416000000, "grossProfitRatio": 0.7981308411, "researchAndDevelopmentExpenses": 0, "generalAndAdministrativeExpenses": 1044000000, "sellingAndMarketingExpenses": 0, "sellingGeneralAndAdministrativeExpenses": 1044000000, "otherExpenses": -855000000, "operatingExpenses": 855000000, "costAndExpenses": 3440000000, "interestIncome": 4564000000, "interestExpense": 1019000000, "depreciationAndAmortization": 257000000, "ebitda": 1097000000, "ebitdaratio": 0.2563084112, "operatingIncome": 840000000, "operatingIncomeRatio": 0.1962616822, "totalOtherIncomeExpensesNet": -2740000000, "incomeBeforeTax": 840000000, "incomeBeforeTaxRatio": 0.1962616822, "incomeTaxExpense": 199000000, "netIncome": 641000000, "netIncomeRatio": 0.1497663551, "eps": 5.32, "epsdiluted": 5.31, "weightedAverageShsOut": 120382227, "weightedAverageShsOutDil": 120629590, "link": "https://www.sec.gov/Archives/edgar/data/1584207/000158420724000005/0001584207-24-000005-index.htm", "finalLink": "https://www.sec.gov/Archives/edgar/data/25598/000158420724000005/omf-20231231.htm", "calculatedOtherExpenses": 1532000000, "calculatedOperatingExpenses": 2576000000, "calculatedNetInterest": 3545000000, "calculatedOtherIncome": -3545000000, "calculatedIncomeNonControlling": 0, "calculatedEbitda": 1097000000}, {"date": "2022-12-31", "symbol": "OMF", "reportedCurrency": "USD", "cik": "0001584207", "fillingDate": "2023-02-10", "acceptedDate": "2023-02-10 08:29:55", "calendarYear": "2022", "period": "FY", "revenue": 4199000000, "costOfRevenue": 779000000, "grossProfit": 3420000000, "grossProfitRatio": 0.814479638, "researchAndDevelopmentExpenses": 0, "generalAndAdministrativeExpenses": 150000000, "sellingAndMarketingExpenses": 0, "sellingGeneralAndAdministrativeExpenses": 150000000, "otherExpenses": -2556000000, "operatingExpenses": -2406000000, "costAndExpenses": -2406000000, "interestIncome": 4435000000, "interestExpense": 892000000, "depreciationAndAmortization": 262000000, "ebitda": 2055000000, "ebitdaratio": 0.4894022386, "operatingIncome": 1793000000, "operatingIncomeRatio": 0.4270064301, "totalOtherIncomeExpensesNet": -630000000, "incomeBeforeTax": 1163000000, "incomeBeforeTaxRatio": 0.2769707073, "incomeTaxExpense": 285000000, "netIncome": 872000000, "netIncomeRatio": 0.2076684925, "eps": 7.02, "epsdiluted": 7.01, "weightedAverageShsOut": 124178643, "weightedAverageShsOutDil": 124417274, "link": "https://www.sec.gov/Archives/edgar/data/1584207/000158420723000012/0001584207-23-000012-index.htm", "finalLink": "https://www.sec.gov/Archives/edgar/data/25598/000158420723000012/omf-20221231.htm", "calculatedOtherExpenses": 1477000000, "calculatedOperatingExpenses": 1627000000, "calculatedNetInterest": 3543000000, "calculatedOtherIncome": -4173000000, "calculatedIncomeNonControlling": 6000000, "calculatedEbitda": 2055000000}, {"date": "2021-12-31", "symbol": "OMF", "reportedCurrency": "USD", "cik": "0001584207", "fillingDate": "2022-02-11", "acceptedDate": "2022-02-11 08:33:59", "calendarYear": "2021", "period": "FY", "revenue": 4036000000, "costOfRevenue": 704000000, "grossProfit": 3332000000, "grossProfitRatio": 0.8255698712, "researchAndDevelopmentExpenses": 0, "generalAndAdministrativeExpenses": 176000000, "sellingAndMarketingExpenses": 0, "sellingGeneralAndAdministrativeExpenses": 176000000, "otherExpenses": -2471000000, "operatingExpenses": -2295000000, "costAndExpenses": -2295000000, "interestIncome": 4364000000, "interestExpense": 937000000, "depreciationAndAmortization": 264000000, "ebitda": 2005000000, "ebitdaratio": 0.4967789891, "operatingIncome": 1741000000, "operatingIncomeRatio": 0.4313676908, "totalOtherIncomeExpensesNet": -1614000000, "incomeBeforeTax": 1741000000, "incomeBeforeTaxRatio": 0.4313676908, "incomeTaxExpense": 427000000, "netIncome": 1314000000, "netIncomeRatio": 0.3255698712, "eps": 9.91, "epsdiluted": 9.88, "weightedAverageShsOut": 132653888, "weightedAverageShsOutDil": 133054494, "link": "https://www.sec.gov/Archives/edgar/data/1584207/000158420722000005/0001584207-22-000005-index.htm", "finalLink": "https://www.sec.gov/Archives/edgar/data/25598/000158420722000005/omf-20211231.htm", "calculatedOtherExpenses": 1415000000, "calculatedOperatingExpenses": 1591000000, "calculatedNetInterest": 3427000000, "calculatedOtherIncome": -3427000000, "calculatedIncomeNonControlling": 0, "calculatedEbitda": 2005000000}, {"date": "2020-12-31", "symbol": "OMF", "reportedCurrency": "USD", "cik": "0001584207", "fillingDate": "2021-02-09", "acceptedDate": "2021-02-09 16:29:10", "calendarYear": "2020", "period": "FY", "revenue": 3906000000, "costOfRevenue": 702000000, "grossProfit": 3204000000, "grossProfitRatio": 0.8202764977, "researchAndDevelopmentExpenses": 0, "generalAndAdministrativeExpenses": 242000000, "sellingAndMarketingExpenses": 0, "sellingGeneralAndAdministrativeExpenses": 242000000, "otherExpenses": -3171000000, "operatingExpenses": -2929000000, "costAndExpenses": -2929000000, "interestIncome": 4368000000, "interestExpense": 1027000000, "depreciationAndAmortization": 264000000, "ebitda": 1241000000, "ebitdaratio": 0.3177163338, "operatingIncome": 977000000, "operatingIncomeRatio": 0.2501280082, "totalOtherIncomeExpensesNet": -2420000000, "incomeBeforeTax": 977000000, "incomeBeforeTaxRatio": 0.2501280082, "incomeTaxExpense": 247000000, "netIncome": 730000000, "netIncomeRatio": 0.1868919611, "eps": 5.42, "epsdiluted": 5.41, "weightedAverageShsOut": 134716012, "weightedAverageShsOutDil": 134919258, "link": "https://www.sec.gov/Archives/edgar/data/1584207/000158420721000006/0001584207-21-000006-index.htm", "finalLink": "https://www.sec.gov/Archives/edgar/data/25598/000158420721000006/omf-20201231.htm", "calculatedOtherExpenses": 1985000000, "calculatedOperatingExpenses": 2227000000, "calculatedNetInterest": 3341000000, "calculatedOtherIncome": -3341000000, "calculatedIncomeNonControlling": 0, "calculatedEbitda": 1241000000}, {"date": "2019-12-31", "symbol": "OMF", "reportedCurrency": "USD", "cik": "0001584207", "fillingDate": "2020-02-14", "acceptedDate": "2020-02-14 08:06:10", "calendarYear": "2019", "period": "FY", "revenue": 3814000000, "costOfRevenue": 683000000, "grossProfit": 3131000000, "grossProfitRatio": 0.8209229156, "researchAndDevelopmentExpenses": 0, "generalAndAdministrativeExpenses": 993000000, "sellingAndMarketingExpenses": 0, "sellingGeneralAndAdministrativeExpenses": 993000000, "otherExpenses": -3709000000, "operatingExpenses": -2716000000, "costAndExpenses": -2716000000, "interestIncome": 4127000000, "interestExpense": 970000000, "depreciationAndAmortization": 271000000, "ebitda": 1369000000, "ebitdaratio": 0.3589407446, "operatingIncome": 1098000000, "operatingIncomeRatio": 0.2878867331, "totalOtherIncomeExpensesNet": -2134000000, "incomeBeforeTax": 1098000000, "incomeBeforeTaxRatio": 0.2878867331, "incomeTaxExpense": 243000000, "netIncome": 855000000, "netIncomeRatio": 0.2241740954, "eps": 6.28, "epsdiluted": 6.27, "weightedAverageShsOut": 136070837, "weightedAverageShsOutDil": 136326911, "link": "https://www.sec.gov/Archives/edgar/data/1584207/000158420720000011/0001584207-20-000011-index.htm", "finalLink": "https://www.sec.gov/Archives/edgar/data/25598/000158420720000011/omf-20191231.htm", "calculatedOtherExpenses": 1040000000, "calculatedOperatingExpenses": 2033000000, "calculatedNetInterest": 3157000000, "calculatedOtherIncome": -3157000000, "calculatedIncomeNonControlling": 0, "calculatedEbitda": 1369000000}, {"date": "2018-12-31", "symbol": "OMF", "reportedCurrency": "USD", "cik": "0001584207", "fillingDate": "2019-02-15", "acceptedDate": "2019-02-15 07:45:28", "calendarYear": "2018", "period": "FY", "revenue": 3366000000, "costOfRevenue": 0, "grossProfit": 3366000000, "grossProfitRatio": 1, "researchAndDevelopmentExpenses": 0, "generalAndAdministrativeExpenses": 1095000000, "sellingAndMarketingExpenses": 0, "sellingGeneralAndAdministrativeExpenses": 1095000000, "otherExpenses": 2513000000, "operatingExpenses": 3608000000, "costAndExpenses": 3608000000, "interestIncome": 3658000000, "interestExpense": 875000000, "depreciationAndAmortization": 289000000, "ebitda": 1788000000, "ebitdaratio": 0.5311942959, "operatingIncome": 1499000000, "operatingIncomeRatio": 0.44533571, "totalOtherIncomeExpensesNet": -875000000, "incomeBeforeTax": 624000000, "incomeBeforeTaxRatio": 0.1853832442, "incomeTaxExpense": 177000000, "netIncome": 447000000, "netIncomeRatio": 0.132798574, "eps": 3.29, "epsdiluted": 3.29, "weightedAverageShsOut": 135702989, "weightedAverageShsOutDil": 136034143, "link": "https://www.sec.gov/Archives/edgar/data/1584207/000158420719000005/0001584207-19-000005-index.htm", "finalLink": "https://www.sec.gov/Archives/edgar/data/1584207/000158420719000005/omh-20181231x10kdocument.htm", "calculatedOtherExpenses": 772000000, "calculatedOperatingExpenses": 1867000000, "calculatedNetInterest": 2783000000, "calculatedOtherIncome": -3658000000, "calculatedIncomeNonControlling": 0, "calculatedEbitda": 1788000000}, {"date": "2017-12-31", "symbol": "OMF", "reportedCurrency": "USD", "cik": "0001584207", "fillingDate": "2018-02-21", "acceptedDate": "2018-02-21 06:09:36", "calendarYear": "2017", "period": "FY", "revenue": 2969000000, "costOfRevenue": 0, "grossProfit": 2969000000, "grossProfitRatio": 1, "researchAndDevelopmentExpenses": 0, "generalAndAdministrativeExpenses": 941000000, "sellingAndMarketingExpenses": 0, "sellingGeneralAndAdministrativeExpenses": 941000000, "otherExpenses": 2384000000, "operatingExpenses": 3325000000, "costAndExpenses": 3325000000, "interestIncome": 3196000000, "interestExpense": 816000000, "depreciationAndAmortization": 328000000, "ebitda": 1575000000, "ebitdaratio": 0.5304816437, "operatingIncome": 1247000000, "operatingIncomeRatio": 0.4200067363, "totalOtherIncomeExpensesNet": -816000000, "incomeBeforeTax": 431000000, "incomeBeforeTaxRatio": 0.1451667228, "incomeTaxExpense": 248000000, "netIncome": 183000000, "netIncomeRatio": 0.0616369148, "eps": 1.35, "epsdiluted": 1.35, "weightedAverageShsOut": 135249314, "weightedAverageShsOutDil": 135678991, "link": "https://www.sec.gov/Archives/edgar/data/1584207/000158420718000009/0001584207-18-000009-index.htm", "finalLink": "https://www.sec.gov/Archives/edgar/data/1584207/000158420718000009/omh-20171231x10k.htm", "calculatedOtherExpenses": 781000000, "calculatedOperatingExpenses": 1722000000, "calculatedNetInterest": 2380000000, "calculatedOtherIncome": -3196000000, "calculatedIncomeNonControlling": 0, "calculatedEbitda": 1575000000}, {"date": "2016-12-31", "symbol": "OMF", "reportedCurrency": "USD", "cik": "0001584207", "fillingDate": "2017-02-21", "acceptedDate": "2017-02-21 17:06:47", "calendarYear": "2016", "period": "FY", "revenue": 2877000000, "costOfRevenue": 0, "grossProfit": 2877000000, "grossProfitRatio": 1, "researchAndDevelopmentExpenses": 0, "generalAndAdministrativeExpenses": 955000000, "sellingAndMarketingExpenses": 0, "sellingGeneralAndAdministrativeExpenses": 955000000, "otherExpenses": 2464000000, "operatingExpenses": 3419000000, "costAndExpenses": 3419000000, "interestIncome": 3110000000, "interestExpense": 856000000, "depreciationAndAmortization": 521000000, "ebitda": 1705000000, "ebitdaratio": 0.5926312131, "operatingIncome": 1184000000, "operatingIncomeRatio": 0.4115397984, "totalOtherIncomeExpensesNet": -828000000, "incomeBeforeTax": 356000000, "incomeBeforeTaxRatio": 0.123740007, "incomeTaxExpense": 113000000, "netIncome": 215000000, "netIncomeRatio": 0.0747306222, "eps": 1.6, "epsdiluted": 1.59, "weightedAverageShsOut": 134718588, "weightedAverageShsOutDil": 135135860, "link": "https://www.sec.gov/Archives/edgar/data/1584207/000158420717000008/0001584207-17-000008-index.htm", "finalLink": "https://www.sec.gov/Archives/edgar/data/1584207/000158420717000008/omh-20161231x10k.htm", "calculatedOtherExpenses": 738000000, "calculatedOperatingExpenses": 1693000000, "calculatedNetInterest": 2254000000, "calculatedOtherIncome": -3082000000, "calculatedIncomeNonControlling": 28000000, "calculatedEbitda": 1705000000}, {"date": "2015-12-31", "symbol": "OMF", "reportedCurrency": "USD", "cik": "0001584207", "fillingDate": "2016-02-29", "acceptedDate": "2016-02-29 09:29:39", "calendarYear": "2015", "period": "FY", "revenue": 1481000000, "costOfRevenue": 4000000, "grossProfit": 1477000000, "grossProfitRatio": 0.9972991222, "researchAndDevelopmentExpenses": 0, "generalAndAdministrativeExpenses": 581000000, "sellingAndMarketingExpenses": 0, "sellingGeneralAndAdministrativeExpenses": 581000000, "otherExpenses": 1775000000, "operatingExpenses": 2356000000, "costAndExpenses": 2360000000, "interestIncome": 1930000000, "interestExpense": 715000000, "depreciationAndAmortization": 198000000, "ebitda": 517000000, "ebitdaratio": 0.3490884537, "operatingIncome": 319000000, "operatingIncomeRatio": 0.2153950034, "totalOtherIncomeExpensesNet": -545000000, "incomeBeforeTax": -226000000, "incomeBeforeTaxRatio": -0.1525995949, "incomeTaxExpense": -133000000, "netIncome": -220000000, "netIncomeRatio": -0.1485482782, "eps": -1.72, "epsdiluted": -1.72, "weightedAverageShsOut": 127906976, "weightedAverageShsOutDil": 127910680, "link": "https://www.sec.gov/Archives/edgar/data/1584207/000158420716000065/0001584207-16-000065-index.htm", "finalLink": "https://www.sec.gov/Archives/edgar/data/1584207/000158420716000065/omh-20151231x10k.htm", "calculatedOtherExpenses": 577000000, "calculatedOperatingExpenses": 1158000000, "calculatedNetInterest": 1215000000, "calculatedOtherIncome": -1760000000, "calculatedIncomeNonControlling": 127000000, "calculatedEbitda": 517000000}, {"date": "2014-12-31", "symbol": "OMF", "reportedCurrency": "USD", "cik": "0001584207", "fillingDate": "2015-03-16", "acceptedDate": "2015-03-16 14:51:44", "calendarYear": "2014", "period": "FY", "revenue": 2179664000, "costOfRevenue": 18374000, "grossProfit": 2161290000, "grossProfitRatio": 0.9915702604, "researchAndDevelopmentExpenses": 0, "generalAndAdministrativeExpenses": 435449000, "sellingAndMarketingExpenses": 0, "sellingGeneralAndAdministrativeExpenses": 435449000, "otherExpenses": -15033000, "operatingExpenses": 1858000000, "costAndExpenses": 1876374000, "interestIncome": 1981778000, "interestExpense": 734022000, "depreciationAndAmortization": 34666000, "ebitda": 1570370000, "ebitdaratio": 0.720464255, "operatingIncome": 1535704000, "operatingIncomeRatio": 0.7045599689, "totalOtherIncomeExpensesNet": -631208000, "incomeBeforeTax": 904496000, "incomeBeforeTaxRatio": 0.4149703808, "incomeTaxExpense": 297046000, "netIncome": 504636000, "netIncomeRatio": 0.2315200875, "eps": 4.03, "epsdiluted": 4.02, "weightedAverageShsOut": 114791225, "weightedAverageShsOutDil": 115265123, "link": "https://www.sec.gov/Archives/edgar/data/1584207/000158420715000013/0001584207-15-000013-index.htm", "finalLink": "https://www.sec.gov/Archives/edgar/data/1584207/000158420715000013/shi-20141231x10k.htm", "calculatedOtherExpenses": 190137000, "calculatedOperatingExpenses": 625586000, "calculatedNetInterest": 1247756000, "calculatedOtherIncome": -1878964000, "calculatedIncomeNonControlling": 102814000, "calculatedEbitda": 1570370000}, {"date": "2013-12-31", "symbol": "OMF", "reportedCurrency": "USD", "cik": "0001584207", "fillingDate": "2014-04-15", "acceptedDate": "2014-04-15 06:16:30", "calendarYear": "2013", "period": "FY", "revenue": 1427857000, "costOfRevenue": 4807000, "grossProfit": 1423050000, "grossProfitRatio": 0.9966334164, "researchAndDevelopmentExpenses": 0, "generalAndAdministrativeExpenses": 528799000, "sellingAndMarketingExpenses": 0, "sellingGeneralAndAdministrativeExpenses": 528799000, "otherExpenses": 6055000, "operatingExpenses": 2229000000, "costAndExpenses": 2233807000, "interestIncome": 2158038000, "interestExpense": 919380000, "depreciationAndAmortization": -55148000, "ebitda": 829115000, "ebitdaratio": 0.5806708935, "operatingIncome": 884263000, "operatingIncomeRatio": 0.6192938088, "totalOtherIncomeExpensesNet": -808905000, "incomeBeforeTax": 75358000, "incomeBeforeTaxRatio": 0.0527769938, "incomeTaxExpense": -3831000, "netIncome": -31729000, "netIncomeRatio": -0.0222214129, "eps": -0.31, "epsdiluted": -0.31, "weightedAverageShsOut": 100000000, "weightedAverageShsOutDil": 102917172, "link": "https://www.sec.gov/Archives/edgar/data/1584207/000110465914027655/0001104659-14-027655-index.htm", "finalLink": "https://www.sec.gov/Archives/edgar/data/1584207/000110465914027655/a14-3050_110k.htm", "calculatedOtherExpenses": 9988000, "calculatedOperatingExpenses": 538787000, "calculatedNetInterest": 1238658000, "calculatedOtherIncome": -2047563000, "calculatedIncomeNonControlling": 110918000, "calculatedEbitda": 829115000}, {"date": "2012-12-31", "symbol": "OMF", "reportedCurrency": "USD", "cik": "0001584207", "fillingDate": "2012-12-31", "acceptedDate": "2012-12-30 19:00:00", "calendarYear": "2012", "period": "FY", "revenue": 865099000, "costOfRevenue": 0, "grossProfit": 865099000, "grossProfitRatio": 1, "researchAndDevelopmentExpenses": 0, "generalAndAdministrativeExpenses": 380843000, "sellingAndMarketingExpenses": 0, "sellingGeneralAndAdministrativeExpenses": 380843000, "otherExpenses": -484407000, "operatingExpenses": -103564000, "costAndExpenses": -103564000, "interestIncome": 1706292000, "interestExpense": 1068391000, "depreciationAndAmortization": 166927000, "ebitda": 928462000, "ebitdaratio": 1.0732436403, "operatingIncome": 761535000, "operatingIncomeRatio": 0.8802865337, "totalOtherIncomeExpensesNet": -1068391000, "incomeBeforeTax": -306856000, "incomeBeforeTaxRatio": -0.3547062244, "incomeTaxExpense": -88222000, "netIncome": -218634000, "netIncomeRatio": -0.2527271445, "eps": -1.96, "epsdiluted": -1.96, "weightedAverageShsOut": 111631667, "weightedAverageShsOutDil": 111631667, "link": "", "finalLink": "", "calculatedOtherExpenses": -277279000, "calculatedOperatingExpenses": 103564000, "calculatedNetInterest": 637901000, "calculatedOtherIncome": -1706292000, "calculatedIncomeNonControlling": 0, "calculatedEbitda": 928462000}, {"date": "2011-12-31", "symbol": "OMF", "reportedCurrency": "USD", "cik": "0001584207", "fillingDate": "2011-12-31", "acceptedDate": "2011-12-30 19:00:00", "calendarYear": "2011", "period": "FY", "revenue": 744305000, "costOfRevenue": 0, "grossProfit": 744305000, "grossProfitRatio": 1, "researchAndDevelopmentExpenses": 0, "generalAndAdministrativeExpenses": 414992000, "sellingAndMarketingExpenses": 0, "sellingGeneralAndAdministrativeExpenses": 414992000, "otherExpenses": 1372000, "operatingExpenses": 416364000, "costAndExpenses": 416364000, "interestIncome": 1871229000, "interestExpense": 1284773000, "depreciationAndAmortization": 274818000, "ebitda": 1199453000, "ebitdaratio": 1.6115073794, "operatingIncome": 924635000, "operatingIncomeRatio": 1.2422797106, "totalOtherIncomeExpensesNet": -1284773000, "incomeBeforeTax": -360138000, "incomeBeforeTaxRatio": -0.4838580958, "incomeTaxExpense": -118405000, "netIncome": -241733000, "netIncomeRatio": -0.3247768052, "eps": -2.17, "epsdiluted": -2.17, "weightedAverageShsOut": 111631667, "weightedAverageShsOutDil": 111631667, "link": "", "finalLink": "", "calculatedOtherExpenses": -595322000, "calculatedOperatingExpenses": -180330000, "calculatedNetInterest": 586456000, "calculatedOtherIncome": -1871229000, "calculatedIncomeNonControlling": 0, "calculatedEbitda": 1199453000}, {"date": "2010-12-31", "symbol": "OMF", "reportedCurrency": "USD", "cik": "0001584207", "fillingDate": "2010-12-31", "acceptedDate": "2010-12-30 19:00:00", "calendarYear": "2010", "period": "FY", "revenue": 879698000, "costOfRevenue": 0, "grossProfit": 879698000, "grossProfitRatio": 1, "researchAndDevelopmentExpenses": 0, "generalAndAdministrativeExpenses": 386456000, "sellingAndMarketingExpenses": 0, "sellingGeneralAndAdministrativeExpenses": 386456000, "otherExpenses": 202053000, "operatingExpenses": 588509000, "costAndExpenses": 588509000, "interestIncome": 1855582000, "interestExpense": 1113587000, "depreciationAndAmortization": 157669000, "ebitda": 1625876000, "ebitdaratio": 1.8482206394, "operatingIncome": 1468207000, "operatingIncomeRatio": 1.6689898124, "totalOtherIncomeExpensesNet": -1113587000, "incomeBeforeTax": 354620000, "incomeBeforeTaxRatio": 0.4031156147, "incomeTaxExpense": -285130000, "netIncome": 639750000, "netIncomeRatio": 0.7272382113, "eps": 5.73, "epsdiluted": 5.73, "weightedAverageShsOut": 111631667, "weightedAverageShsOutDil": 111631667, "link": "", "finalLink": "", "calculatedOtherExpenses": -974965000, "calculatedOperatingExpenses": -588509000, "calculatedNetInterest": 741995000, "calculatedOtherIncome": -1855582000, "calculatedIncomeNonControlling": 0, "calculatedEbitda": 1625876000}, {"date": "2009-12-31", "symbol": "OMF", "reportedCurrency": "USD", "cik": "0001584207", "fillingDate": "2009-12-31", "acceptedDate": "2009-12-30 19:00:00", "calendarYear": "2009", "period": "FY", "revenue": 1063689000, "costOfRevenue": 102057000, "grossProfit": 961632000, "grossProfitRatio": 0.9040537225, "researchAndDevelopmentExpenses": 0, "generalAndAdministrativeExpenses": 420824000, "sellingAndMarketingExpenses": 0, "sellingGeneralAndAdministrativeExpenses": 420824000, "otherExpenses": -1304651000, "operatingExpenses": -883827000, "costAndExpenses": 102057000, "interestIncome": 2192952000, "interestExpense": 1164297000, "depreciationAndAmortization": 136854000, "ebitda": 214659000, "ebitdaratio": 0.201806167, "operatingIncome": 77805000, "operatingIncomeRatio": 0.0731463802, "totalOtherIncomeExpensesNet": -1092692000, "incomeBeforeTax": -1014887000, "incomeBeforeTaxRatio": -0.9541200482, "incomeTaxExpense": -482606000, "netIncome": -532281000, "netIncomeRatio": -0.5004103643, "eps": -4.77, "epsdiluted": -4.77, "weightedAverageShsOut": 111631667, "weightedAverageShsOutDil": 111631667, "link": "", "finalLink": "", "calculatedOtherExpenses": 463003000, "calculatedOperatingExpenses": 883827000, "calculatedNetInterest": 1028655000, "calculatedOtherIncome": -2121347000, "calculatedIncomeNonControlling": 0, "calculatedEbitda": 214659000}, {"date": "2008-12-31", "symbol": "OMF", "reportedCurrency": "USD", "cik": "0001584207", "fillingDate": "2008-12-31", "acceptedDate": "2008-12-30 19:00:00", "calendarYear": "2008", "period": "FY", "revenue": 1408989000, "costOfRevenue": 0, "grossProfit": 1408989000, "grossProfitRatio": 1, "researchAndDevelopmentExpenses": 0, "generalAndAdministrativeExpenses": 479020000, "sellingAndMarketingExpenses": 0, "sellingGeneralAndAdministrativeExpenses": 479020000, "otherExpenses": -1397320000, "operatingExpenses": -918300000, "costAndExpenses": -918300000, "interestIncome": 2652347000, "interestExpense": 1276158000, "depreciationAndAmortization": 142516000, "ebitda": 633205000, "ebitdaratio": 0.4494037924, "operatingIncome": 490689000, "operatingIncomeRatio": 0.34825609, "totalOtherIncomeExpensesNet": -1276158000, "incomeBeforeTax": -785469000, "incomeBeforeTaxRatio": -0.5574699306, "incomeTaxExpense": 400263000, "netIncome": -1185732000, "netIncomeRatio": -0.8415480887, "eps": -10.62, "epsdiluted": -10.62, "weightedAverageShsOut": 111631667, "weightedAverageShsOutDil": 111631667, "link": "", "finalLink": "", "calculatedOtherExpenses": 439280000, "calculatedOperatingExpenses": 918300000, "calculatedNetInterest": 1376189000, "calculatedOtherIncome": -2652347000, "calculatedIncomeNonControlling": 0, "calculatedEbitda": 633205000}]}