{"originalCurrency": "USD", "convertedCurrency": "USD", "report": [{"date": "2023-12-31", "symbol": "ON", "reportedCurrency": "USD", "cik": "0001097864", "fillingDate": "2024-02-05", "acceptedDate": "2024-02-05 11:27:48", "calendarYear": "2023", "period": "FY", "revenue": 8253000000, "costOfRevenue": 4369500000, "grossProfit": 3883500000, "grossProfitRatio": 0.4705561614, "researchAndDevelopmentExpenses": 577300000, "generalAndAdministrativeExpenses": 362400000, "sellingAndMarketingExpenses": 279100000, "sellingGeneralAndAdministrativeExpenses": 641500000, "otherExpenses": -7200000, "operatingExpenses": 1269900000, "costAndExpenses": 5639400000, "interestIncome": 93100000, "interestExpense": 74800000, "depreciationAndAmortization": 609500000, "ebitda": 3309000000, "ebitdaratio": 0.4009451109, "operatingIncome": 2538700000, "operatingIncomeRatio": 0.3076093542, "totalOtherIncomeExpensesNet": -96100000, "incomeBeforeTax": 2535800000, "incomeBeforeTaxRatio": 0.3072579668, "incomeTaxExpense": 350200000, "netIncome": 2183700000, "netIncomeRatio": 0.2645946928, "eps": 5.07, "epsdiluted": 4.89, "weightedAverageShsOut": 430700000, "weightedAverageShsOutDil": 446800000, "link": "https://www.sec.gov/Archives/edgar/data/1097864/000162828024003201/0001628280-24-003201-index.htm", "finalLink": "https://www.sec.gov/Archives/edgar/data/1097864/000162828024003201/on-20231231.htm", "calculatedOtherExpenses": 126000000, "calculatedOperatingExpenses": 1344800000, "calculatedNetInterest": 18300000, "calculatedOtherIncome": -21200000, "calculatedIncomeNonControlling": 1900000, "calculatedEbitda": 3148200000}, {"date": "2022-12-31", "symbol": "ON", "reportedCurrency": "USD", "cik": "0001097864", "fillingDate": "2023-02-06", "acceptedDate": "2023-02-06 10:50:17", "calendarYear": "2022", "period": "FY", "revenue": 8326200000, "costOfRevenue": 4249000000, "grossProfit": 4077200000, "grossProfitRatio": 0.4896831688, "researchAndDevelopmentExpenses": 600200000, "generalAndAdministrativeExpenses": 343200000, "sellingAndMarketingExpenses": 287900000, "sellingGeneralAndAdministrativeExpenses": 631100000, "otherExpenses": 81200000, "operatingExpenses": 1312500000, "costAndExpenses": 5561500000, "interestIncome": 15500000, "interestExpense": 94900000, "depreciationAndAmortization": 993700000, "ebitda": 3353700000, "ebitdaratio": 0.4027887872, "operatingIncome": 2360000000, "operatingIncomeRatio": 0.2834426269, "totalOtherIncomeExpensesNet": 2200000, "incomeBeforeTax": 2362200000, "incomeBeforeTaxRatio": 0.2837068531, "incomeTaxExpense": 458400000, "netIncome": 1902200000, "netIncomeRatio": 0.2284595614, "eps": 4.39, "epsdiluted": 4.25, "weightedAverageShsOut": 433200000, "weightedAverageShsOutDil": 448200000, "link": "https://www.sec.gov/Archives/edgar/data/1097864/000162828023002350/0001628280-23-002350-index.htm", "finalLink": "https://www.sec.gov/Archives/edgar/data/1097864/000162828023002350/on-20221231.htm", "calculatedOtherExpenses": 485900000, "calculatedOperatingExpenses": 1717200000, "calculatedNetInterest": -79400000, "calculatedOtherIncome": 81600000, "calculatedIncomeNonControlling": 1600000, "calculatedEbitda": 3353700000}, {"date": "2021-12-31", "symbol": "ON", "reportedCurrency": "USD", "cik": "0001097864", "fillingDate": "2022-02-14", "acceptedDate": "2022-02-14 09:20:06", "calendarYear": "2021", "period": "FY", "revenue": 6739800000, "costOfRevenue": 4025500000, "grossProfit": 2714300000, "grossProfitRatio": 0.4027270839, "researchAndDevelopmentExpenses": 655000000, "generalAndAdministrativeExpenses": 304800000, "sellingAndMarketingExpenses": 293600000, "sellingGeneralAndAdministrativeExpenses": 598400000, "otherExpenses": 99000000, "operatingExpenses": 1352400000, "costAndExpenses": 5377900000, "interestIncome": 1400000, "interestExpense": 130400000, "depreciationAndAmortization": 690400000, "ebitda": 1978000000, "ebitdaratio": 0.2934805187, "operatingIncome": 1287600000, "operatingIncomeRatio": 0.1910442446, "totalOtherIncomeExpensesNet": -129800000, "incomeBeforeTax": 1157800000, "incomeBeforeTaxRatio": 0.1717855129, "incomeTaxExpense": 146600000, "netIncome": 1009600000, "netIncomeRatio": 0.1497967299, "eps": 2.37, "epsdiluted": 2.27, "weightedAverageShsOut": 425700000, "weightedAverageShsOutDil": 443800000, "link": "https://www.sec.gov/Archives/edgar/data/1097864/000162828022002416/0001628280-22-002416-index.htm", "finalLink": "https://www.sec.gov/Archives/edgar/data/1097864/000162828022002416/on-20211231.htm", "calculatedOtherExpenses": 173300000, "calculatedOperatingExpenses": 1426700000, "calculatedNetInterest": -129000000, "calculatedOtherIncome": -800000, "calculatedIncomeNonControlling": 1600000, "calculatedEbitda": 1978000000}, {"date": "2020-12-31", "symbol": "ON", "reportedCurrency": "USD", "cik": "0001097864", "fillingDate": "2021-02-16", "acceptedDate": "2021-02-16 11:50:24", "calendarYear": "2020", "period": "FY", "revenue": 5255000000, "costOfRevenue": 3539200000, "grossProfit": 1715800000, "grossProfitRatio": 0.3265080875, "researchAndDevelopmentExpenses": 642900000, "generalAndAdministrativeExpenses": 258700000, "sellingAndMarketingExpenses": 278700000, "sellingGeneralAndAdministrativeExpenses": 537400000, "otherExpenses": 120300000, "operatingExpenses": 1300600000, "costAndExpenses": 4839800000, "interestIncome": 4900000, "interestExpense": 168400000, "depreciationAndAmortization": 687900000, "ebitda": 1036600000, "ebitdaratio": 0.1972597526, "operatingIncome": 348700000, "operatingIncomeRatio": 0.0663558516, "totalOtherIncomeExpensesNet": -172100000, "incomeBeforeTax": 176600000, "incomeBeforeTaxRatio": 0.0336060894, "incomeTaxExpense": -59800000, "netIncome": 234200000, "netIncomeRatio": 0.044567079, "eps": 0.57, "epsdiluted": 0.56, "weightedAverageShsOut": 410700000, "weightedAverageShsOutDil": 418800000, "link": "https://www.sec.gov/Archives/edgar/data/1097864/000162828021002219/0001628280-21-002219-index.htm", "finalLink": "https://www.sec.gov/Archives/edgar/data/1097864/000162828021002219/on-20201231.htm", "calculatedOtherExpenses": 186800000, "calculatedOperatingExpenses": 1367100000, "calculatedNetInterest": -163500000, "calculatedOtherIncome": -8600000, "calculatedIncomeNonControlling": 2200000, "calculatedEbitda": 1036600000}, {"date": "2019-12-31", "symbol": "ON", "reportedCurrency": "USD", "cik": "0001097864", "fillingDate": "2020-02-19", "acceptedDate": "2020-02-19 14:25:39", "calendarYear": "2019", "period": "FY", "revenue": 5517900000, "costOfRevenue": 3544300000, "grossProfit": 1973600000, "grossProfitRatio": 0.3576723029, "researchAndDevelopmentExpenses": 640900000, "generalAndAdministrativeExpenses": 284000000, "sellingAndMarketingExpenses": 301000000, "sellingGeneralAndAdministrativeExpenses": 585000000, "otherExpenses": 115200000, "operatingExpenses": 1341100000, "costAndExpenses": 4885400000, "interestIncome": 10200000, "interestExpense": 148300000, "depreciationAndAmortization": 115200000, "ebitda": 746100000, "ebitdaratio": 0.1352144838, "operatingIncome": 630900000, "operatingIncomeRatio": 0.114336976, "totalOtherIncomeExpensesNet": -354300000, "incomeBeforeTax": 276600000, "incomeBeforeTaxRatio": 0.050127766, "incomeTaxExpense": 62700000, "netIncome": 211700000, "netIncomeRatio": 0.0383660451, "eps": 0.52, "epsdiluted": 0.51, "weightedAverageShsOut": 410900000, "weightedAverageShsOutDil": 416000000, "link": "https://www.sec.gov/Archives/edgar/data/1097864/000119312520041751/0001193125-20-041751-index.htm", "finalLink": "https://www.sec.gov/Archives/edgar/data/1097864/000119312520041751/d864442d10k.htm", "calculatedOtherExpenses": 116800000, "calculatedOperatingExpenses": 1342700000, "calculatedNetInterest": -138100000, "calculatedOtherIncome": -216200000, "calculatedIncomeNonControlling": 2200000, "calculatedEbitda": 746100000}, {"date": "2018-12-31", "symbol": "ON", "reportedCurrency": "USD", "cik": "0001097864", "fillingDate": "2019-02-20", "acceptedDate": "2019-02-20 11:58:50", "calendarYear": "2018", "period": "FY", "revenue": 5878300000, "costOfRevenue": 3639600000, "grossProfit": 2238700000, "grossProfitRatio": 0.3808413997, "researchAndDevelopmentExpenses": 650700000, "generalAndAdministrativeExpenses": 293300000, "sellingAndMarketingExpenses": 324700000, "sellingGeneralAndAdministrativeExpenses": 618000000, "otherExpenses": -7100000, "operatingExpenses": 1380400000, "costAndExpenses": 5020000000, "interestIncome": 6100000, "interestExpense": 128200000, "depreciationAndAmortization": 111700000, "ebitda": 969000000, "ebitdaratio": 0.1648435772, "operatingIncome": 847200000, "operatingIncomeRatio": 0.144123301, "totalOtherIncomeExpensesNet": 18800000, "incomeBeforeTax": 755000000, "incomeBeforeTaxRatio": 0.1284384941, "incomeTaxExpense": 125100000, "netIncome": 627400000, "netIncomeRatio": 0.106731538, "eps": 1.48, "epsdiluted": 1.44, "weightedAverageShsOut": 423800000, "weightedAverageShsOutDil": 435900000, "link": "https://www.sec.gov/Archives/edgar/data/1097864/000119312519045025/0001193125-19-045025-index.htm", "finalLink": "https://www.sec.gov/Archives/edgar/data/1097864/000119312519045025/d664850d10k.htm", "calculatedOtherExpenses": 122800000, "calculatedOperatingExpenses": 1391500000, "calculatedNetInterest": -122100000, "calculatedOtherIncome": 29900000, "calculatedIncomeNonControlling": 2500000, "calculatedEbitda": 958900000}, {"date": "2017-12-31", "symbol": "ON", "reportedCurrency": "USD", "cik": "0001097864", "fillingDate": "2018-02-21", "acceptedDate": "2018-02-21 11:26:44", "calendarYear": "2017", "period": "FY", "revenue": 5543100000, "costOfRevenue": 3509300000, "grossProfit": 2033800000, "grossProfitRatio": 0.3669066046, "researchAndDevelopmentExpenses": 594400000, "generalAndAdministrativeExpenses": 284900000, "sellingAndMarketingExpenses": 315900000, "sellingGeneralAndAdministrativeExpenses": 600800000, "otherExpenses": -8100000, "operatingExpenses": 1319000000, "costAndExpenses": 4828300000, "interestIncome": 3000000, "interestExpense": 141200000, "depreciationAndAmortization": 123800000, "ebitda": 833500000, "ebitdaratio": 0.1503671231, "operatingIncome": 680900000, "operatingIncomeRatio": 0.1228374015, "totalOtherIncomeExpensesNet": -29100000, "incomeBeforeTax": 547500000, "incomeBeforeTaxRatio": 0.0987714456, "incomeTaxExpense": -265500000, "netIncome": 810700000, "netIncomeRatio": 0.1462539012, "eps": 1.92, "epsdiluted": 1.89, "weightedAverageShsOut": 421900000, "weightedAverageShsOutDil": 428300000, "link": "https://www.sec.gov/Archives/edgar/data/1097864/000119312518051397/0001193125-18-051397-index.htm", "finalLink": "https://www.sec.gov/Archives/edgar/data/1097864/000119312518051397/d508456d10k.htm", "calculatedOtherExpenses": 157700000, "calculatedOperatingExpenses": 1352900000, "calculatedNetInterest": -138200000, "calculatedOtherIncome": 4800000, "calculatedIncomeNonControlling": 2300000, "calculatedEbitda": 804700000}, {"date": "2016-12-31", "symbol": "ON", "reportedCurrency": "USD", "cik": "0001097864", "fillingDate": "2017-02-28", "acceptedDate": "2017-02-28 15:57:57", "calendarYear": "2016", "period": "FY", "revenue": 3906900000, "costOfRevenue": 2610000000, "grossProfit": 1296900000, "grossProfitRatio": 0.3319511633, "researchAndDevelopmentExpenses": 452300000, "generalAndAdministrativeExpenses": 230300000, "sellingAndMarketingExpenses": 238000000, "sellingGeneralAndAdministrativeExpenses": 468300000, "otherExpenses": -600000, "operatingExpenses": 1025400000, "costAndExpenses": 3635400000, "interestIncome": 4500000, "interestExpense": 145300000, "depreciationAndAmortization": 104800000, "ebitda": 380200000, "ebitdaratio": 0.0973150068, "operatingIncome": 236100000, "operatingIncomeRatio": 0.0604315442, "totalOtherIncomeExpensesNet": 49900000, "incomeBeforeTax": 180600000, "incomeBeforeTaxRatio": 0.046225908, "incomeTaxExpense": -3900000, "netIncome": 182100000, "netIncomeRatio": 0.0466098441, "eps": 0.44, "epsdiluted": 0.43, "weightedAverageShsOut": 415200000, "weightedAverageShsOutDil": 420000000, "link": "https://www.sec.gov/Archives/edgar/data/1097864/000119312517062207/0001193125-17-062207-index.htm", "finalLink": "https://www.sec.gov/Archives/edgar/data/1097864/000119312517062207/d332046d10k.htm", "calculatedOtherExpenses": 140200000, "calculatedOperatingExpenses": 1060800000, "calculatedNetInterest": -140800000, "calculatedOtherIncome": 85300000, "calculatedIncomeNonControlling": 2400000, "calculatedEbitda": 340900000}, {"date": "2015-12-31", "symbol": "ON", "reportedCurrency": "USD", "cik": "0001097864", "fillingDate": "2016-02-24", "acceptedDate": "2016-02-24 11:25:49", "calendarYear": "2015", "period": "FY", "revenue": 3495800000, "costOfRevenue": 2302600000, "grossProfit": 1193200000, "grossProfitRatio": 0.3413238744, "researchAndDevelopmentExpenses": 396700000, "generalAndAdministrativeExpenses": 182300000, "sellingAndMarketingExpenses": 204300000, "sellingGeneralAndAdministrativeExpenses": 386600000, "otherExpenses": 7700000, "operatingExpenses": 919000000, "costAndExpenses": 3221600000, "interestIncome": 1100000, "interestExpense": 49700000, "depreciationAndAmortization": 135700000, "ebitda": 418700000, "ebitdaratio": 0.1197722982, "operatingIncome": 261100000, "operatingIncomeRatio": 0.0746896276, "totalOtherIncomeExpensesNet": -5800000, "incomeBeforeTax": 219800000, "incomeBeforeTaxRatio": 0.0628754505, "incomeTaxExpense": 10800000, "netIncome": 206200000, "netIncomeRatio": 0.0589850678, "eps": 0.49, "epsdiluted": 0.48, "weightedAverageShsOut": 421200000, "weightedAverageShsOutDil": 427800000, "link": "https://www.sec.gov/Archives/edgar/data/1097864/000119312516475009/0001193125-16-475009-index.htm", "finalLink": "https://www.sec.gov/Archives/edgar/data/1097864/000119312516475009/d138223d10k.htm", "calculatedOtherExpenses": 148800000, "calculatedOperatingExpenses": 932100000, "calculatedNetInterest": -48600000, "calculatedOtherIncome": 7300000, "calculatedIncomeNonControlling": 2800000, "calculatedEbitda": 396800000}, {"date": "2014-12-31", "symbol": "ON", "reportedCurrency": "USD", "cik": "0001097864", "fillingDate": "2015-02-27", "acceptedDate": "2015-02-27 15:21:16", "calendarYear": "2014", "period": "FY", "revenue": 3161800000, "costOfRevenue": 2076900000, "grossProfit": 1084900000, "grossProfitRatio": 0.3431273325, "researchAndDevelopmentExpenses": 366600000, "generalAndAdministrativeExpenses": 180900000, "sellingAndMarketingExpenses": 200000000, "sellingGeneralAndAdministrativeExpenses": 380900000, "otherExpenses": -4400000, "operatingExpenses": 815900000, "costAndExpenses": 2892800000, "interestIncome": 1500000, "interestExpense": 34100000, "depreciationAndAmortization": 68400000, "ebitda": 334500000, "ebitdaratio": 0.1057941679, "operatingIncome": 234400000, "operatingIncomeRatio": 0.0741349864, "totalOtherIncomeExpensesNet": -39000000, "incomeBeforeTax": 197400000, "incomeBeforeTaxRatio": 0.0624327914, "incomeTaxExpense": -200000, "netIncome": 189700000, "netIncomeRatio": 0.0599974698, "eps": 0.44, "epsdiluted": 0.44, "weightedAverageShsOut": 439500000, "weightedAverageShsOutDil": 443500000, "link": "https://www.sec.gov/Archives/edgar/data/1097864/000119312515069358/0001193125-15-069358-index.htm", "finalLink": "https://www.sec.gov/Archives/edgar/data/1097864/000119312515069358/d875301d10k.htm", "calculatedOtherExpenses": 103000000, "calculatedOperatingExpenses": 850500000, "calculatedNetInterest": -32600000, "calculatedOtherIncome": -4400000, "calculatedIncomeNonControlling": 7900000, "calculatedEbitda": 302800000}, {"date": "2013-12-31", "symbol": "ON", "reportedCurrency": "USD", "cik": "0001097864", "fillingDate": "2014-02-21", "acceptedDate": "2014-02-21 13:14:42", "calendarYear": "2013", "period": "FY", "revenue": 2782700000, "costOfRevenue": 1844300000, "grossProfit": 938400000, "grossProfitRatio": 0.3372264348, "researchAndDevelopmentExpenses": 334200000, "generalAndAdministrativeExpenses": 148500000, "sellingAndMarketingExpenses": 171200000, "sellingGeneralAndAdministrativeExpenses": 319700000, "otherExpenses": 3100000, "operatingExpenses": 687000000, "costAndExpenses": 2531300000, "interestIncome": 1300000, "interestExpense": 38600000, "depreciationAndAmortization": 33100000, "ebitda": 288900000, "ebitdaratio": 0.1038200309, "operatingIncome": 218200000, "operatingIncomeRatio": 0.0784130521, "totalOtherIncomeExpensesNet": -33200000, "incomeBeforeTax": 180900000, "incomeBeforeTaxRatio": 0.0650088044, "incomeTaxExpense": 13700000, "netIncome": 150400000, "netIncomeRatio": 0.0540482265, "eps": 0.37, "epsdiluted": 0.36, "weightedAverageShsOut": 447900000, "weightedAverageShsOutDil": 450700000, "link": "https://www.sec.gov/Archives/edgar/data/1097864/000119312514062363/0001193125-14-062363-index.htm", "finalLink": "https://www.sec.gov/Archives/edgar/data/1097864/000119312514062363/d675717d10k.htm", "calculatedOtherExpenses": 66300000, "calculatedOperatingExpenses": 720200000, "calculatedNetInterest": -37300000, "calculatedOtherIncome": 0, "calculatedIncomeNonControlling": 16800000, "calculatedEbitda": 251300000}, {"date": "2012-12-31", "symbol": "ON", "reportedCurrency": "USD", "cik": "0001097864", "fillingDate": "2013-02-26", "acceptedDate": "2013-02-26 16:02:28", "calendarYear": "2012", "period": "FY", "revenue": 2894900000, "costOfRevenue": 1943000000, "grossProfit": 951900000, "grossProfitRatio": 0.3288196483, "researchAndDevelopmentExpenses": 367500000, "generalAndAdministrativeExpenses": 160600000, "sellingAndMarketingExpenses": 180900000, "sellingGeneralAndAdministrativeExpenses": 341500000, "otherExpenses": 5800000, "operatingExpenses": 753400000, "costAndExpenses": 2696400000, "interestIncome": 1500000, "interestExpense": 56100000, "depreciationAndAmortization": 44400000, "ebitda": 250200000, "ebitdaratio": 0.0864278559, "operatingIncome": -16300000, "operatingIncomeRatio": -0.0056305917, "totalOtherIncomeExpensesNet": -216800000, "incomeBeforeTax": -72900000, "incomeBeforeTaxRatio": -0.025182217, "incomeTaxExpense": 13400000, "netIncome": -90600000, "netIncomeRatio": -0.0312964178, "eps": -0.2, "epsdiluted": -0.2, "weightedAverageShsOut": 452600000, "weightedAverageShsOutDil": 452600000, "link": "https://www.sec.gov/Archives/edgar/data/1097864/000119312513076823/0001193125-13-076823-index.htm", "finalLink": "https://www.sec.gov/Archives/edgar/data/1097864/000119312513076823/d476644d10k.htm", "calculatedOtherExpenses": 259200000, "calculatedOperatingExpenses": 968200000, "calculatedNetInterest": -54600000, "calculatedOtherIncome": -2000000, "calculatedIncomeNonControlling": 4300000, "calculatedEbitda": 28100000}, {"date": "2011-12-31", "symbol": "ON", "reportedCurrency": "USD", "cik": "0001097864", "fillingDate": "2012-02-22", "acceptedDate": "2012-02-22 14:18:07", "calendarYear": "2011", "period": "FY", "revenue": 3442300000, "costOfRevenue": 2433500000, "grossProfit": 1008800000, "grossProfitRatio": 0.2930598728, "researchAndDevelopmentExpenses": 362500000, "generalAndAdministrativeExpenses": 192400000, "sellingAndMarketingExpenses": 195100000, "sellingGeneralAndAdministrativeExpenses": 387500000, "otherExpenses": 42700000, "operatingExpenses": 792700000, "costAndExpenses": 3226200000, "interestIncome": 1100000, "interestExpense": 68900000, "depreciationAndAmortization": 42700000, "ebitda": 259900000, "ebitdaratio": 0.0755018447, "operatingIncome": 113400000, "operatingIncomeRatio": 0.0329430904, "totalOtherIncomeExpensesNet": -110500000, "incomeBeforeTax": 37800000, "incomeBeforeTaxRatio": 0.0109810301, "incomeTaxExpense": 22900000, "netIncome": 11600000, "netIncomeRatio": 0.0033698399, "eps": 0.03, "epsdiluted": 0.03, "weightedAverageShsOut": 446700000, "weightedAverageShsOutDil": 457200000, "link": "https://www.sec.gov/Archives/edgar/data/1097864/000119312512072371/0001193125-12-072371-index.htm", "finalLink": "https://www.sec.gov/Archives/edgar/data/1097864/000119312512072371/d263194d10k.htm", "calculatedOtherExpenses": 145400000, "calculatedOperatingExpenses": 895400000, "calculatedNetInterest": -67800000, "calculatedOtherIncome": -7800000, "calculatedIncomeNonControlling": 3300000, "calculatedEbitda": 156100000}, {"date": "2010-12-31", "symbol": "ON", "reportedCurrency": "USD", "cik": "0001097864", "fillingDate": "2011-02-24", "acceptedDate": "2011-02-24 15:26:00", "calendarYear": "2010", "period": "FY", "revenue": 2313400000, "costOfRevenue": 1357400000, "grossProfit": 956000000, "grossProfitRatio": 0.4132445751, "researchAndDevelopmentExpenses": 248000000, "generalAndAdministrativeExpenses": 129900000, "sellingAndMarketingExpenses": 145600000, "sellingGeneralAndAdministrativeExpenses": 275500000, "otherExpenses": 31700000, "operatingExpenses": 555200000, "costAndExpenses": 1912600000, "interestIncome": 500000, "interestExpense": 61400000, "depreciationAndAmortization": 31700000, "ebitda": 433000000, "ebitdaratio": 0.1871703985, "operatingIncome": 374200000, "operatingIncomeRatio": 0.1617532636, "totalOtherIncomeExpensesNet": -34200000, "incomeBeforeTax": 305700000, "incomeBeforeTaxRatio": 0.1321431659, "incomeTaxExpense": 12800000, "netIncome": 290500000, "netIncomeRatio": 0.1255727501, "eps": 0.67, "epsdiluted": 0.65, "weightedAverageShsOut": 431000000, "weightedAverageShsOutDil": 444400000, "link": "https://www.sec.gov/Archives/edgar/data/1097864/000119312511045204/0001193125-11-045204-index.htm", "finalLink": "https://www.sec.gov/Archives/edgar/data/1097864/000119312511045204/d10k.htm", "calculatedOtherExpenses": 58300000, "calculatedOperatingExpenses": 581800000, "calculatedNetInterest": -60900000, "calculatedOtherIncome": -7600000, "calculatedIncomeNonControlling": 2400000, "calculatedEbitda": 405900000}, {"date": "2009-12-31", "symbol": "ON", "reportedCurrency": "USD", "cik": "0001097864", "fillingDate": "2010-02-25", "acceptedDate": "2010-02-25 14:08:58", "calendarYear": "2009", "period": "FY", "revenue": 1768900000, "costOfRevenue": 1148200000, "grossProfit": 620700000, "grossProfitRatio": 0.3508960371, "researchAndDevelopmentExpenses": 198800000, "generalAndAdministrativeExpenses": 104500000, "sellingAndMarketingExpenses": 120900000, "sellingGeneralAndAdministrativeExpenses": 225400000, "otherExpenses": 29000000, "operatingExpenses": 453200000, "costAndExpenses": 1601400000, "interestIncome": 800000, "interestExpense": 64600000, "depreciationAndAmortization": 29000000, "ebitda": 197300000, "ebitdaratio": 0.1115382441, "operatingIncome": 142600000, "operatingIncomeRatio": 0.0806150715, "totalOtherIncomeExpensesNet": -32700000, "incomeBeforeTax": 71000000, "incomeBeforeTaxRatio": 0.0401379388, "incomeTaxExpense": 7700000, "netIncome": 61000000, "netIncomeRatio": 0.034484708, "eps": 0.14, "epsdiluted": 0.14, "weightedAverageShsOut": 420800000, "weightedAverageShsOutDil": 438100000, "link": "https://www.sec.gov/Archives/edgar/data/1097864/000119312510040363/0001193125-10-040363-index.htm", "finalLink": "https://www.sec.gov/Archives/edgar/data/1097864/000119312510040363/d10k.htm", "calculatedOtherExpenses": 53900000, "calculatedOperatingExpenses": 478100000, "calculatedNetInterest": -63800000, "calculatedOtherIncome": -7800000, "calculatedIncomeNonControlling": 2300000, "calculatedEbitda": 171600000}, {"date": "2008-12-31", "symbol": "ON", "reportedCurrency": "USD", "cik": "0001097864", "fillingDate": "2009-02-27", "acceptedDate": "2009-02-27 15:42:36", "calendarYear": "2008", "period": "FY", "revenue": 2054800000, "costOfRevenue": 1309300000, "grossProfit": 745500000, "grossProfitRatio": 0.3628090325, "researchAndDevelopmentExpenses": 261000000, "generalAndAdministrativeExpenses": 122400000, "sellingAndMarketingExpenses": 134400000, "sellingGeneralAndAdministrativeExpenses": 256800000, "otherExpenses": 22900000, "operatingExpenses": 540700000, "costAndExpenses": 1850000000, "interestIncome": 6900000, "interestExpense": 38300000, "depreciationAndAmortization": 22900000, "ebitda": 234600000, "ebitdaratio": 0.1141716955, "operatingIncome": -378800000, "operatingIncomeRatio": -0.1843488417, "totalOtherIncomeExpensesNet": -575500000, "incomeBeforeTax": -402100000, "incomeBeforeTaxRatio": -0.1956881448, "incomeTaxExpense": -9400000, "netIncome": -393000000, "netIncomeRatio": -0.19125949, "eps": -1.04, "epsdiluted": -1.04, "weightedAverageShsOut": 379000000, "weightedAverageShsOutDil": 379000000, "link": "https://www.sec.gov/Archives/edgar/data/1097864/000119312509040877/0001193125-09-040877-index.htm", "finalLink": "https://www.sec.gov/Archives/edgar/data/1097864/000119312509040877/d10k.htm", "calculatedOtherExpenses": 606500000, "calculatedOperatingExpenses": 1124300000, "calculatedNetInterest": -31400000, "calculatedOtherIncome": 8100000, "calculatedIncomeNonControlling": 300000, "calculatedEbitda": -355900000}, {"date": "2007-12-31", "symbol": "ON", "reportedCurrency": "USD", "cik": "0001097864", "fillingDate": "2008-02-12", "acceptedDate": "2008-02-12 06:17:16", "calendarYear": "2007", "period": "FY", "revenue": 1566200000, "costOfRevenue": 975700000, "grossProfit": 590500000, "grossProfitRatio": 0.3770271996, "researchAndDevelopmentExpenses": 133000000, "generalAndAdministrativeExpenses": 82700000, "sellingAndMarketingExpenses": 94600000, "sellingGeneralAndAdministrativeExpenses": 177300000, "otherExpenses": 3000000, "operatingExpenses": 310300000, "costAndExpenses": 1286000000, "interestIncome": 13000000, "interestExpense": -38800000, "depreciationAndAmortization": 96900000, "ebitda": 380200000, "ebitdaratio": 0.2427531605, "operatingIncome": 277200000, "operatingIncomeRatio": 0.1769888903, "totalOtherIncomeExpensesNet": -3100000, "incomeBeforeTax": 251300000, "incomeBeforeTaxRatio": 0.1604520495, "incomeTaxExpense": 7700000, "netIncome": 242200000, "netIncomeRatio": 0.1546418082, "eps": 0.83, "epsdiluted": 0.8, "weightedAverageShsOut": 290800000, "weightedAverageShsOutDil": 301200000, "link": "https://www.sec.gov/Archives/edgar/data/1097864/000119312508026462/0001193125-08-026462-index.htm", "finalLink": "https://www.sec.gov/Archives/edgar/data/1097864/000119312508026462/d10k.htm", "calculatedOtherExpenses": 3000000, "calculatedOperatingExpenses": 313300000, "calculatedNetInterest": 51800000, "calculatedOtherIncome": -77700000, "calculatedIncomeNonControlling": 1400000, "calculatedEbitda": 374100000}, {"date": "2006-12-31", "symbol": "ON", "reportedCurrency": "USD", "cik": "0001097864", "fillingDate": "2007-02-23", "acceptedDate": "2007-02-23 13:05:21", "calendarYear": "2006", "period": "FY", "revenue": 1531800000, "costOfRevenue": 942800000, "grossProfit": 589000000, "grossProfitRatio": 0.3845149497, "researchAndDevelopmentExpenses": 101200000, "generalAndAdministrativeExpenses": 86700000, "sellingAndMarketingExpenses": 91000000, "sellingGeneralAndAdministrativeExpenses": 177700000, "otherExpenses": 0, "operatingExpenses": 278900000, "costAndExpenses": 1221700000, "interestIncome": 11800000, "interestExpense": -51800000, "depreciationAndAmortization": 84200000, "ebitda": 388200000, "ebitdaratio": 0.2534273404, "operatingIncome": 317000000, "operatingIncomeRatio": 0.2069460765, "totalOtherIncomeExpensesNet": 6100000, "incomeBeforeTax": 276200000, "incomeBeforeTaxRatio": 0.1803107455, "incomeTaxExpense": 900000, "netIncome": 272100000, "netIncomeRatio": 0.1776341559, "eps": 0.85, "epsdiluted": 0.8, "weightedAverageShsOut": 319800000, "weightedAverageShsOutDil": 342100000, "link": "https://www.sec.gov/Archives/edgar/data/1097864/000119312507038100/0001193125-07-038100-index.htm", "finalLink": "https://www.sec.gov/Archives/edgar/data/1097864/000119312507038100/d10k.htm", "calculatedOtherExpenses": -6900000, "calculatedOperatingExpenses": 272000000, "calculatedNetInterest": 63600000, "calculatedOtherIncome": -104400000, "calculatedIncomeNonControlling": 3200000, "calculatedEbitda": 401200000}, {"date": "2005-12-31", "symbol": "ON", "reportedCurrency": "USD", "cik": "0001097864", "fillingDate": "2006-02-22", "acceptedDate": "2006-02-22 14:28:43", "calendarYear": "2005", "period": "FY", "revenue": 1260600000, "costOfRevenue": 842100000, "grossProfit": 418500000, "grossProfitRatio": 0.3319847692, "researchAndDevelopmentExpenses": 93700000, "generalAndAdministrativeExpenses": 74600000, "sellingAndMarketingExpenses": 79300000, "sellingGeneralAndAdministrativeExpenses": 153900000, "otherExpenses": 3300000, "operatingExpenses": 247600000, "costAndExpenses": 1089700000, "interestIncome": 5500000, "interestExpense": -61500000, "depreciationAndAmortization": 100700000, "ebitda": 277900000, "ebitdaratio": 0.2204505791, "operatingIncome": 167600000, "operatingIncomeRatio": 0.1329525623, "totalOtherIncomeExpensesNet": -6300000, "incomeBeforeTax": 108600000, "incomeBeforeTaxRatio": 0.0861494526, "incomeTaxExpense": 1500000, "netIncome": 100600000, "netIncomeRatio": 0.0798032683, "eps": 0.24, "epsdiluted": 0.21, "weightedAverageShsOut": 263300000, "weightedAverageShsOutDil": 296800000, "link": "https://www.sec.gov/Archives/edgar/data/1097864/000119312506036587/0001193125-06-036587-index.htm", "finalLink": "https://www.sec.gov/Archives/edgar/data/1097864/000119312506036587/d10k.htm", "calculatedOtherExpenses": 3300000, "calculatedOperatingExpenses": 250900000, "calculatedNetInterest": 67000000, "calculatedOtherIncome": -126000000, "calculatedIncomeNonControlling": 6500000, "calculatedEbitda": 268300000}, {"date": "2004-12-31", "symbol": "ON", "reportedCurrency": "USD", "cik": "0001097864", "fillingDate": "2005-03-31", "acceptedDate": "2005-03-31 13:57:52", "calendarYear": "2004", "period": "FY", "revenue": 1266900000, "costOfRevenue": 857000000, "grossProfit": 409900000, "grossProfitRatio": 0.3235456626, "researchAndDevelopmentExpenses": 94400000, "generalAndAdministrativeExpenses": 72200000, "sellingAndMarketingExpenses": 73800000, "sellingGeneralAndAdministrativeExpenses": 146000000, "otherExpenses": 19600000, "operatingExpenses": 240400000, "costAndExpenses": 1097400000, "interestIncome": 2200000, "interestExpense": -101200000, "depreciationAndAmortization": 109400000, "ebitda": 462400000, "ebitdaratio": 0.3649853974, "operatingIncome": 149900000, "operatingIncomeRatio": 0.1183203094, "totalOtherIncomeExpensesNet": -183500000, "incomeBeforeTax": -113000000, "incomeBeforeTaxRatio": -0.0891940958, "incomeTaxExpense": 7400000, "netIncome": -123700000, "netIncomeRatio": -0.0976399084, "eps": -0.5, "epsdiluted": -0.5, "weightedAverageShsOut": 247800000, "weightedAverageShsOutDil": 247800000, "link": "https://www.sec.gov/Archives/edgar/data/1097864/000119312505066747/0001193125-05-066747-index.htm", "finalLink": "https://www.sec.gov/Archives/edgar/data/1097864/000119312505066747/d10k.htm", "calculatedOtherExpenses": 19600000, "calculatedOperatingExpenses": 260000000, "calculatedNetInterest": 103400000, "calculatedOtherIncome": -366300000, "calculatedIncomeNonControlling": 3300000, "calculatedEbitda": 259300000}, {"date": "2003-12-31", "symbol": "ON", "reportedCurrency": "USD", "cik": "0001097864", "fillingDate": "2004-03-10", "acceptedDate": "2004-03-10 14:31:56", "calendarYear": "2003", "period": "FY", "revenue": 1069100000, "costOfRevenue": 768100000, "grossProfit": 301000000, "grossProfitRatio": 0.281545225, "researchAndDevelopmentExpenses": 85500000, "generalAndAdministrativeExpenses": 64900000, "sellingAndMarketingExpenses": 63000000, "sellingGeneralAndAdministrativeExpenses": 127900000, "otherExpenses": 5900000, "operatingExpenses": 219300000, "costAndExpenses": 987400000, "interestIncome": 2000000, "interestExpense": -151100000, "depreciationAndAmortization": 136500000, "ebitda": 287100000, "ebitdaratio": 0.2685436348, "operatingIncome": 20500000, "operatingIncomeRatio": 0.019175007, "totalOtherIncomeExpensesNet": -68900000, "incomeBeforeTax": -136300000, "incomeBeforeTaxRatio": -0.1274904125, "incomeTaxExpense": 7700000, "netIncome": -166700000, "netIncomeRatio": -0.1559255449, "eps": -0.89, "epsdiluted": -0.89, "weightedAverageShsOut": 187400000, "weightedAverageShsOutDil": 187400000, "link": "https://www.sec.gov/Archives/edgar/data/1097864/000119312504038086/0001193125-04-038086-index.htm", "finalLink": "https://www.sec.gov/Archives/edgar/data/1097864/000119312504038086/d10k.htm", "calculatedOtherExpenses": 67100000, "calculatedOperatingExpenses": 280500000, "calculatedNetInterest": 153100000, "calculatedOtherIncome": -309900000, "calculatedIncomeNonControlling": 22700000, "calculatedEbitda": 157000000}, {"date": "2002-12-31", "symbol": "ON", "reportedCurrency": "USD", "cik": "0001097864", "fillingDate": "2003-03-25", "acceptedDate": "2003-03-24 20:50:45", "calendarYear": "2002", "period": "FY", "revenue": 1084500000, "costOfRevenue": 799000000, "grossProfit": 285500000, "grossProfitRatio": 0.2632549562, "researchAndDevelopmentExpenses": 67900000, "generalAndAdministrativeExpenses": 102100000, "sellingAndMarketingExpenses": 61200000, "sellingGeneralAndAdministrativeExpenses": 163300000, "otherExpenses": 11900000, "operatingExpenses": 243100000, "costAndExpenses": 1042100000, "interestIncome": 0, "interestExpense": -145200000, "depreciationAndAmortization": 141500000, "ebitda": 211600000, "ebitdaratio": 0.1951129553, "operatingIncome": 14700000, "operatingIncomeRatio": 0.0135546335, "totalOtherIncomeExpensesNet": -23800000, "incomeBeforeTax": -126600000, "incomeBeforeTaxRatio": -0.116735823, "incomeTaxExpense": 8800000, "netIncome": -141900000, "netIncomeRatio": -0.1308437068, "eps": -0.81, "epsdiluted": -0.81, "weightedAverageShsOut": 175600000, "weightedAverageShsOutDil": 175600000, "link": "https://www.sec.gov/Archives/edgar/data/1097864/000095015303000532/0000950153-03-000532-index.htm", "finalLink": "https://www.sec.gov/Archives/edgar/data/1097864/000095015303000532/p67558e10vk.htm", "calculatedOtherExpenses": 39600000, "calculatedOperatingExpenses": 270800000, "calculatedNetInterest": 145200000, "calculatedOtherIncome": -286500000, "calculatedIncomeNonControlling": 6500000, "calculatedEbitda": 156200000}, {"date": "2001-12-31", "symbol": "ON", "reportedCurrency": "USD", "cik": "0001097864", "fillingDate": "2002-03-29", "acceptedDate": "2002-03-29 00:00:00", "calendarYear": "2001", "period": "FY", "revenue": 1214600000, "costOfRevenue": 1000000000, "grossProfit": 214600000, "grossProfitRatio": 0.1766836819, "researchAndDevelopmentExpenses": 80900000, "generalAndAdministrativeExpenses": 130900000, "sellingAndMarketingExpenses": 74800000, "sellingGeneralAndAdministrativeExpenses": 205700000, "otherExpenses": 22600000, "operatingExpenses": 309200000, "costAndExpenses": 1309200000, "interestIncome": 0, "interestExpense": -133500000, "depreciationAndAmortization": 171800000, "ebitda": 224500000, "ebitdaratio": 0.1848345134, "operatingIncome": -245000000, "operatingIncomeRatio": -0.2017124979, "totalOtherIncomeExpensesNet": -143300000, "incomeBeforeTax": -369300000, "incomeBeforeTaxRatio": -0.3040507163, "incomeTaxExpense": 345700000, "netIncome": -831400000, "netIncomeRatio": -0.6845051869, "eps": -4.79, "epsdiluted": -4.79, "weightedAverageShsOut": 173400000, "weightedAverageShsOutDil": 173400000, "link": "https://www.sec.gov/Archives/edgar/data/1097864/000095015302000606/0000950153-02-000606-index.htm", "finalLink": "https://www.sec.gov/Archives/edgar/data/1097864/000095015302000606/p66274e10-k405.htm", "calculatedOtherExpenses": 173000000, "calculatedOperatingExpenses": 459600000, "calculatedNetInterest": 133500000, "calculatedOtherIncome": -257800000, "calculatedIncomeNonControlling": 116400000, "calculatedEbitda": -73200000}, {"date": "2000-12-31", "symbol": "ON", "reportedCurrency": "USD", "cik": "0001097864", "fillingDate": "2001-03-30", "acceptedDate": "2001-03-30 00:00:00", "calendarYear": "2000", "period": "FY", "revenue": 2073900000, "costOfRevenue": 1355000000, "grossProfit": 718900000, "grossProfitRatio": 0.3466415931, "researchAndDevelopmentExpenses": 69200000, "generalAndAdministrativeExpenses": 233400000, "sellingAndMarketingExpenses": 100100000, "sellingGeneralAndAdministrativeExpenses": 333500000, "otherExpenses": 16800000, "operatingExpenses": 419500000, "costAndExpenses": 1774500000, "interestIncome": 0, "interestExpense": 131200000, "depreciationAndAmortization": 158900000, "ebitda": 462700000, "ebitdaratio": 0.223106225, "operatingIncome": 267700000, "operatingIncomeRatio": 0.1290804764, "totalOtherIncomeExpensesNet": -27300000, "incomeBeforeTax": 140900000, "incomeBeforeTaxRatio": 0.0679396306, "incomeTaxExpense": 50100000, "netIncome": 71100000, "netIncomeRatio": 0.0342832345, "eps": 0.36, "epsdiluted": 0.36, "weightedAverageShsOut": 156100000, "weightedAverageShsOutDil": 163421053, "link": "https://www.sec.gov/Archives/edgar/data/1097864/000095015301500189/0000950153-01-500189-index.htm", "finalLink": "https://www.sec.gov/Archives/edgar/data/1097864/000095015301500189/p64753e10-k.htm", "calculatedOtherExpenses": 48500000, "calculatedOperatingExpenses": 451200000, "calculatedNetInterest": -131200000, "calculatedOtherIncome": 4400000, "calculatedIncomeNonControlling": 19700000, "calculatedEbitda": 426600000}]}