{"originalCurrency": "USD", "convertedCurrency": "USD", "report": [{"date": "2023-12-31", "symbol": "ONBPO", "reportedCurrency": "USD", "cik": "0000707179", "fillingDate": "2024-02-22", "acceptedDate": "2024-02-22 10:40:35", "calendarYear": "2023", "period": "FY", "revenue": 1762241000, "costOfRevenue": 0, "grossProfit": 1762241000, "grossProfitRatio": 1, "researchAndDevelopmentExpenses": 0, "generalAndAdministrativeExpenses": 124658000, "sellingAndMarketingExpenses": 39511000, "sellingGeneralAndAdministrativeExpenses": 849372000, "otherExpenses": -341103000, "operatingExpenses": 1010939000, "costAndExpenses": 1010939000, "interestIncome": 333342000, "interestExpense": 703668000, "depreciationAndAmortization": 24155000, "ebitda": 775457000, "ebitdaratio": 0.4400402669, "operatingIncome": 751302000, "operatingIncomeRatio": 0.4263332881, "totalOtherIncomeExpensesNet": 751302000, "incomeBeforeTax": 751302000, "incomeBeforeTaxRatio": 0.4263332881, "incomeTaxExpense": 169310000, "netIncome": 581992000, "netIncomeRatio": 0.3302567583, "eps": 1.95, "epsdiluted": 1.94, "weightedAverageShsOut": 290748000, "weightedAverageShsOutDil": 291855000, "link": "https://www.sec.gov/Archives/edgar/data/707179/000070717924000006/0000707179-24-000006-index.htm", "finalLink": "https://www.sec.gov/Archives/edgar/data/707179/000070717924000006/onb-20231231.htm", "calculatedOtherExpenses": 161567000, "calculatedOperatingExpenses": 1010939000, "calculatedNetInterest": -370326000, "calculatedOtherIncome": 370326000, "calculatedIncomeNonControlling": 0, "calculatedEbitda": 775457000}, {"date": "2022-12-31", "symbol": "ONBPO", "reportedCurrency": "USD", "cik": "0000707179", "fillingDate": "2023-02-22", "acceptedDate": "2023-02-22 14:57:31", "calendarYear": "2022", "period": "FY", "revenue": 1727715000, "costOfRevenue": 0, "grossProfit": 1727715000, "grossProfitRatio": 1, "researchAndDevelopmentExpenses": 0, "generalAndAdministrativeExpenses": 594958000, "sellingAndMarketingExpenses": 32264000, "sellingGeneralAndAdministrativeExpenses": 627222000, "otherExpenses": -555912000, "operatingExpenses": 71310000, "costAndExpenses": 71310000, "interestIncome": 1454202000, "interestExpense": 126266000, "depreciationAndAmortization": 25857000, "ebitda": 696856000, "ebitdaratio": 0.4033396712, "operatingIncome": 670999000, "operatingIncomeRatio": 0.3883736612, "totalOtherIncomeExpensesNet": -126266000, "incomeBeforeTax": 544733000, "incomeBeforeTaxRatio": 0.3152910058, "incomeTaxExpense": 116446000, "netIncome": 428287000, "netIncomeRatio": 0.2478921581, "eps": 1.51, "epsdiluted": 1.5, "weightedAverageShsOut": 275179000, "weightedAverageShsOutDil": 276688000, "link": "https://www.sec.gov/Archives/edgar/data/707179/000070717923000008/0000707179-23-000008-index.htm", "finalLink": "https://www.sec.gov/Archives/edgar/data/707179/000070717923000008/onb-20221231.htm", "calculatedOtherExpenses": 429494000, "calculatedOperatingExpenses": 1056716000, "calculatedNetInterest": 1327936000, "calculatedOtherIncome": -1454202000, "calculatedIncomeNonControlling": 0, "calculatedEbitda": 696856000}, {"date": "2021-12-31", "symbol": "ONBPO", "reportedCurrency": "USD", "cik": "0000707179", "fillingDate": "2022-02-10", "acceptedDate": "2022-02-10 11:32:15", "calendarYear": "2021", "period": "FY", "revenue": 810619000, "costOfRevenue": 0, "grossProfit": 810619000, "grossProfitRatio": 1, "researchAndDevelopmentExpenses": 0, "generalAndAdministrativeExpenses": 347277000, "sellingAndMarketingExpenses": 12684000, "sellingGeneralAndAdministrativeExpenses": 359961000, "otherExpenses": -831718000, "operatingExpenses": -471757000, "costAndExpenses": -471757000, "interestIncome": 638649000, "interestExpense": 42249000, "depreciationAndAmortization": 11336000, "ebitda": 350198000, "ebitdaratio": 0.4320130666, "operatingIncome": 338862000, "operatingIncomeRatio": 0.4180286917, "totalOtherIncomeExpensesNet": 338862000, "incomeBeforeTax": 338862000, "incomeBeforeTaxRatio": 0.4180286917, "incomeTaxExpense": 61324000, "netIncome": 277538000, "netIncomeRatio": 0.3423778619, "eps": 1.68, "epsdiluted": 1.67, "weightedAverageShsOut": 165178000, "weightedAverageShsOutDil": 165929000, "link": "https://www.sec.gov/Archives/edgar/data/707179/000070717922000013/0000707179-22-000013-index.htm", "finalLink": "https://www.sec.gov/Archives/edgar/data/707179/000070717922000013/onb-20211231.htm", "calculatedOtherExpenses": 111796000, "calculatedOperatingExpenses": 471757000, "calculatedNetInterest": 596400000, "calculatedOtherIncome": -596400000, "calculatedIncomeNonControlling": 0, "calculatedEbitda": 350198000}, {"date": "2020-12-31", "symbol": "ONBPO", "reportedCurrency": "USD", "cik": "0000707179", "fillingDate": "2021-02-10", "acceptedDate": "2021-02-10 11:15:39", "calendarYear": "2020", "period": "FY", "revenue": 835368000, "costOfRevenue": 0, "grossProfit": 835368000, "grossProfitRatio": 1, "researchAndDevelopmentExpenses": 0, "generalAndAdministrativeExpenses": 351129000, "sellingAndMarketingExpenses": 10874000, "sellingGeneralAndAdministrativeExpenses": 362003000, "otherExpenses": -941815000, "operatingExpenses": -579812000, "costAndExpenses": -579812000, "interestIncome": 663308000, "interestExpense": 67214000, "depreciationAndAmortization": 14091000, "ebitda": 269647000, "ebitdaratio": 0.3227882801, "operatingIncome": 255556000, "operatingIncomeRatio": 0.3059202651, "totalOtherIncomeExpensesNet": 255556000, "incomeBeforeTax": 255556000, "incomeBeforeTaxRatio": 0.3059202651, "incomeTaxExpense": 29147000, "netIncome": 226409000, "netIncomeRatio": 0.2710290555, "eps": 1.37, "epsdiluted": 1.36, "weightedAverageShsOut": 165509000, "weightedAverageShsOutDil": 166177000, "link": "https://www.sec.gov/Archives/edgar/data/707179/000070717921000016/0000707179-21-000016-index.htm", "finalLink": "https://www.sec.gov/Archives/edgar/data/707179/000070717921000016/onb-20201231.htm", "calculatedOtherExpenses": 217809000, "calculatedOperatingExpenses": 579812000, "calculatedNetInterest": 596094000, "calculatedOtherIncome": -596094000, "calculatedIncomeNonControlling": 0, "calculatedEbitda": 269647000}, {"date": "2019-12-31", "symbol": "ONBPO", "reportedCurrency": "USD", "cik": "0000707179", "fillingDate": "2020-02-12", "acceptedDate": "2020-02-12 10:19:57", "calendarYear": "2019", "period": "FY", "revenue": 796337000, "costOfRevenue": 0, "grossProfit": 796337000, "grossProfitRatio": 1, "researchAndDevelopmentExpenses": 0, "generalAndAdministrativeExpenses": 343773000, "sellingAndMarketingExpenses": 15898000, "sellingGeneralAndAdministrativeExpenses": 359671000, "otherExpenses": -865652000, "operatingExpenses": -505981000, "costAndExpenses": -505981000, "interestIncome": 730387000, "interestExpense": 126114000, "depreciationAndAmortization": 16911000, "ebitda": 307267000, "ebitdaratio": 0.3858504628, "operatingIncome": 290356000, "operatingIncomeRatio": 0.3646144785, "totalOtherIncomeExpensesNet": 290356000, "incomeBeforeTax": 290356000, "incomeBeforeTaxRatio": 0.3646144785, "incomeTaxExpense": 52150000, "netIncome": 238206000, "netIncomeRatio": 0.2991271283, "eps": 1.39, "epsdiluted": 1.38, "weightedAverageShsOut": 171907000, "weightedAverageShsOutDil": 172687000, "link": "https://www.sec.gov/Archives/edgar/data/707179/000156459020004289/0001564590-20-004289-index.htm", "finalLink": "https://www.sec.gov/Archives/edgar/data/707179/000156459020004289/onb-10k_20191231.htm", "calculatedOtherExpenses": 146310000, "calculatedOperatingExpenses": 505981000, "calculatedNetInterest": 604273000, "calculatedOtherIncome": -604273000, "calculatedIncomeNonControlling": 0, "calculatedEbitda": 307267000}, {"date": "2018-12-31", "symbol": "ONBPO", "reportedCurrency": "USD", "cik": "0000707179", "fillingDate": "2019-02-12", "acceptedDate": "2019-02-12 14:55:43", "calendarYear": "2018", "period": "FY", "revenue": 711890000, "costOfRevenue": 0, "grossProfit": 711890000, "grossProfitRatio": 1, "researchAndDevelopmentExpenses": 0, "generalAndAdministrativeExpenses": 341966000, "sellingAndMarketingExpenses": 15847000, "sellingGeneralAndAdministrativeExpenses": 357813000, "otherExpenses": -766580000, "operatingExpenses": -408767000, "costAndExpenses": -408767000, "interestIncome": 632045000, "interestExpense": 94443000, "depreciationAndAmortization": 14442000, "ebitda": 341338000, "ebitdaratio": 0.4794813806, "operatingIncome": 303123000, "operatingIncomeRatio": 0.4258003343, "totalOtherIncomeExpensesNet": -94443000, "incomeBeforeTax": 208680000, "incomeBeforeTaxRatio": 0.2931351754, "incomeTaxExpense": 17850000, "netIncome": 190830000, "netIncomeRatio": 0.2680610769, "eps": 1.23, "epsdiluted": 1.22, "weightedAverageShsOut": 155675000, "weightedAverageShsOutDil": 156539000, "link": "https://www.sec.gov/Archives/edgar/data/707179/000156459019002651/0001564590-19-002651-index.htm", "finalLink": "https://www.sec.gov/Archives/edgar/data/707179/000156459019002651/onb-10k_20181231.htm", "calculatedOtherExpenses": 50954000, "calculatedOperatingExpenses": 408767000, "calculatedNetInterest": 537602000, "calculatedOtherIncome": -632045000, "calculatedIncomeNonControlling": 0, "calculatedEbitda": 317565000}, {"date": "2017-12-31", "symbol": "ONBPO", "reportedCurrency": "USD", "cik": "0000707179", "fillingDate": "2018-02-15", "acceptedDate": "2018-02-15 10:59:52", "calendarYear": "2017", "period": "FY", "revenue": 613954000, "costOfRevenue": 0, "grossProfit": 613954000, "grossProfitRatio": 1, "researchAndDevelopmentExpenses": 0, "generalAndAdministrativeExpenses": 300214000, "sellingAndMarketingExpenses": 13172000, "sellingGeneralAndAdministrativeExpenses": 313386000, "otherExpenses": 0, "operatingExpenses": 30012000, "costAndExpenses": 30012000, "interestIncome": 495336000, "interestExpense": 58168000, "depreciationAndAmortization": 11841000, "ebitda": 260856000, "ebitdaratio": 0.4248787368, "operatingIncome": 249015000, "operatingIncomeRatio": 0.4055922756, "totalOtherIncomeExpensesNet": -80351000, "incomeBeforeTax": 168664000, "incomeBeforeTaxRatio": 0.2747176499, "incomeTaxExpense": 72939000, "netIncome": 95725000, "netIncomeRatio": 0.1559155898, "eps": 0.69, "epsdiluted": 0.69, "weightedAverageShsOut": 137821000, "weightedAverageShsOutDil": 138513000, "link": "https://www.sec.gov/Archives/edgar/data/707179/000119312518046746/0001193125-18-046746-index.htm", "finalLink": "https://www.sec.gov/Archives/edgar/data/707179/000119312518046746/d503702d10k.htm", "calculatedOtherExpenses": 51553000, "calculatedOperatingExpenses": 364939000, "calculatedNetInterest": 437168000, "calculatedOtherIncome": -517519000, "calculatedIncomeNonControlling": 0, "calculatedEbitda": 260856000}, {"date": "2016-12-31", "symbol": "ONBPO", "reportedCurrency": "USD", "cik": "0000707179", "fillingDate": "2017-02-16", "acceptedDate": "2017-02-16 09:32:59", "calendarYear": "2016", "period": "FY", "revenue": 605804000, "costOfRevenue": 0, "grossProfit": 605804000, "grossProfitRatio": 1, "researchAndDevelopmentExpenses": 0, "generalAndAdministrativeExpenses": 306399000, "sellingAndMarketingExpenses": 14620000, "sellingGeneralAndAdministrativeExpenses": 321019000, "otherExpenses": 0, "operatingExpenses": 30325000, "costAndExpenses": 30325000, "interestIncome": 447134000, "interestExpense": 44431000, "depreciationAndAmortization": 12486000, "ebitda": 273901000, "ebitdaratio": 0.452128081, "operatingIncome": 261415000, "operatingIncomeRatio": 0.4315174545, "totalOtherIncomeExpensesNet": -60989000, "incomeBeforeTax": 200426000, "incomeBeforeTaxRatio": 0.3308429789, "incomeTaxExpense": 66162000, "netIncome": 134264000, "netIncomeRatio": 0.2216294379, "eps": 1.05, "epsdiluted": 1.05, "weightedAverageShsOut": 127705000, "weightedAverageShsOutDil": 128301000, "link": "https://www.sec.gov/Archives/edgar/data/707179/000119312517046004/0001193125-17-046004-index.htm", "finalLink": "https://www.sec.gov/Archives/edgar/data/707179/000119312517046004/d293667d10k.htm", "calculatedOtherExpenses": 23370000, "calculatedOperatingExpenses": 344389000, "calculatedNetInterest": 402703000, "calculatedOtherIncome": -463692000, "calculatedIncomeNonControlling": 0, "calculatedEbitda": 273901000}, {"date": "2015-12-31", "symbol": "ONBPO", "reportedCurrency": "USD", "cik": "0000707179", "fillingDate": "2016-02-26", "acceptedDate": "2016-02-26 09:17:37", "calendarYear": "2015", "period": "FY", "revenue": 599409000, "costOfRevenue": 15627000, "grossProfit": 583782000, "grossProfitRatio": 0.9739293204, "researchAndDevelopmentExpenses": 0, "generalAndAdministrativeExpenses": 290548000, "sellingAndMarketingExpenses": 10410000, "sellingGeneralAndAdministrativeExpenses": 300958000, "otherExpenses": 0, "operatingExpenses": 22166000, "costAndExpenses": 37793000, "interestIncome": 399189000, "interestExpense": 33073000, "depreciationAndAmortization": 11746000, "ebitda": 221813000, "ebitdaratio": 0.3700528354, "operatingIncome": 210067000, "operatingIncomeRatio": 0.3504568667, "totalOtherIncomeExpensesNet": -47174000, "incomeBeforeTax": 162893000, "incomeBeforeTaxRatio": 0.271756013, "incomeTaxExpense": 46177000, "netIncome": 116716000, "netIncomeRatio": 0.1947184644, "eps": 1.01, "epsdiluted": 1, "weightedAverageShsOut": 115726000, "weightedAverageShsOutDil": 116255000, "link": "https://www.sec.gov/Archives/edgar/data/707179/000119312516479833/0001193125-16-479833-index.htm", "finalLink": "https://www.sec.gov/Archives/edgar/data/707179/000119312516479833/d67688d10k.htm", "calculatedOtherExpenses": 72757000, "calculatedOperatingExpenses": 373715000, "calculatedNetInterest": 366116000, "calculatedOtherIncome": -413290000, "calculatedIncomeNonControlling": 0, "calculatedEbitda": 221813000}, {"date": "2014-12-31", "symbol": "ONBPO", "reportedCurrency": "USD", "cik": "0000707179", "fillingDate": "2015-02-25", "acceptedDate": "2015-02-25 09:22:07", "calendarYear": "2014", "period": "FY", "revenue": 568400000, "costOfRevenue": 0, "grossProfit": 568400000, "grossProfitRatio": 1.000270935960591, "researchAndDevelopmentExpenses": 0, "generalAndAdministrativeExpenses": 264500000, "sellingAndMarketingExpenses": 9600000, "sellingGeneralAndAdministrativeExpenses": 274100000, "otherExpenses": 0, "operatingExpenses": 25981000, "costAndExpenses": 25827000, "interestIncome": 389700000, "interestExpense": 23400000, "depreciationAndAmortization": 9100000, "ebitda": 186809000, "ebitdaratio": 0.3286576355, "operatingIncome": 177709000, "operatingIncomeRatio": 0.3126477833, "totalOtherIncomeExpensesNet": -35709000, "incomeBeforeTax": 142000000, "incomeBeforeTaxRatio": 0.2498240676, "incomeTaxExpense": 38300000, "netIncome": 103700000, "netIncomeRatio": 0.1824419423, "eps": 0.96, "epsdiluted": 0.95, "weightedAverageShsOut": 107818000, "weightedAverageShsOutDil": 108365000, "link": "https://www.sec.gov/Archives/edgar/data/707179/000119312515061347/0001193125-15-061347-index.htm", "finalLink": "https://www.sec.gov/Archives/edgar/data/707179/000119312515061347/d835306d10k.htm", "calculatedOtherExpenses": 116591000, "calculatedOperatingExpenses": 390691000, "calculatedNetInterest": 366300000, "calculatedOtherIncome": -402009000, "calculatedIncomeNonControlling": 0, "calculatedEbitda": 186809000}, {"date": "2013-12-31", "symbol": "ONBPO", "reportedCurrency": "USD", "cik": "0000707179", "fillingDate": "2014-02-25", "acceptedDate": "2014-02-25 10:05:57", "calendarYear": "2013", "period": "FY", "revenue": 504500000, "costOfRevenue": 2896000, "grossProfit": 501604000, "grossProfitRatio": 0.994259663, "researchAndDevelopmentExpenses": 0, "generalAndAdministrativeExpenses": 242000000, "sellingAndMarketingExpenses": 7200000, "sellingGeneralAndAdministrativeExpenses": 249200000, "otherExpenses": 0, "operatingExpenses": 19160000, "costAndExpenses": 22056000, "interestIncome": 341800000, "interestExpense": 24400000, "depreciationAndAmortization": 19389000, "ebitda": 186292000, "ebitdaratio": 0.3692606541, "operatingIncome": 166903000, "operatingIncomeRatio": 0.3308285431, "totalOtherIncomeExpensesNet": -24403000, "incomeBeforeTax": 142500000, "incomeBeforeTaxRatio": 0.2824578791, "incomeTaxExpense": 41600000, "netIncome": 100900000, "netIncomeRatio": 0.2, "eps": 1, "epsdiluted": 1, "weightedAverageShsOut": 100712000, "weightedAverageShsOutDil": 101198000, "link": "https://www.sec.gov/Archives/edgar/data/707179/000119312514066352/0001193125-14-066352-index.htm", "finalLink": "https://www.sec.gov/Archives/edgar/data/707179/000119312514066352/d647754d10k.htm", "calculatedOtherExpenses": 85501000, "calculatedOperatingExpenses": 334701000, "calculatedNetInterest": 317400000, "calculatedOtherIncome": -341803000, "calculatedIncomeNonControlling": 0, "calculatedEbitda": 186292000}, {"date": "2012-12-31", "symbol": "ONBPO", "reportedCurrency": "USD", "cik": "0000707179", "fillingDate": "2013-02-26", "acceptedDate": "2013-02-26 09:38:52", "calendarYear": "2012", "period": "FY", "revenue": 494900000, "costOfRevenue": 0, "grossProfit": 494900000, "grossProfitRatio": 1.0000222267124672, "researchAndDevelopmentExpenses": 0, "generalAndAdministrativeExpenses": 235500000, "sellingAndMarketingExpenses": 7500000, "sellingGeneralAndAdministrativeExpenses": 243000000, "otherExpenses": 0, "operatingExpenses": 19481000, "costAndExpenses": 19470000, "interestIncome": 344700000, "interestExpense": 35900000, "depreciationAndAmortization": 19247000, "ebitda": 182974000, "ebitdaratio": 0.3697191352, "operatingIncome": 163727000, "operatingIncomeRatio": 0.3308284502, "totalOtherIncomeExpensesNet": -35927000, "incomeBeforeTax": 127800000, "incomeBeforeTaxRatio": 0.2582339867, "incomeTaxExpense": 36100000, "netIncome": 91700000, "netIncomeRatio": 0.1852899576, "eps": 0.95, "epsdiluted": 0.95, "weightedAverageShsOut": 96440000, "weightedAverageShsOutDil": 96833000, "link": "https://www.sec.gov/Archives/edgar/data/707179/000119312513075541/0001193125-13-075541-index.htm", "finalLink": "https://www.sec.gov/Archives/edgar/data/707179/000119312513075541/d490111d10k.htm", "calculatedOtherExpenses": 88173000, "calculatedOperatingExpenses": 331173000, "calculatedNetInterest": 308800000, "calculatedOtherIncome": -344727000, "calculatedIncomeNonControlling": 0, "calculatedEbitda": 182974000}, {"date": "2011-12-31", "symbol": "ONBPO", "reportedCurrency": "USD", "cik": "0000707179", "fillingDate": "2012-02-27", "acceptedDate": "2012-02-27 12:39:25", "calendarYear": "2011", "period": "FY", "revenue": 455800000, "costOfRevenue": 44000, "grossProfit": 455756000, "grossProfitRatio": 0.9999034664, "researchAndDevelopmentExpenses": 0, "generalAndAdministrativeExpenses": 238900000, "sellingAndMarketingExpenses": 6000000, "sellingGeneralAndAdministrativeExpenses": 244900000, "otherExpenses": 0, "operatingExpenses": 20949000, "costAndExpenses": 20993000, "interestIncome": 326600000, "interestExpense": 53700000, "depreciationAndAmortization": 18503000, "ebitda": 171985000, "ebitdaratio": 0.3773255814, "operatingIncome": 153482000, "operatingIncomeRatio": 0.3367310224, "totalOtherIncomeExpensesNet": -53682000, "incomeBeforeTax": 99800000, "incomeBeforeTaxRatio": 0.2189556823, "incomeTaxExpense": 27300000, "netIncome": 72500000, "netIncomeRatio": 0.1590609917, "eps": 0.76, "epsdiluted": 0.76, "weightedAverageShsOut": 94467000, "weightedAverageShsOutDil": 94772000, "link": "https://www.sec.gov/Archives/edgar/data/707179/000119312512080700/0001193125-12-080700-index.htm", "finalLink": "https://www.sec.gov/Archives/edgar/data/707179/000119312512080700/d303429d10k.htm", "calculatedOtherExpenses": 57374000, "calculatedOperatingExpenses": 302274000, "calculatedNetInterest": 272900000, "calculatedOtherIncome": -326582000, "calculatedIncomeNonControlling": 0, "calculatedEbitda": 171985000}, {"date": "2010-12-31", "symbol": "ONBPO", "reportedCurrency": "USD", "cik": "0000707179", "fillingDate": "2011-02-25", "acceptedDate": "2011-02-25 13:53:13", "calendarYear": "2010", "period": "FY", "revenue": 402048000, "costOfRevenue": 9555000, "grossProfit": 392493000, "grossProfitRatio": 0.976234181, "researchAndDevelopmentExpenses": 0, "generalAndAdministrativeExpenses": 213118000, "sellingAndMarketingExpenses": 5720000, "sellingGeneralAndAdministrativeExpenses": 218838000, "otherExpenses": 3927000, "operatingExpenses": 13973000, "costAndExpenses": 23528000, "interestIncome": 231898000, "interestExpense": 78432000, "depreciationAndAmortization": 15119000, "ebitda": 137031000, "ebitdaratio": 0.3408324379, "operatingIncome": 121912000, "operatingIncomeRatio": 0.3032274753, "totalOtherIncomeExpensesNet": -64950000, "incomeBeforeTax": 56962000, "incomeBeforeTaxRatio": 0.1416796004, "incomeTaxExpense": 18748000, "netIncome": 38214000, "netIncomeRatio": 0.0950483524, "eps": 0.44, "epsdiluted": 0.44, "weightedAverageShsOut": 86785000, "weightedAverageShsOutDil": 86928000, "link": "https://www.sec.gov/Archives/edgar/data/707179/000095012311018495/0000950123-11-018495-index.htm", "finalLink": "https://www.sec.gov/Archives/edgar/data/707179/000095012311018495/c13057e10vk.htm", "calculatedOtherExpenses": 51743000, "calculatedOperatingExpenses": 270581000, "calculatedNetInterest": 153466000, "calculatedOtherIncome": -218416000, "calculatedIncomeNonControlling": 0, "calculatedEbitda": 137031000}, {"date": "2009-12-31", "symbol": "ONBPO", "reportedCurrency": "USD", "cik": "0000707179", "fillingDate": "2010-02-26", "acceptedDate": "2010-02-26 10:22:01", "calendarYear": "2009", "period": "FY", "revenue": 415690000, "costOfRevenue": 0, "grossProfit": 415690000, "grossProfitRatio": 1.009535952272126, "researchAndDevelopmentExpenses": 0, "generalAndAdministrativeExpenses": 229731000, "sellingAndMarketingExpenses": 9578000, "sellingGeneralAndAdministrativeExpenses": 239309000, "otherExpenses": 24795000, "operatingExpenses": 19069000, "costAndExpenses": 15105000, "interestIncome": 252230000, "interestExpense": 109278000, "depreciationAndAmortization": 15361000, "ebitda": 117262000, "ebitdaratio": 0.282090019, "operatingIncome": 101901000, "operatingIncomeRatio": 0.2451370011, "totalOtherIncomeExpensesNet": -88447000, "incomeBeforeTax": 13454000, "incomeBeforeTaxRatio": 0.0323654646, "incomeTaxExpense": -283000, "netIncome": 13737000, "netIncomeRatio": 0.0330462604, "eps": 0.14, "epsdiluted": 0.14, "weightedAverageShsOut": 71314000, "weightedAverageShsOutDil": 71367000, "link": "https://www.sec.gov/Archives/edgar/data/707179/000095012310017642/0000950123-10-017642-index.htm", "finalLink": "https://www.sec.gov/Archives/edgar/data/707179/000095012310017642/c96824e10vk.htm", "calculatedOtherExpenses": 74480000, "calculatedOperatingExpenses": 313789000, "calculatedNetInterest": 142952000, "calculatedOtherIncome": -231399000, "calculatedIncomeNonControlling": 0, "calculatedEbitda": 117262000}, {"date": "2008-12-31", "symbol": "ONBPO", "reportedCurrency": "USD", "cik": "0000707179", "fillingDate": "2009-02-27", "acceptedDate": "2009-02-27 10:02:52", "calendarYear": "2008", "period": "FY", "revenue": 429620000, "costOfRevenue": 19326000, "grossProfit": 410294000, "grossProfitRatio": 0.9550160607, "researchAndDevelopmentExpenses": 0, "generalAndAdministrativeExpenses": 199335000, "sellingAndMarketingExpenses": 9554000, "sellingGeneralAndAdministrativeExpenses": 208889000, "otherExpenses": 0, "operatingExpenses": 16741000, "costAndExpenses": 36067000, "interestIncome": 262651000, "interestExpense": 149197000, "depreciationAndAmortization": 10302000, "ebitda": 221100000, "ebitdaratio": 0.5146408454, "operatingIncome": 210798000, "operatingIncomeRatio": 0.4906615148, "totalOtherIncomeExpensesNet": -129871000, "incomeBeforeTax": 80927000, "incomeBeforeTaxRatio": 0.188368791, "incomeTaxExpense": 18449000, "netIncome": 62478000, "netIncomeRatio": 0.1454261906, "eps": 0.95, "epsdiluted": 0.95, "weightedAverageShsOut": 65660000, "weightedAverageShsOutDil": 65776000, "link": "https://www.sec.gov/Archives/edgar/data/707179/000136231009002907/0001362310-09-002907-index.htm", "finalLink": "https://www.sec.gov/Archives/edgar/data/707179/000136231009002907/c81700e10vk.htm", "calculatedOtherExpenses": -9393000, "calculatedOperatingExpenses": 199496000, "calculatedNetInterest": 113454000, "calculatedOtherIncome": -243325000, "calculatedIncomeNonControlling": 0, "calculatedEbitda": 221100000}, {"date": "2007-12-31", "symbol": "ONBPO", "reportedCurrency": "USD", "cik": "0000707179", "fillingDate": "2008-02-27", "acceptedDate": "2008-02-27 13:47:25", "calendarYear": "2007", "period": "FY", "revenue": 374329000, "costOfRevenue": 0, "grossProfit": 374329000, "grossProfitRatio": 1, "researchAndDevelopmentExpenses": 0, "generalAndAdministrativeExpenses": 163722000, "sellingAndMarketingExpenses": 8407000, "sellingGeneralAndAdministrativeExpenses": 172129000, "otherExpenses": 0, "operatingExpenses": 16112000, "costAndExpenses": 16112000, "interestIncome": 461368000, "interestExpense": 242177000, "depreciationAndAmortization": 8841000, "ebitda": 343231000, "ebitdaratio": 0.9169233482, "operatingIncome": 74890000, "operatingIncomeRatio": 0.200064649, "totalOtherIncomeExpensesNet": 17323000, "incomeBeforeTax": 92213000, "incomeBeforeTaxRatio": 0.2463421215, "incomeTaxExpense": 17323000, "netIncome": 74890000, "netIncomeRatio": 0.200064649, "eps": 1.14, "epsdiluted": 1.14, "weightedAverageShsOut": 65684000, "weightedAverageShsOutDil": 65750000, "link": "https://www.sec.gov/Archives/edgar/data/707179/000136231008001143/0001362310-08-001143-index.htm", "finalLink": "https://www.sec.gov/Archives/edgar/data/707179/000136231008001143/c72549e10vk.htm", "calculatedOtherExpenses": 127310000, "calculatedOperatingExpenses": 299439000, "calculatedNetInterest": 219191000, "calculatedOtherIncome": -201868000, "calculatedIncomeNonControlling": 0, "calculatedEbitda": 83731000}, {"date": "2006-12-31", "symbol": "ONBPO", "reportedCurrency": "USD", "cik": "0000707179", "fillingDate": "2007-03-01", "acceptedDate": "2007-03-01 10:53:26", "calendarYear": "2006", "period": "FY", "revenue": 363601000, "costOfRevenue": 0, "grossProfit": 363601000, "grossProfitRatio": 1, "researchAndDevelopmentExpenses": 0, "generalAndAdministrativeExpenses": 157622000, "sellingAndMarketingExpenses": 10400000, "sellingGeneralAndAdministrativeExpenses": 168022000, "otherExpenses": 0, "operatingExpenses": 18002000, "costAndExpenses": 18002000, "interestIncome": 451713000, "interestExpense": 238996000, "depreciationAndAmortization": 13035000, "ebitda": 346978000, "ebitdaratio": 0.954282304, "operatingIncome": 79373000, "operatingIncomeRatio": 0.2182969794, "totalOtherIncomeExpensesNet": 15574000, "incomeBeforeTax": 94947000, "incomeBeforeTaxRatio": 0.2611296449, "incomeTaxExpense": 15574000, "netIncome": 79373000, "netIncomeRatio": 0.2182969794, "eps": 1.2, "epsdiluted": 1.2, "weightedAverageShsOut": 66144167, "weightedAverageShsOutDil": 66144167, "link": "https://www.sec.gov/Archives/edgar/data/707179/000095013707003067/0000950137-07-003067-index.htm", "finalLink": "https://www.sec.gov/Archives/edgar/data/707179/000095013707003067/c12800e10vk.htm", "calculatedOtherExpenses": 116206000, "calculatedOperatingExpenses": 284228000, "calculatedNetInterest": 212717000, "calculatedOtherIncome": -197143000, "calculatedIncomeNonControlling": 0, "calculatedEbitda": 92408000}, {"date": "2005-12-31", "symbol": "ONBPO", "reportedCurrency": "USD", "cik": "0000707179", "fillingDate": "2006-03-08", "acceptedDate": "2006-03-08 17:02:47", "calendarYear": "2005", "period": "FY", "revenue": 379050000, "costOfRevenue": 0, "grossProfit": 379050000, "grossProfitRatio": 1, "researchAndDevelopmentExpenses": 0, "generalAndAdministrativeExpenses": 147782000, "sellingAndMarketingExpenses": 8323000, "sellingGeneralAndAdministrativeExpenses": 156105000, "otherExpenses": 0, "operatingExpenses": 17620000, "costAndExpenses": 17620000, "interestIncome": 425239000, "interestExpense": 206087000, "depreciationAndAmortization": 24492000, "ebitda": 309597000, "ebitdaratio": 0.8167708746, "operatingIncome": 78589000, "operatingIncomeRatio": 0.2073314866, "totalOtherIncomeExpensesNet": 15254000, "incomeBeforeTax": 93843000, "incomeBeforeTaxRatio": 0.2475741987, "incomeTaxExpense": 15254000, "netIncome": 63764000, "netIncomeRatio": 0.1682205514, "eps": 0.94, "epsdiluted": 0.93, "weightedAverageShsOut": 67834043, "weightedAverageShsOutDil": 68563441, "link": "https://www.sec.gov/Archives/edgar/data/707179/000095013706002743/0000950137-06-002743-index.htm", "finalLink": "https://www.sec.gov/Archives/edgar/data/707179/000095013706002743/c01742e10vk.htm", "calculatedOtherExpenses": 144356000, "calculatedOperatingExpenses": 300461000, "calculatedNetInterest": 219152000, "calculatedOtherIncome": -203898000, "calculatedIncomeNonControlling": 14825000, "calculatedEbitda": 103081000}, {"date": "2004-12-31", "symbol": "ONBPO", "reportedCurrency": "USD", "cik": "0000707179", "fillingDate": "2005-03-16", "acceptedDate": "2005-03-16 09:23:17", "calendarYear": "2004", "period": "FY", "revenue": 432970000, "costOfRevenue": 0, "grossProfit": 432970000, "grossProfitRatio": 1, "researchAndDevelopmentExpenses": 0, "generalAndAdministrativeExpenses": 192718000, "sellingAndMarketingExpenses": 10051000, "sellingGeneralAndAdministrativeExpenses": 202769000, "otherExpenses": -394705000, "operatingExpenses": -191936000, "costAndExpenses": -191936000, "interestIncome": 417198000, "interestExpense": 166391000, "depreciationAndAmortization": 21125000, "ebitda": 262159000, "ebitdaratio": 0.6054899878, "operatingIncome": 241034000, "operatingIncomeRatio": 0.5566990785, "totalOtherIncomeExpensesNet": -166391000, "incomeBeforeTax": 74643000, "incomeBeforeTaxRatio": 0.1723976257, "incomeTaxExpense": 7072000, "netIncome": 67571000, "netIncomeRatio": 0.1560639305, "eps": 0.91, "epsdiluted": 0.9, "weightedAverageShsOut": 69301099, "weightedAverageShsOutDil": 70071111, "link": "https://www.sec.gov/Archives/edgar/data/707179/000095013705003063/0000950137-05-003063-index.htm", "finalLink": "https://www.sec.gov/Archives/edgar/data/707179/000095013705003063/c92672e10vk.txt", "calculatedOtherExpenses": -10833000, "calculatedOperatingExpenses": 191936000, "calculatedNetInterest": 250807000, "calculatedOtherIncome": -417198000, "calculatedIncomeNonControlling": 0, "calculatedEbitda": 262159000}, {"date": "2003-12-31", "symbol": "ONBPO", "reportedCurrency": "USD", "cik": "0000707179", "fillingDate": "2004-03-15", "acceptedDate": "2004-03-15 11:15:19", "calendarYear": "2003", "period": "FY", "revenue": 464156000, "costOfRevenue": 0, "grossProfit": 464156000, "grossProfitRatio": 1, "researchAndDevelopmentExpenses": 0, "generalAndAdministrativeExpenses": 169025000, "sellingAndMarketingExpenses": 11085000, "sellingGeneralAndAdministrativeExpenses": 180110000, "otherExpenses": -367085000, "operatingExpenses": -186975000, "costAndExpenses": -186975000, "interestIncome": 469748000, "interestExpense": 197741000, "depreciationAndAmortization": 28102000, "ebitda": 305283000, "ebitdaratio": 0.6577163712, "operatingIncome": 277181000, "operatingIncomeRatio": 0.5971720715, "totalOtherIncomeExpensesNet": -197741000, "incomeBeforeTax": 79440000, "incomeBeforeTaxRatio": 0.171149355, "incomeTaxExpense": 9027000, "netIncome": 70413000, "netIncomeRatio": 0.1517011522, "eps": 1.01, "epsdiluted": 0.93, "weightedAverageShsOut": 70153177, "weightedAverageShsOutDil": 75712903, "link": "https://www.sec.gov/Archives/edgar/data/707179/000070717904000052/0000707179-04-000052-index.htm", "finalLink": "https://www.sec.gov/Archives/edgar/data/707179/000070717904000052/onb-03k.txt", "calculatedOtherExpenses": 6865000, "calculatedOperatingExpenses": 186975000, "calculatedNetInterest": 272007000, "calculatedOtherIncome": -469748000, "calculatedIncomeNonControlling": 0, "calculatedEbitda": 305283000}, {"date": "2002-12-31", "symbol": "ONBPO", "reportedCurrency": "USD", "cik": "0000707179", "fillingDate": "2003-03-12", "acceptedDate": "2003-03-12 13:44:43", "calendarYear": "2002", "period": "FY", "revenue": 443926000, "costOfRevenue": 0, "grossProfit": 443926000, "grossProfitRatio": 1, "researchAndDevelopmentExpenses": 0, "generalAndAdministrativeExpenses": 148450000, "sellingAndMarketingExpenses": 11026000, "sellingGeneralAndAdministrativeExpenses": 159476000, "otherExpenses": -192867000, "operatingExpenses": -33391000, "costAndExpenses": -33391000, "interestIncome": 547383000, "interestExpense": 257954000, "depreciationAndAmortization": 20649000, "ebitda": 431184000, "ebitdaratio": 0.971297018, "operatingIncome": 410535000, "operatingIncomeRatio": 0.9247825088, "totalOtherIncomeExpensesNet": -257954000, "incomeBeforeTax": 152581000, "incomeBeforeTaxRatio": 0.3437081856, "incomeTaxExpense": 34649000, "netIncome": 117932000, "netIncomeRatio": 0.2656568888, "eps": 1.67, "epsdiluted": 1.67, "weightedAverageShsOut": 70535745, "weightedAverageShsOutDil": 70673557, "link": "https://www.sec.gov/Archives/edgar/data/707179/000070717903000066/0000707179-03-000066-index.htm", "finalLink": "https://www.sec.gov/Archives/edgar/data/707179/000070717903000066/onbsec10k1202.htm", "calculatedOtherExpenses": -126085000, "calculatedOperatingExpenses": 33391000, "calculatedNetInterest": 289429000, "calculatedOtherIncome": -547383000, "calculatedIncomeNonControlling": 0, "calculatedEbitda": 431184000}, {"date": "2001-12-31", "symbol": "ONBPO", "reportedCurrency": "USD", "cik": "0000707179", "fillingDate": "2002-03-14", "acceptedDate": "2002-03-14 00:00:00", "calendarYear": "2001", "period": "FY", "revenue": 404266000, "costOfRevenue": 0, "grossProfit": 404266000, "grossProfitRatio": 1, "researchAndDevelopmentExpenses": 0, "generalAndAdministrativeExpenses": 138210000, "sellingAndMarketingExpenses": 8109000, "sellingGeneralAndAdministrativeExpenses": 146319000, "otherExpenses": -91423000, "operatingExpenses": 54896000, "costAndExpenses": 54896000, "interestIncome": 629707000, "interestExpense": 338408000, "depreciationAndAmortization": 20421000, "ebitda": 479583000, "ebitdaratio": 1.1863055513, "operatingIncome": 459162000, "operatingIncomeRatio": 1.1357917807, "totalOtherIncomeExpensesNet": -338408000, "incomeBeforeTax": 120754000, "incomeBeforeTaxRatio": 0.2986993712, "incomeTaxExpense": 27710000, "netIncome": 93044000, "netIncomeRatio": 0.2301553927, "eps": 1.29, "epsdiluted": 1.29, "weightedAverageShsOut": 71931510, "weightedAverageShsOutDil": 72038452, "link": "https://www.sec.gov/Archives/edgar/data/707179/000070717902000005/0000707179-02-000005-index.htm", "finalLink": "https://www.sec.gov/Archives/edgar/data/707179/000070717902000005/onb10k1201.htm", "calculatedOtherExpenses": -201215000, "calculatedOperatingExpenses": -54896000, "calculatedNetInterest": 291299000, "calculatedOtherIncome": -629707000, "calculatedIncomeNonControlling": 0, "calculatedEbitda": 479583000}, {"date": "2000-12-31", "symbol": "ONBPO", "reportedCurrency": "USD", "cik": "0000707179", "fillingDate": "2001-03-08", "acceptedDate": "2001-03-08 00:00:00", "calendarYear": "2000", "period": "FY", "revenue": 371584000, "costOfRevenue": 0, "grossProfit": 371584000, "grossProfitRatio": 1, "researchAndDevelopmentExpenses": 0, "generalAndAdministrativeExpenses": 130236000, "sellingAndMarketingExpenses": 7958000, "sellingGeneralAndAdministrativeExpenses": 138194000, "otherExpenses": -65130000, "operatingExpenses": 73064000, "costAndExpenses": 73064000, "interestIncome": 638275000, "interestExpense": 368404000, "depreciationAndAmortization": 16194000, "ebitda": 460842000, "ebitdaratio": 1.2402094816, "operatingIncome": 444648000, "operatingIncomeRatio": 1.1966284878, "totalOtherIncomeExpensesNet": -368404000, "incomeBeforeTax": 76244000, "incomeBeforeTaxRatio": 0.2051864451, "incomeTaxExpense": 14548000, "netIncome": 61696000, "netIncomeRatio": 0.1660351361, "eps": 0.85, "epsdiluted": 0.85, "weightedAverageShsOut": 72469698, "weightedAverageShsOutDil": 73173476, "link": "https://www.sec.gov/Archives/edgar/data/707179/000070717901000002/0000707179-01-000002-index.htm", "finalLink": "https://www.sec.gov/Archives/edgar/data/707179/000070717901000002/0000707179-01-000002-0001.txt", "calculatedOtherExpenses": -211258000, "calculatedOperatingExpenses": -73064000, "calculatedNetInterest": 269871000, "calculatedOtherIncome": -638275000, "calculatedIncomeNonControlling": 0, "calculatedEbitda": 460842000}, {"date": "1999-12-31", "symbol": "ONBPO", "reportedCurrency": "USD", "cik": "0000707179", "fillingDate": "2000-03-15", "acceptedDate": "2000-03-15 00:00:00", "calendarYear": "1999", "period": "FY", "revenue": 305900000, "costOfRevenue": 0, "grossProfit": 305900000, "grossProfitRatio": 1, "researchAndDevelopmentExpenses": 0, "generalAndAdministrativeExpenses": 108500000, "sellingAndMarketingExpenses": 6900000, "sellingGeneralAndAdministrativeExpenses": 115400000, "otherExpenses": -57900000, "operatingExpenses": 57500000, "costAndExpenses": 57500000, "interestIncome": 488900000, "interestExpense": 250500000, "depreciationAndAmortization": 13100000, "ebitda": 376500000, "ebitdaratio": 1.2307943772, "operatingIncome": 363400000, "operatingIncomeRatio": 1.1879699248, "totalOtherIncomeExpensesNet": -254600000, "incomeBeforeTax": 108800000, "incomeBeforeTaxRatio": 0.3556717882, "incomeTaxExpense": 26100000, "netIncome": 86800000, "netIncomeRatio": 0.2837528604, "eps": 1.33, "epsdiluted": 1.3, "weightedAverageShsOut": 73081097, "weightedAverageShsOutDil": 75574101, "link": "https://www.sec.gov/Archives/edgar/data/707179/000092627400000152/0000926274-00-000152-index.htm", "finalLink": "https://www.sec.gov/Archives/edgar/data/707179/000092627400000152/", "calculatedOtherExpenses": -172900000, "calculatedOperatingExpenses": -57500000, "calculatedNetInterest": 238400000, "calculatedOtherIncome": -493000000, "calculatedIncomeNonControlling": -4100000, "calculatedEbitda": 376500000}, {"date": "1998-12-31", "symbol": "ONBPO", "reportedCurrency": "USD", "cik": "0000707179", "fillingDate": "1999-03-31", "acceptedDate": "1999-03-31 00:00:00", "calendarYear": "1998", "period": "FY", "revenue": 269500000, "costOfRevenue": 0, "grossProfit": 269500000, "grossProfitRatio": 1, "researchAndDevelopmentExpenses": 0, "generalAndAdministrativeExpenses": 90800000, "sellingAndMarketingExpenses": 5600000, "sellingGeneralAndAdministrativeExpenses": 96400000, "otherExpenses": -52900000, "operatingExpenses": 43500000, "costAndExpenses": 43500000, "interestIncome": 438000000, "interestExpense": 223100000, "depreciationAndAmortization": 13900000, "ebitda": 326900000, "ebitdaratio": 1.212987013, "operatingIncome": 313000000, "operatingIncomeRatio": 1.1614100186, "totalOtherIncomeExpensesNet": -213200000, "incomeBeforeTax": 99800000, "incomeBeforeTaxRatio": 0.3703153989, "incomeTaxExpense": 28100000, "netIncome": 61800000, "netIncomeRatio": 0.2293135436, "eps": 1.11, "epsdiluted": 1.01, "weightedAverageShsOut": 47655794, "weightedAverageShsOutDil": 63594340, "link": "https://www.sec.gov/Archives/edgar/data/707179/000070717999000002/0000707179-99-000002-index.html", "finalLink": "https://www.sec.gov/Archives/edgar/data/707179/", "calculatedOtherExpenses": -139900000, "calculatedOperatingExpenses": -43500000, "calculatedNetInterest": 214900000, "calculatedOtherIncome": -428100000, "calculatedIncomeNonControlling": 9900000, "calculatedEbitda": 326900000}, {"date": "1997-12-31", "symbol": "ONBPO", "reportedCurrency": "USD", "cik": "0000707179", "fillingDate": "1998-03-31", "acceptedDate": "1998-03-31 00:00:00", "calendarYear": "1997", "period": "FY", "revenue": 266300000, "costOfRevenue": 0, "grossProfit": 266300000, "grossProfitRatio": 1, "researchAndDevelopmentExpenses": 0, "generalAndAdministrativeExpenses": 89200000, "sellingAndMarketingExpenses": 5300000, "sellingGeneralAndAdministrativeExpenses": 94500000, "otherExpenses": -65600000, "operatingExpenses": 28900000, "costAndExpenses": 28900000, "interestIncome": 429400000, "interestExpense": 210200000, "depreciationAndAmortization": 12100000, "ebitda": 307300000, "ebitdaratio": 1.1539616973, "operatingIncome": 295200000, "operatingIncomeRatio": 1.1085242208, "totalOtherIncomeExpensesNet": -210200000, "incomeBeforeTax": 85000000, "incomeBeforeTaxRatio": 0.3191888847, "incomeTaxExpense": 24300000, "netIncome": 60700000, "netIncomeRatio": 0.2279384153, "eps": 1.07, "epsdiluted": 1.03, "weightedAverageShsOut": 59093297, "weightedAverageShsOutDil": 60969365, "link": "https://www.sec.gov/Archives/edgar/data/707179/000070717998000004/0000707179-98-000004-index.htm", "finalLink": "https://www.sec.gov/Archives/edgar/data/707179/000070717998000004/", "calculatedOtherExpenses": -123400000, "calculatedOperatingExpenses": -28900000, "calculatedNetInterest": 219200000, "calculatedOtherIncome": -429400000, "calculatedIncomeNonControlling": 0, "calculatedEbitda": 307300000}, {"date": "1996-12-31", "symbol": "ONBPO", "reportedCurrency": "USD", "cik": "0000707179", "fillingDate": "1997-03-31", "acceptedDate": "1997-03-31 00:00:00", "calendarYear": "1996", "period": "FY", "revenue": 248600000, "costOfRevenue": 0, "grossProfit": 248600000, "grossProfitRatio": 1, "researchAndDevelopmentExpenses": 0, "generalAndAdministrativeExpenses": 84600000, "sellingAndMarketingExpenses": 5300000, "sellingGeneralAndAdministrativeExpenses": 89900000, "otherExpenses": -62600000, "operatingExpenses": 27300000, "costAndExpenses": 27300000, "interestIncome": 394400000, "interestExpense": 190600000, "depreciationAndAmortization": 11900000, "ebitda": 287800000, "ebitdaratio": 1.1576830249, "operatingIncome": 275900000, "operatingIncomeRatio": 1.1098149638, "totalOtherIncomeExpensesNet": -190600000, "incomeBeforeTax": 85300000, "incomeBeforeTaxRatio": 0.3431214803, "incomeTaxExpense": 25100000, "netIncome": 60200000, "netIncomeRatio": 0.242156074, "eps": 1.04, "epsdiluted": 1.01, "weightedAverageShsOut": 57709157, "weightedAverageShsOutDil": 59585908, "link": "https://www.sec.gov/Archives/edgar/data/707179/000070717997000002/0000707179-97-000002-index.html", "finalLink": "https://www.sec.gov/Archives/edgar/data/707179/", "calculatedOtherExpenses": -117200000, "calculatedOperatingExpenses": -27300000, "calculatedNetInterest": 203800000, "calculatedOtherIncome": -394400000, "calculatedIncomeNonControlling": 0, "calculatedEbitda": 287800000}, {"date": "1995-12-31", "symbol": "ONBPO", "reportedCurrency": "USD", "cik": "0000707179", "fillingDate": "1996-03-29", "acceptedDate": "1996-03-29 00:00:00", "calendarYear": "1995", "period": "FY", "revenue": 220400000, "costOfRevenue": 0, "grossProfit": 220400000, "grossProfitRatio": 1, "researchAndDevelopmentExpenses": 0, "generalAndAdministrativeExpenses": 75300000, "sellingAndMarketingExpenses": 5200000, "sellingGeneralAndAdministrativeExpenses": 80500000, "otherExpenses": -55900000, "operatingExpenses": 24600000, "costAndExpenses": 24600000, "interestIncome": 355300000, "interestExpense": 174100000, "depreciationAndAmortization": 10500000, "ebitda": 255500000, "ebitdaratio": 1.1592558984, "operatingIncome": 245000000, "operatingIncomeRatio": 1.111615245, "totalOtherIncomeExpensesNet": -174100000, "incomeBeforeTax": 70900000, "incomeBeforeTaxRatio": 0.3216878403, "incomeTaxExpense": 19200000, "netIncome": 51700000, "netIncomeRatio": 0.2345735027, "eps": 0.86, "epsdiluted": 0.84, "weightedAverageShsOut": 62495942, "weightedAverageShsOutDil": 64334088, "link": "https://www.sec.gov/Archives/edgar/data/707179/000070717996000001/0000707179-96-000001-index.html", "finalLink": "https://www.sec.gov/Archives/edgar/data/707179/", "calculatedOtherExpenses": -105100000, "calculatedOperatingExpenses": -24600000, "calculatedNetInterest": 181200000, "calculatedOtherIncome": -355300000, "calculatedIncomeNonControlling": 0, "calculatedEbitda": 255500000}, {"date": "1994-12-31", "symbol": "ONBPO", "reportedCurrency": "USD", "cik": "0000707179", "fillingDate": "1994-12-31", "acceptedDate": "1994-12-30 19:00:00", "calendarYear": "1994", "period": "FY", "revenue": 192100000, "costOfRevenue": 0, "grossProfit": 192100000, "grossProfitRatio": 1, "researchAndDevelopmentExpenses": 0, "generalAndAdministrativeExpenses": 67500000, "sellingAndMarketingExpenses": 4000000, "sellingGeneralAndAdministrativeExpenses": 71500000, "otherExpenses": -85200000, "operatingExpenses": -13700000, "costAndExpenses": -13700000, "interestIncome": 277900000, "interestExpense": 118500000, "depreciationAndAmortization": 13400000, "ebitda": 191800000, "ebitdaratio": 0.9984383134, "operatingIncome": 178400000, "operatingIncomeRatio": 0.9286829776, "totalOtherIncomeExpensesNet": -118500000, "incomeBeforeTax": 59900000, "incomeBeforeTaxRatio": 0.3118167621, "incomeTaxExpense": 13900000, "netIncome": 46000000, "netIncomeRatio": 0.2394586153, "eps": 0.72, "epsdiluted": 0.7, "weightedAverageShsOut": 63941730, "weightedAverageShsOutDil": 65362728, "link": "", "finalLink": "", "calculatedOtherExpenses": -57800000, "calculatedOperatingExpenses": 13700000, "calculatedNetInterest": 159400000, "calculatedOtherIncome": -277900000, "calculatedIncomeNonControlling": 0, "calculatedEbitda": 191800000}, {"date": "1993-12-31", "symbol": "ONBPO", "reportedCurrency": "USD", "cik": "0000707179", "fillingDate": "1993-12-31", "acceptedDate": "1993-12-30 19:00:00", "calendarYear": "1993", "period": "FY", "revenue": 173800000, "costOfRevenue": 0, "grossProfit": 173800000, "grossProfitRatio": 1, "researchAndDevelopmentExpenses": 0, "generalAndAdministrativeExpenses": 57000000, "sellingAndMarketingExpenses": 3500000, "sellingGeneralAndAdministrativeExpenses": 60500000, "otherExpenses": -66200000, "operatingExpenses": -5700000, "costAndExpenses": -5700000, "interestIncome": 254200000, "interestExpense": 110100000, "depreciationAndAmortization": 11000000, "ebitda": 179100000, "ebitdaratio": 1.0304948216, "operatingIncome": 168100000, "operatingIncomeRatio": 0.9672036824, "totalOtherIncomeExpensesNet": -110100000, "incomeBeforeTax": 58000000, "incomeBeforeTaxRatio": 0.333716916, "incomeTaxExpense": 15500000, "netIncome": 42500000, "netIncomeRatio": 0.2445339471, "eps": 0.74, "epsdiluted": 0.73, "weightedAverageShsOut": 57211087, "weightedAverageShsOutDil": 58441416, "link": "", "finalLink": "", "calculatedOtherExpenses": -54800000, "calculatedOperatingExpenses": 5700000, "calculatedNetInterest": 144100000, "calculatedOtherIncome": -254200000, "calculatedIncomeNonControlling": 0, "calculatedEbitda": 179100000}, {"date": "1992-12-31", "symbol": "ONBPO", "reportedCurrency": "USD", "cik": "0000707179", "fillingDate": "1992-12-31", "acceptedDate": "1992-12-30 19:00:00", "calendarYear": "1992", "period": "FY", "revenue": 151200000, "costOfRevenue": 0, "grossProfit": 151200000, "grossProfitRatio": 1, "researchAndDevelopmentExpenses": 0, "generalAndAdministrativeExpenses": 46200000, "sellingAndMarketingExpenses": 3100000, "sellingGeneralAndAdministrativeExpenses": 49300000, "otherExpenses": -36400000, "operatingExpenses": 12900000, "costAndExpenses": 12900000, "interestIncome": 240900000, "interestExpense": 113500000, "depreciationAndAmortization": 5400000, "ebitda": 169500000, "ebitdaratio": 1.121031746, "operatingIncome": 164100000, "operatingIncomeRatio": 1.0853174603, "totalOtherIncomeExpensesNet": -113500000, "incomeBeforeTax": 50600000, "incomeBeforeTaxRatio": 0.3346560847, "incomeTaxExpense": 14400000, "netIncome": 36200000, "netIncomeRatio": 0.2394179894, "eps": 0.71, "epsdiluted": 0.7, "weightedAverageShsOut": 50872348, "weightedAverageShsOutDil": 52015605, "link": "", "finalLink": "", "calculatedOtherExpenses": -62200000, "calculatedOperatingExpenses": -12900000, "calculatedNetInterest": 127400000, "calculatedOtherIncome": -240900000, "calculatedIncomeNonControlling": 0, "calculatedEbitda": 169500000}, {"date": "1991-12-31", "symbol": "ONBPO", "reportedCurrency": "USD", "cik": "0000707179", "fillingDate": "1991-12-31", "acceptedDate": "1991-12-30 19:00:00", "calendarYear": "1991", "period": "FY", "revenue": 119100000, "costOfRevenue": 0, "grossProfit": 119100000, "grossProfitRatio": 1, "researchAndDevelopmentExpenses": 0, "generalAndAdministrativeExpenses": 37500000, "sellingAndMarketingExpenses": 2700000, "sellingGeneralAndAdministrativeExpenses": 40200000, "otherExpenses": 7200000, "operatingExpenses": 47400000, "costAndExpenses": 47400000, "interestIncome": 231700000, "interestExpense": 130500000, "depreciationAndAmortization": 3200000, "ebitda": 169700000, "ebitdaratio": 1.4248530647, "operatingIncome": 166500000, "operatingIncomeRatio": 1.3979848866, "totalOtherIncomeExpensesNet": -130500000, "incomeBeforeTax": 36000000, "incomeBeforeTaxRatio": 0.3022670025, "incomeTaxExpense": 8900000, "netIncome": 27100000, "netIncomeRatio": 0.2275398825, "eps": 0.74, "epsdiluted": 0.7, "weightedAverageShsOut": 36868591, "weightedAverageShsOutDil": 38507172, "link": "", "finalLink": "", "calculatedOtherExpenses": -87600000, "calculatedOperatingExpenses": -47400000, "calculatedNetInterest": 101200000, "calculatedOtherIncome": -231700000, "calculatedIncomeNonControlling": 0, "calculatedEbitda": 169700000}, {"date": "1990-12-31", "symbol": "ONBPO", "reportedCurrency": "USD", "cik": "0000707179", "fillingDate": "1990-12-31", "acceptedDate": "1990-12-30 19:00:00", "calendarYear": "1990", "period": "FY", "revenue": 105400000, "costOfRevenue": 0, "grossProfit": 105400000, "grossProfitRatio": 1, "researchAndDevelopmentExpenses": 0, "generalAndAdministrativeExpenses": 35600000, "sellingAndMarketingExpenses": 2600000, "sellingGeneralAndAdministrativeExpenses": 38200000, "otherExpenses": 29700000, "operatingExpenses": 67900000, "costAndExpenses": 67900000, "interestIncome": 234100000, "interestExpense": 144700000, "depreciationAndAmortization": 4400000, "ebitda": 177700000, "ebitdaratio": 1.6859582543, "operatingIncome": 173300000, "operatingIncomeRatio": 1.6442125237, "totalOtherIncomeExpensesNet": -144700000, "incomeBeforeTax": 28600000, "incomeBeforeTaxRatio": 0.2713472486, "incomeTaxExpense": 5600000, "netIncome": 23000000, "netIncomeRatio": 0.2182163188, "eps": 0.6, "epsdiluted": 0.6, "weightedAverageShsOut": 38199000, "weightedAverageShsOutDil": 38199000, "link": "", "finalLink": "", "calculatedOtherExpenses": -106100000, "calculatedOperatingExpenses": -67900000, "calculatedNetInterest": 89400000, "calculatedOtherIncome": -234100000, "calculatedIncomeNonControlling": 0, "calculatedEbitda": 177700000}, {"date": "1989-12-31", "symbol": "ONBPO", "reportedCurrency": "USD", "cik": "0000707179", "fillingDate": "1989-12-31", "acceptedDate": "1989-12-30 19:00:00", "calendarYear": "1989", "period": "FY", "revenue": 86100000, "costOfRevenue": 0, "grossProfit": 86100000, "grossProfitRatio": 1, "researchAndDevelopmentExpenses": 0, "generalAndAdministrativeExpenses": 28800000, "sellingAndMarketingExpenses": 2200000, "sellingGeneralAndAdministrativeExpenses": 31000000, "otherExpenses": 33700000, "operatingExpenses": 64700000, "costAndExpenses": 64700000, "interestIncome": 196500000, "interestExpense": 125400000, "depreciationAndAmortization": 4600000, "ebitda": 155400000, "ebitdaratio": 1.8048780488, "operatingIncome": 150800000, "operatingIncomeRatio": 1.7514518002, "totalOtherIncomeExpensesNet": -125400000, "incomeBeforeTax": 25400000, "incomeBeforeTaxRatio": 0.2950058072, "incomeTaxExpense": 3200000, "netIncome": 22200000, "netIncomeRatio": 0.2578397213, "eps": 0.65, "epsdiluted": 0.65, "weightedAverageShsOut": 34205048, "weightedAverageShsOutDil": 34205048, "link": "", "finalLink": "", "calculatedOtherExpenses": -95700000, "calculatedOperatingExpenses": -64700000, "calculatedNetInterest": 71100000, "calculatedOtherIncome": -196500000, "calculatedIncomeNonControlling": 0, "calculatedEbitda": 155400000}, {"date": "1988-12-31", "symbol": "ONBPO", "reportedCurrency": "USD", "cik": "0000707179", "fillingDate": "1988-12-31", "acceptedDate": "1988-12-30 19:00:00", "calendarYear": "1988", "period": "FY", "revenue": 0, "costOfRevenue": 0, "grossProfit": 0, "grossProfitRatio": 0, "researchAndDevelopmentExpenses": 0, "generalAndAdministrativeExpenses": 0, "sellingAndMarketingExpenses": 0, "sellingGeneralAndAdministrativeExpenses": 0, "otherExpenses": 18700000, "operatingExpenses": 18700000, "costAndExpenses": 18700000, "interestIncome": 0, "interestExpense": 0, "depreciationAndAmortization": 0, "ebitda": 18700000, "ebitdaratio": 0, "operatingIncome": 18700000, "operatingIncomeRatio": 0, "totalOtherIncomeExpensesNet": 0, "incomeBeforeTax": 0, "incomeBeforeTaxRatio": 0, "incomeTaxExpense": -18700000, "netIncome": 18700000, "netIncomeRatio": 0, "eps": 0.61, "epsdiluted": 0.61, "weightedAverageShsOut": 30659306, "weightedAverageShsOutDil": 30659306, "link": "", "finalLink": "", "calculatedOtherExpenses": -18700000, "calculatedOperatingExpenses": -18700000, "calculatedNetInterest": 0, "calculatedOtherIncome": -18700000, "calculatedIncomeNonControlling": 0, "calculatedEbitda": 18700000}, {"date": "1987-12-31", "symbol": "ONBPO", "reportedCurrency": "USD", "cik": "0000707179", "fillingDate": "1987-12-31", "acceptedDate": "1987-12-30 19:00:00", "calendarYear": "1987", "period": "FY", "revenue": 0, "costOfRevenue": 0, "grossProfit": 0, "grossProfitRatio": 0, "researchAndDevelopmentExpenses": 0, "generalAndAdministrativeExpenses": 0, "sellingAndMarketingExpenses": 0, "sellingGeneralAndAdministrativeExpenses": 0, "otherExpenses": 17100000, "operatingExpenses": 17100000, "costAndExpenses": 17100000, "interestIncome": 0, "interestExpense": 0, "depreciationAndAmortization": 0, "ebitda": 17100000, "ebitdaratio": 0, "operatingIncome": 17100000, "operatingIncomeRatio": 0, "totalOtherIncomeExpensesNet": 0, "incomeBeforeTax": 0, "incomeBeforeTaxRatio": 0, "incomeTaxExpense": -17100000, "netIncome": 17100000, "netIncomeRatio": 0, "eps": 0.56, "epsdiluted": 0.56, "weightedAverageShsOut": 30372354, "weightedAverageShsOutDil": 30372354, "link": "", "finalLink": "", "calculatedOtherExpenses": -17100000, "calculatedOperatingExpenses": -17100000, "calculatedNetInterest": 0, "calculatedOtherIncome": -17100000, "calculatedIncomeNonControlling": 0, "calculatedEbitda": 17100000}, {"date": "1986-12-31", "symbol": "ONBPO", "reportedCurrency": "USD", "cik": "0000707179", "fillingDate": "1986-12-31", "acceptedDate": "1986-12-30 19:00:00", "calendarYear": "1986", "period": "FY", "revenue": 0, "costOfRevenue": 0, "grossProfit": 0, "grossProfitRatio": 0, "researchAndDevelopmentExpenses": 0, "generalAndAdministrativeExpenses": 0, "sellingAndMarketingExpenses": 0, "sellingGeneralAndAdministrativeExpenses": 0, "otherExpenses": 15900000, "operatingExpenses": 15900000, "costAndExpenses": 15900000, "interestIncome": 0, "interestExpense": 0, "depreciationAndAmortization": 0, "ebitda": 15900000, "ebitdaratio": 0, "operatingIncome": 15900000, "operatingIncomeRatio": 0, "totalOtherIncomeExpensesNet": 0, "incomeBeforeTax": 0, "incomeBeforeTaxRatio": 0, "incomeTaxExpense": -15900000, "netIncome": 15900000, "netIncomeRatio": 0, "eps": 0.59, "epsdiluted": 0.59, "weightedAverageShsOut": 26754615, "weightedAverageShsOutDil": 26754615, "link": "", "finalLink": "", "calculatedOtherExpenses": -15900000, "calculatedOperatingExpenses": -15900000, "calculatedNetInterest": 0, "calculatedOtherIncome": -15900000, "calculatedIncomeNonControlling": 0, "calculatedEbitda": 15900000}, {"date": "1985-12-31", "symbol": "ONBPO", "reportedCurrency": "USD", "cik": "0000707179", "fillingDate": "1985-12-31", "acceptedDate": "1985-12-30 19:00:00", "calendarYear": "1985", "period": "FY", "revenue": 0, "costOfRevenue": 0, "grossProfit": 0, "grossProfitRatio": 0, "researchAndDevelopmentExpenses": 0, "generalAndAdministrativeExpenses": 0, "sellingAndMarketingExpenses": 0, "sellingGeneralAndAdministrativeExpenses": 0, "otherExpenses": 12000000, "operatingExpenses": 12000000, "costAndExpenses": 12000000, "interestIncome": 0, "interestExpense": 0, "depreciationAndAmortization": 0, "ebitda": 12000000, "ebitdaratio": 0, "operatingIncome": 12000000, "operatingIncomeRatio": 0, "totalOtherIncomeExpensesNet": 0, "incomeBeforeTax": 0, "incomeBeforeTaxRatio": 0, "incomeTaxExpense": -12000000, "netIncome": 12000000, "netIncomeRatio": 0, "eps": 0.54, "epsdiluted": 0.54, "weightedAverageShsOut": 22240633, "weightedAverageShsOutDil": 22240633, "link": "", "finalLink": "", "calculatedOtherExpenses": -12000000, "calculatedOperatingExpenses": -12000000, "calculatedNetInterest": 0, "calculatedOtherIncome": -12000000, "calculatedIncomeNonControlling": 0, "calculatedEbitda": 12000000}]}