{"originalCurrency": "USD", "convertedCurrency": "USD", "report": [{"date": "2023-12-30", "symbol": "ONTO", "reportedCurrency": "USD", "cik": "0000704532", "fillingDate": "2024-02-26", "acceptedDate": "2024-02-26 16:10:23", "calendarYear": "2023", "period": "FY", "revenue": 815868000, "costOfRevenue": 443409000, "grossProfit": 372459000, "grossProfitRatio": 0.4565187016, "researchAndDevelopmentExpenses": 104442000, "generalAndAdministrativeExpenses": 83147000, "sellingAndMarketingExpenses": 61765000, "sellingGeneralAndAdministrativeExpenses": 141341000, "otherExpenses": 239000, "operatingExpenses": 245783000, "costAndExpenses": 689192000, "interestIncome": 20356000, "interestExpense": 0, "depreciationAndAmortization": 67212000, "ebitda": 193888000, "ebitdaratio": 0.2376462859, "operatingIncome": 126676000, "operatingIncomeRatio": 0.1552653125, "totalOtherIncomeExpensesNet": 5906000, "incomeBeforeTax": 132582000, "incomeBeforeTaxRatio": 0.1625042286, "incomeTaxExpense": 11423000, "netIncome": 121159000, "netIncomeRatio": 0.1485031892, "eps": 2.47, "epsdiluted": 2.46, "weightedAverageShsOut": 48971000, "weightedAverageShsOutDil": 49318000, "link": "https://www.sec.gov/Archives/edgar/data/704532/000095017024020150/0000950170-24-020150-index.htm", "finalLink": "https://www.sec.gov/Archives/edgar/data/704532/000095017024020150/onto-20231230.htm", "calculatedOtherExpenses": 0, "calculatedOperatingExpenses": 245783000, "calculatedNetInterest": 20356000, "calculatedOtherIncome": -14450000, "calculatedIncomeNonControlling": 0, "calculatedEbitda": 193888000}, {"date": "2022-12-31", "symbol": "ONTO", "reportedCurrency": "USD", "cik": "0000704532", "fillingDate": "2023-02-24", "acceptedDate": "2023-02-24 10:52:11", "calendarYear": "2022", "period": "FY", "revenue": 1005183000, "costOfRevenue": 465962000, "grossProfit": 539221000, "grossProfitRatio": 0.5364406282, "researchAndDevelopmentExpenses": 111953000, "generalAndAdministrativeExpenses": 69582000, "sellingAndMarketingExpenses": 65688000, "sellingGeneralAndAdministrativeExpenses": 135270000, "otherExpenses": 55284000, "operatingExpenses": 302507000, "costAndExpenses": 768469000, "interestIncome": 5011000, "interestExpense": 5011000, "depreciationAndAmortization": 55284000, "ebitda": 291998000, "ebitdaratio": 0.290492378, "operatingIncome": 236714000, "operatingIncomeRatio": 0.2354934375, "totalOtherIncomeExpensesNet": 4870000, "incomeBeforeTax": 241584000, "incomeBeforeTaxRatio": 0.2403383265, "incomeTaxExpense": 18250000, "netIncome": 223334000, "netIncomeRatio": 0.2221824285, "eps": 4.52, "epsdiluted": 4.49, "weightedAverageShsOut": 49424000, "weightedAverageShsOutDil": 49764000, "link": "https://www.sec.gov/Archives/edgar/data/704532/000095017023004283/0000950170-23-004283-index.htm", "finalLink": "https://www.sec.gov/Archives/edgar/data/704532/000095017023004283/onto-20221231.htm", "calculatedOtherExpenses": 55284000, "calculatedOperatingExpenses": 302507000, "calculatedNetInterest": 0, "calculatedOtherIncome": 4870000, "calculatedIncomeNonControlling": 0, "calculatedEbitda": 291998000}, {"date": "2021-12-31", "symbol": "ONTO", "reportedCurrency": "USD", "cik": "0000704532", "fillingDate": "2022-02-25", "acceptedDate": "2022-02-25 10:10:50", "calendarYear": "2021", "period": "FY", "revenue": 788899000, "costOfRevenue": 359813000, "grossProfit": 429086000, "grossProfitRatio": 0.5439048598, "researchAndDevelopmentExpenses": 96118000, "generalAndAdministrativeExpenses": 67960000, "sellingAndMarketingExpenses": 57235000, "sellingGeneralAndAdministrativeExpenses": 125195000, "otherExpenses": 51366000, "operatingExpenses": 272679000, "costAndExpenses": 632492000, "interestIncome": 1163000, "interestExpense": 0, "depreciationAndAmortization": 51366000, "ebitda": 207773000, "ebitdaratio": 0.2633708498, "operatingIncome": 156407000, "operatingIncomeRatio": 0.1982598533, "totalOtherIncomeExpensesNet": -725000, "incomeBeforeTax": 155682000, "incomeBeforeTaxRatio": 0.197340851, "incomeTaxExpense": 13333000, "netIncome": 142349000, "netIncomeRatio": 0.1804400817, "eps": 2.89, "epsdiluted": 2.86, "weightedAverageShsOut": 49242000, "weightedAverageShsOutDil": 49728000, "link": "https://www.sec.gov/Archives/edgar/data/704532/000156459022006948/0001564590-22-006948-index.htm", "finalLink": "https://www.sec.gov/Archives/edgar/data/704532/000156459022006948/onto-10k_20220101.htm", "calculatedOtherExpenses": 51366000, "calculatedOperatingExpenses": 272679000, "calculatedNetInterest": 1163000, "calculatedOtherIncome": -1888000, "calculatedIncomeNonControlling": 0, "calculatedEbitda": 207773000}, {"date": "2020-12-26", "symbol": "ONTO", "reportedCurrency": "USD", "cik": "0000704532", "fillingDate": "2021-02-19", "acceptedDate": "2021-02-19 11:49:08", "calendarYear": "2020", "period": "FY", "revenue": 556496000, "costOfRevenue": 278043000, "grossProfit": 278453000, "grossProfitRatio": 0.5003683764, "researchAndDevelopmentExpenses": 84584000, "generalAndAdministrativeExpenses": 65310000, "sellingAndMarketingExpenses": 48136000, "sellingGeneralAndAdministrativeExpenses": 113446000, "otherExpenses": 53746000, "operatingExpenses": 251776000, "costAndExpenses": 529819000, "interestIncome": 2899000, "interestExpense": 0, "depreciationAndAmortization": 53746000, "ebitda": 80423000, "ebitdaratio": 0.144516762, "operatingIncome": 26677000, "operatingIncomeRatio": 0.0479374515, "totalOtherIncomeExpensesNet": 191000, "incomeBeforeTax": 26868000, "incomeBeforeTaxRatio": 0.0482806705, "incomeTaxExpense": -4157000, "netIncome": 31025000, "netIncomeRatio": 0.0557506253, "eps": 0.63, "epsdiluted": 0.63, "weightedAverageShsOut": 49136000, "weightedAverageShsOutDil": 49475000, "link": "https://www.sec.gov/Archives/edgar/data/704532/000156459021006843/0001564590-21-006843-index.htm", "finalLink": "https://www.sec.gov/Archives/edgar/data/704532/000156459021006843/onto-10k_20201226.htm", "calculatedOtherExpenses": 53746000, "calculatedOperatingExpenses": 251776000, "calculatedNetInterest": 2899000, "calculatedOtherIncome": -2708000, "calculatedIncomeNonControlling": 0, "calculatedEbitda": 80423000}, {"date": "2019-12-31", "symbol": "ONTO", "reportedCurrency": "USD", "cik": "0000704532", "fillingDate": "2020-02-25", "acceptedDate": "2020-02-25 15:37:53", "calendarYear": "2019", "period": "FY", "revenue": 305896000, "costOfRevenue": 170868000, "grossProfit": 135028000, "grossProfitRatio": 0.4414179983, "researchAndDevelopmentExpenses": 48358000, "generalAndAdministrativeExpenses": 53017000, "sellingAndMarketingExpenses": 28251000, "sellingGeneralAndAdministrativeExpenses": 81268000, "otherExpenses": 10445000, "operatingExpenses": 140071000, "costAndExpenses": 310939000, "interestIncome": 3666000, "interestExpense": 3666000, "depreciationAndAmortization": 16410000, "ebitda": 10691000, "ebitdaratio": 0.0349497869, "operatingIncome": -5719000, "operatingIncomeRatio": -0.0186958966, "totalOtherIncomeExpensesNet": 5122000, "incomeBeforeTax": -597000, "incomeBeforeTaxRatio": -0.0019516437, "incomeTaxExpense": -2507000, "netIncome": 1910000, "netIncomeRatio": 0.0062439522, "eps": 0.0642, "epsdiluted": 0.0636, "weightedAverageShsOut": 29729000, "weightedAverageShsOutDil": 30007000, "link": "https://www.sec.gov/Archives/edgar/data/704532/000156459020006357/0001564590-20-006357-index.htm", "finalLink": "https://www.sec.gov/Archives/edgar/data/704532/000156459020006357/onto-10k_20191231.htm", "calculatedOtherExpenses": 11121000, "calculatedOperatingExpenses": 140747000, "calculatedNetInterest": 0, "calculatedOtherIncome": 5122000, "calculatedIncomeNonControlling": 0, "calculatedEbitda": 10691000}, {"date": "2018-12-29", "symbol": "ONTO", "reportedCurrency": "USD", "cik": "0000704532", "fillingDate": "2019-02-25", "acceptedDate": "2019-02-25 16:03:08", "calendarYear": "2018", "period": "FY", "revenue": 273784000, "costOfRevenue": 125505000, "grossProfit": 148279000, "grossProfitRatio": 0.5415911814, "researchAndDevelopmentExpenses": 49053000, "generalAndAdministrativeExpenses": 31795000, "sellingAndMarketingExpenses": 37528000, "sellingGeneralAndAdministrativeExpenses": 46608000, "otherExpenses": 56000, "operatingExpenses": 97195000, "costAndExpenses": 222700000, "interestIncome": 10000, "interestExpense": 2206000, "depreciationAndAmortization": 1534000, "ebitda": 52618000, "ebitdaratio": 0.1921880022, "operatingIncome": 51084000, "operatingIncomeRatio": 0.1865850451, "totalOtherIncomeExpensesNet": 56000, "incomeBeforeTax": 53346000, "incomeBeforeTaxRatio": 0.1948470327, "incomeTaxExpense": 8250000, "netIncome": 45096000, "netIncomeRatio": 0.164713789, "eps": 1.42, "epsdiluted": 1.4, "weightedAverageShsOut": 31671000, "weightedAverageShsOutDil": 32200000, "link": "https://www.sec.gov/Archives/edgar/data/704532/000156459019004083/0001564590-19-004083-index.htm", "finalLink": "https://www.sec.gov/Archives/edgar/data/704532/000156459019004083/nano-10k_20181229.htm", "calculatedOtherExpenses": 1534000, "calculatedOperatingExpenses": 97195000, "calculatedNetInterest": -2196000, "calculatedOtherIncome": 4458000, "calculatedIncomeNonControlling": 0, "calculatedEbitda": 52618000}, {"date": "2017-12-30", "symbol": "ONTO", "reportedCurrency": "USD", "cik": "0000704532", "fillingDate": "2018-02-26", "acceptedDate": "2018-02-26 09:02:00", "calendarYear": "2017", "period": "FY", "revenue": 255098000, "costOfRevenue": 120503000, "grossProfit": 134595000, "grossProfitRatio": 0.5276207575, "researchAndDevelopmentExpenses": 46986000, "generalAndAdministrativeExpenses": 26340000, "sellingAndMarketingExpenses": 30839000, "sellingGeneralAndAdministrativeExpenses": 39381000, "otherExpenses": -457000, "operatingExpenses": 88307000, "costAndExpenses": 208810000, "interestIncome": 8000, "interestExpense": 971000, "depreciationAndAmortization": 1940000, "ebitda": 35228000, "ebitdaratio": 0.1380959474, "operatingIncome": 59288000, "operatingIncomeRatio": 0.2324126414, "totalOtherIncomeExpensesNet": 12543000, "incomeBeforeTax": 59802000, "incomeBeforeTaxRatio": 0.2344275533, "incomeTaxExpense": 26893000, "netIncome": 32909000, "netIncomeRatio": 0.1290053234, "eps": 1.05, "epsdiluted": 1.02, "weightedAverageShsOut": 31491000, "weightedAverageShsOutDil": 32162000, "link": "https://www.sec.gov/Archives/edgar/data/704532/000156459018003134/0001564590-18-003134-index.htm", "finalLink": "https://www.sec.gov/Archives/edgar/data/704532/000156459018003134/nano-10k_20171230.htm", "calculatedOtherExpenses": -11060000, "calculatedOperatingExpenses": 75307000, "calculatedNetInterest": -963000, "calculatedOtherIncome": 1477000, "calculatedIncomeNonControlling": 0, "calculatedEbitda": 61228000}, {"date": "2016-12-31", "symbol": "ONTO", "reportedCurrency": "USD", "cik": "0000704532", "fillingDate": "2017-03-03", "acceptedDate": "2017-03-02 18:42:05", "calendarYear": "2016", "period": "FY", "revenue": 232780000, "costOfRevenue": 109229000, "grossProfit": 123551000, "grossProfitRatio": 0.5307629521, "researchAndDevelopmentExpenses": 44964000, "generalAndAdministrativeExpenses": 23381000, "sellingAndMarketingExpenses": 30181000, "sellingGeneralAndAdministrativeExpenses": 38562000, "otherExpenses": 2320000, "operatingExpenses": 85846000, "costAndExpenses": 195075000, "interestIncome": 35000, "interestExpense": -2834000, "depreciationAndAmortization": 5997000, "ebitda": 28705000, "ebitdaratio": 0.1233138586, "operatingIncome": 52348000, "operatingIncomeRatio": 0.2248818627, "totalOtherIncomeExpensesNet": 14997000, "incomeBeforeTax": 49868000, "incomeBeforeTaxRatio": 0.2142280265, "incomeTaxExpense": 12916000, "netIncome": 36952000, "netIncomeRatio": 0.15874216, "eps": 1.19, "epsdiluted": 1.16, "weightedAverageShsOut": 31128000, "weightedAverageShsOutDil": 31790000, "link": "https://www.sec.gov/Archives/edgar/data/704532/000156459017003258/0001564590-17-003258-index.htm", "finalLink": "https://www.sec.gov/Archives/edgar/data/704532/000156459017003258/nano-10k_20161231.htm", "calculatedOtherExpenses": -12323000, "calculatedOperatingExpenses": 71203000, "calculatedNetInterest": 2869000, "calculatedOtherIncome": -5349000, "calculatedIncomeNonControlling": 0, "calculatedEbitda": 58345000}, {"date": "2015-12-26", "symbol": "ONTO", "reportedCurrency": "USD", "cik": "0000704532", "fillingDate": "2016-02-24", "acceptedDate": "2016-02-24 09:01:46", "calendarYear": "2015", "period": "FY", "revenue": 221690000, "costOfRevenue": 102284000, "grossProfit": 119406000, "grossProfitRatio": 0.5386169877, "researchAndDevelopmentExpenses": 41233000, "generalAndAdministrativeExpenses": 22444000, "sellingAndMarketingExpenses": 28055000, "sellingGeneralAndAdministrativeExpenses": 43235000, "otherExpenses": -293000, "operatingExpenses": 86613000, "costAndExpenses": 188897000, "interestIncome": 71000, "interestExpense": -5688000, "depreciationAndAmortization": 2145000, "ebitda": 34938000, "ebitdaratio": 0.1575984483, "operatingIncome": 32793000, "operatingIncomeRatio": 0.147922775, "totalOtherIncomeExpensesNet": -293000, "incomeBeforeTax": 26812000, "incomeBeforeTaxRatio": 0.1209436601, "incomeTaxExpense": 8856000, "netIncome": 17956000, "netIncomeRatio": 0.0809959854, "eps": 0.57, "epsdiluted": 0.56, "weightedAverageShsOut": 31408000, "weightedAverageShsOutDil": 32166000, "link": "https://www.sec.gov/Archives/edgar/data/704532/000156459016013119/0001564590-16-013119-index.htm", "finalLink": "https://www.sec.gov/Archives/edgar/data/704532/000156459016013119/nano-10k_20151226.htm", "calculatedOtherExpenses": 2145000, "calculatedOperatingExpenses": 86613000, "calculatedNetInterest": 5759000, "calculatedOtherIncome": -11740000, "calculatedIncomeNonControlling": 0, "calculatedEbitda": 34938000}, {"date": "2014-12-27", "symbol": "ONTO", "reportedCurrency": "USD", "cik": "0000704532", "fillingDate": "2015-02-25", "acceptedDate": "2015-02-24 17:55:00", "calendarYear": "2014", "period": "FY", "revenue": 181218000, "costOfRevenue": 85730000, "grossProfit": 95488000, "grossProfitRatio": 0.5269233741, "researchAndDevelopmentExpenses": 40576000, "generalAndAdministrativeExpenses": 23980000, "sellingAndMarketingExpenses": 27033000, "sellingGeneralAndAdministrativeExpenses": 53799000, "otherExpenses": -65000, "operatingExpenses": 96797000, "costAndExpenses": 182527000, "interestIncome": 47000, "interestExpense": -5317000, "depreciationAndAmortization": 2422000, "ebitda": 1113000, "ebitdaratio": 0.006141774, "operatingIncome": -1309000, "operatingIncomeRatio": -0.0072233443, "totalOtherIncomeExpensesNet": -65000, "incomeBeforeTax": -6691000, "incomeBeforeTaxRatio": -0.0369223808, "incomeTaxExpense": -2051000, "netIncome": -4640000, "netIncomeRatio": -0.0256045205, "eps": -0.14, "epsdiluted": -0.14, "weightedAverageShsOut": 33124000, "weightedAverageShsOutDil": 33124000, "link": "https://www.sec.gov/Archives/edgar/data/704532/000070453215000006/0000704532-15-000006-index.htm", "finalLink": "https://www.sec.gov/Archives/edgar/data/704532/000070453215000006/a201410-k.htm", "calculatedOtherExpenses": 2422000, "calculatedOperatingExpenses": 96797000, "calculatedNetInterest": 5364000, "calculatedOtherIncome": -10746000, "calculatedIncomeNonControlling": 0, "calculatedEbitda": 1113000}, {"date": "2013-12-28", "symbol": "ONTO", "reportedCurrency": "USD", "cik": "0000704532", "fillingDate": "2014-03-07", "acceptedDate": "2014-03-07 15:00:47", "calendarYear": "2013", "period": "FY", "revenue": 176238000, "costOfRevenue": 85506000, "grossProfit": 90732000, "grossProfitRatio": 0.5148265414, "researchAndDevelopmentExpenses": 39994000, "generalAndAdministrativeExpenses": 22101000, "sellingAndMarketingExpenses": 27129000, "sellingGeneralAndAdministrativeExpenses": 41542000, "otherExpenses": 8000, "operatingExpenses": 84128000, "costAndExpenses": 169634000, "interestIncome": 62000, "interestExpense": -5079000, "depreciationAndAmortization": 2592000, "ebitda": 9196000, "ebitdaratio": 0.0521794392, "operatingIncome": 6604000, "operatingIncomeRatio": 0.0374720548, "totalOtherIncomeExpensesNet": 8000, "incomeBeforeTax": 1533000, "incomeBeforeTaxRatio": 0.0086984646, "incomeTaxExpense": -1925000, "netIncome": 3458000, "netIncomeRatio": 0.0196211941, "eps": 0.11, "epsdiluted": 0.1, "weightedAverageShsOut": 32783000, "weightedAverageShsOutDil": 33388000, "link": "https://www.sec.gov/Archives/edgar/data/704532/000070453214000005/0000704532-14-000005-index.htm", "finalLink": "https://www.sec.gov/Archives/edgar/data/704532/000070453214000005/a201310-k.htm", "calculatedOtherExpenses": 2592000, "calculatedOperatingExpenses": 84128000, "calculatedNetInterest": 5141000, "calculatedOtherIncome": -10212000, "calculatedIncomeNonControlling": 0, "calculatedEbitda": 9196000}, {"date": "2012-12-29", "symbol": "ONTO", "reportedCurrency": "USD", "cik": "0000704532", "fillingDate": "2013-03-12", "acceptedDate": "2013-03-11 21:07:13", "calendarYear": "2012", "period": "FY", "revenue": 218486000, "costOfRevenue": 102811000, "grossProfit": 115675000, "grossProfitRatio": 0.5294389572, "researchAndDevelopmentExpenses": 39331000, "generalAndAdministrativeExpenses": 21632000, "sellingAndMarketingExpenses": 26457000, "sellingGeneralAndAdministrativeExpenses": 40225000, "otherExpenses": -482000, "operatingExpenses": 81409000, "costAndExpenses": 184220000, "interestIncome": 133000, "interestExpense": 4377000, "depreciationAndAmortization": 1853000, "ebitda": 36119000, "ebitdaratio": 0.1653149401, "operatingIncome": 34266000, "operatingIncomeRatio": 0.1568338475, "totalOtherIncomeExpensesNet": -482000, "incomeBeforeTax": 29407000, "incomeBeforeTaxRatio": 0.1345944363, "incomeTaxExpense": -14458000, "netIncome": 43865000, "netIncomeRatio": 0.2007680126, "eps": 1.36, "epsdiluted": 1.34, "weightedAverageShsOut": 32226000, "weightedAverageShsOutDil": 32853000, "link": "https://www.sec.gov/Archives/edgar/data/704532/000070453213000004/0000704532-13-000004-index.htm", "finalLink": "https://www.sec.gov/Archives/edgar/data/704532/000070453213000004/a201210-k.htm", "calculatedOtherExpenses": 1853000, "calculatedOperatingExpenses": 81409000, "calculatedNetInterest": -4244000, "calculatedOtherIncome": -615000, "calculatedIncomeNonControlling": 0, "calculatedEbitda": 36119000}, {"date": "2011-12-31", "symbol": "ONTO", "reportedCurrency": "USD", "cik": "0000704532", "fillingDate": "2012-03-14", "acceptedDate": "2012-03-13 19:34:26", "calendarYear": "2011", "period": "FY", "revenue": 187196000, "costOfRevenue": 86843000, "grossProfit": 100353000, "grossProfitRatio": 0.5360851728, "researchAndDevelopmentExpenses": 36298000, "generalAndAdministrativeExpenses": 22901000, "sellingAndMarketingExpenses": 27019000, "sellingGeneralAndAdministrativeExpenses": 40826000, "otherExpenses": 1757000, "operatingExpenses": 78881000, "costAndExpenses": 165724000, "interestIncome": 220000, "interestExpense": -1925000, "depreciationAndAmortization": 1757000, "ebitda": 22382000, "ebitdaratio": 0.1195645206, "operatingIncome": 21472000, "operatingIncomeRatio": 0.1147033056, "totalOtherIncomeExpensesNet": 847000, "incomeBeforeTax": 20394000, "incomeBeforeTaxRatio": 0.1089446356, "incomeTaxExpense": -4832000, "netIncome": 25226000, "netIncomeRatio": 0.1347571529, "eps": 0.98, "epsdiluted": 0.97, "weightedAverageShsOut": 25606932, "weightedAverageShsOutDil": 26019947, "link": "https://www.sec.gov/Archives/edgar/data/704532/000070453212000006/0000704532-12-000006-index.htm", "finalLink": "https://www.sec.gov/Archives/edgar/data/704532/000070453212000006/a201110k.htm", "calculatedOtherExpenses": 1757000, "calculatedOperatingExpenses": 78881000, "calculatedNetInterest": 2145000, "calculatedOtherIncome": -3223000, "calculatedIncomeNonControlling": 0, "calculatedEbitda": 23229000}, {"date": "2010-12-31", "symbol": "ONTO", "reportedCurrency": "USD", "cik": "0000704532", "fillingDate": "2011-03-14", "acceptedDate": "2011-03-11 21:51:24", "calendarYear": "2010", "period": "FY", "revenue": 195305000, "costOfRevenue": 91405000, "grossProfit": 103900000, "grossProfitRatio": 0.5319884284, "researchAndDevelopmentExpenses": 33387000, "generalAndAdministrativeExpenses": 18617000, "sellingAndMarketingExpenses": 21320000, "sellingGeneralAndAdministrativeExpenses": 38173000, "otherExpenses": 1715000, "operatingExpenses": 73275000, "costAndExpenses": 164680000, "interestIncome": 167000, "interestExpense": 167000, "depreciationAndAmortization": 1715000, "ebitda": 32595000, "ebitdaratio": 0.1668928087, "operatingIncome": 30625000, "operatingIncomeRatio": 0.1568060214, "totalOtherIncomeExpensesNet": -255000, "incomeBeforeTax": 30537000, "incomeBeforeTaxRatio": 0.156355444, "incomeTaxExpense": 3522000, "netIncome": 27015000, "netIncomeRatio": 0.1383221116, "eps": 1.07, "epsdiluted": 1.07, "weightedAverageShsOut": 25237477, "weightedAverageShsOutDil": 25403651, "link": "https://www.sec.gov/Archives/edgar/data/704532/000119312511064498/0001193125-11-064498-index.htm", "finalLink": "https://www.sec.gov/Archives/edgar/data/704532/000119312511064498/d10k.htm", "calculatedOtherExpenses": 1715000, "calculatedOperatingExpenses": 73275000, "calculatedNetInterest": 0, "calculatedOtherIncome": -88000, "calculatedIncomeNonControlling": 0, "calculatedEbitda": 32340000}, {"date": "2009-12-31", "symbol": "ONTO", "reportedCurrency": "USD", "cik": "0000704532", "fillingDate": "2010-03-26", "acceptedDate": "2010-03-26 17:00:44", "calendarYear": "2009", "period": "FY", "revenue": 78657000, "costOfRevenue": 49805000, "grossProfit": 28852000, "grossProfitRatio": 0.3668077857, "researchAndDevelopmentExpenses": 25991000, "generalAndAdministrativeExpenses": 15168000, "sellingAndMarketingExpenses": 15072000, "sellingGeneralAndAdministrativeExpenses": 33640000, "otherExpenses": 1358000, "operatingExpenses": 60989000, "costAndExpenses": 110794000, "interestIncome": 270000, "interestExpense": 271000, "depreciationAndAmortization": 1358000, "ebitda": -30779000, "ebitdaratio": -0.3913065589, "operatingIncome": -32137000, "operatingIncomeRatio": -0.4085713922, "totalOtherIncomeExpensesNet": -1000, "incomeBeforeTax": -31867000, "incomeBeforeTaxRatio": -0.4051387671, "incomeTaxExpense": -2239000, "netIncome": -29628000, "netIncomeRatio": -0.3766734048, "eps": -0.96, "epsdiluted": -0.96, "weightedAverageShsOut": 30888000, "weightedAverageShsOutDil": 30888000, "link": "https://www.sec.gov/Archives/edgar/data/704532/000119312510068717/0001193125-10-068717-index.htm", "finalLink": "https://www.sec.gov/Archives/edgar/data/704532/000119312510068717/d10k.htm", "calculatedOtherExpenses": 1358000, "calculatedOperatingExpenses": 60989000, "calculatedNetInterest": -1000, "calculatedOtherIncome": 271000, "calculatedIncomeNonControlling": 0, "calculatedEbitda": -30779000}, {"date": "2008-12-27", "symbol": "ONTO", "reportedCurrency": "USD", "cik": "0000704532", "fillingDate": "2009-03-27", "acceptedDate": "2009-03-27 13:35:47", "calendarYear": "2008", "period": "FY", "revenue": 131040000, "costOfRevenue": 87388000, "grossProfit": 43652000, "grossProfitRatio": 0.3331196581, "researchAndDevelopmentExpenses": 31644000, "generalAndAdministrativeExpenses": 19689000, "sellingAndMarketingExpenses": 17798000, "sellingGeneralAndAdministrativeExpenses": 33965000, "otherExpenses": 232995000, "operatingExpenses": 298604000, "costAndExpenses": 385992000, "interestIncome": 1230000, "interestExpense": -635000, "depreciationAndAmortization": 11743000, "ebitda": -16025000, "ebitdaratio": -0.1222909035, "operatingIncome": -254952000, "operatingIncomeRatio": -1.9456043956, "totalOtherIncomeExpensesNet": -227184000, "incomeBeforeTax": -253801000, "incomeBeforeTaxRatio": -1.9368208181, "incomeTaxExpense": -4115000, "netIncome": -249686000, "netIncomeRatio": -1.9054181929, "eps": -8.16, "epsdiluted": -8.16, "weightedAverageShsOut": 30614000, "weightedAverageShsOutDil": 30614000, "link": "https://www.sec.gov/Archives/edgar/data/704532/000119312509065648/0001193125-09-065648-index.htm", "finalLink": "https://www.sec.gov/Archives/edgar/data/704532/000119312509065648/d10k.htm", "calculatedOtherExpenses": 232995000, "calculatedOperatingExpenses": 298604000, "calculatedNetInterest": 1865000, "calculatedOtherIncome": -714000, "calculatedIncomeNonControlling": 0, "calculatedEbitda": -243209000}, {"date": "2007-12-29", "symbol": "ONTO", "reportedCurrency": "USD", "cik": "0000704532", "fillingDate": "2008-03-13", "acceptedDate": "2008-03-13 17:30:43", "calendarYear": "2007", "period": "FY", "revenue": 160129000, "costOfRevenue": 78889000, "grossProfit": 81240000, "grossProfitRatio": 0.5073409564, "researchAndDevelopmentExpenses": 29993000, "generalAndAdministrativeExpenses": 21704000, "sellingAndMarketingExpenses": 19561000, "sellingGeneralAndAdministrativeExpenses": 33204000, "otherExpenses": 4487000, "operatingExpenses": 67684000, "costAndExpenses": 146573000, "interestIncome": 4143000, "interestExpense": -211000, "depreciationAndAmortization": 10200000, "ebitda": 24750000, "ebitdaratio": 0.1545628837, "operatingIncome": 12556000, "operatingIncomeRatio": 0.0784117805, "totalOtherIncomeExpensesNet": -994000, "incomeBeforeTax": 16705000, "incomeBeforeTaxRatio": 0.1043221403, "incomeTaxExpense": 4846000, "netIncome": 11859000, "netIncomeRatio": 0.0740590399, "eps": 0.41, "epsdiluted": 0.4, "weightedAverageShsOut": 29168000, "weightedAverageShsOutDil": 29312000, "link": "https://www.sec.gov/Archives/edgar/data/704532/000119312508055689/0001193125-08-055689-index.htm", "finalLink": "https://www.sec.gov/Archives/edgar/data/704532/000119312508055689/d10k.htm", "calculatedOtherExpenses": 5487000, "calculatedOperatingExpenses": 68684000, "calculatedNetInterest": 4354000, "calculatedOtherIncome": -205000, "calculatedIncomeNonControlling": 0, "calculatedEbitda": 22756000}, {"date": "2006-12-30", "symbol": "ONTO", "reportedCurrency": "USD", "cik": "0000704532", "fillingDate": "2007-03-15", "acceptedDate": "2007-03-15 16:51:46", "calendarYear": "2006", "period": "FY", "revenue": 201168000, "costOfRevenue": 103726000, "grossProfit": 97442000, "grossProfitRatio": 0.4843812137, "researchAndDevelopmentExpenses": 37460000, "generalAndAdministrativeExpenses": 21305000, "sellingAndMarketingExpenses": 18605000, "sellingGeneralAndAdministrativeExpenses": 34689000, "otherExpenses": 4048000, "operatingExpenses": 76197000, "costAndExpenses": 179923000, "interestIncome": 3345000, "interestExpense": -60000, "depreciationAndAmortization": 8672000, "ebitda": 30071000, "ebitdaratio": 0.149482025, "operatingIncome": 21245000, "operatingIncomeRatio": 0.1056082478, "totalOtherIncomeExpensesNet": -154000, "incomeBeforeTax": 24436000, "incomeBeforeTaxRatio": 0.1214706116, "incomeTaxExpense": 11730000, "netIncome": 12706000, "netIncomeRatio": 0.0631611389, "eps": 0.47, "epsdiluted": 0.46, "weightedAverageShsOut": 27276000, "weightedAverageShsOutDil": 27574000, "link": "https://www.sec.gov/Archives/edgar/data/704532/000119312507055707/0001193125-07-055707-index.htm", "finalLink": "https://www.sec.gov/Archives/edgar/data/704532/000119312507055707/d10k.htm", "calculatedOtherExpenses": 4048000, "calculatedOperatingExpenses": 76197000, "calculatedNetInterest": 3405000, "calculatedOtherIncome": -214000, "calculatedIncomeNonControlling": 0, "calculatedEbitda": 29917000}, {"date": "2005-12-31", "symbol": "ONTO", "reportedCurrency": "USD", "cik": "0000704532", "fillingDate": "2006-03-24", "acceptedDate": "2006-03-24 15:31:02", "calendarYear": "2005", "period": "FY", "revenue": 82918000, "costOfRevenue": 44390000, "grossProfit": 38528000, "grossProfitRatio": 0.4646518247, "researchAndDevelopmentExpenses": 11901000, "generalAndAdministrativeExpenses": 11882000, "sellingAndMarketingExpenses": 10945000, "sellingGeneralAndAdministrativeExpenses": 20373000, "otherExpenses": 876000, "operatingExpenses": 33150000, "costAndExpenses": 77540000, "interestIncome": 1388000, "interestExpense": -73000, "depreciationAndAmortization": 2649000, "ebitda": 8027000, "ebitdaratio": 0.0968064835, "operatingIncome": 5378000, "operatingIncomeRatio": 0.0648592585, "totalOtherIncomeExpensesNet": 1388000, "incomeBeforeTax": 6766000, "incomeBeforeTaxRatio": 0.0815986879, "incomeTaxExpense": 1789000, "netIncome": 4977000, "netIncomeRatio": 0.0600231554, "eps": 0.29, "epsdiluted": 0.29, "weightedAverageShsOut": 16899000, "weightedAverageShsOutDil": 16942000, "link": "https://www.sec.gov/Archives/edgar/data/704532/000119312506062863/0001193125-06-062863-index.htm", "finalLink": "https://www.sec.gov/Archives/edgar/data/704532/000119312506062863/d10k.htm", "calculatedOtherExpenses": 876000, "calculatedOperatingExpenses": 33150000, "calculatedNetInterest": 1461000, "calculatedOtherIncome": -73000, "calculatedIncomeNonControlling": 0, "calculatedEbitda": 8027000}, {"date": "2004-12-31", "symbol": "ONTO", "reportedCurrency": "USD", "cik": "0000704532", "fillingDate": "2005-03-23", "acceptedDate": "2005-03-23 06:46:29", "calendarYear": "2004", "period": "FY", "revenue": 84248000, "costOfRevenue": 44595000, "grossProfit": 39653000, "grossProfitRatio": 0.4706699269, "researchAndDevelopmentExpenses": 15847000, "generalAndAdministrativeExpenses": 5137000, "sellingAndMarketingExpenses": 11442000, "sellingGeneralAndAdministrativeExpenses": 15222000, "otherExpenses": 876000, "operatingExpenses": 31945000, "costAndExpenses": 76540000, "interestIncome": 1899000, "interestExpense": -110000, "depreciationAndAmortization": 2211000, "ebitda": 9919000, "ebitdaratio": 0.1177357326, "operatingIncome": 7708000, "operatingIncomeRatio": 0.0914917862, "totalOtherIncomeExpensesNet": 1899000, "incomeBeforeTax": 9607000, "incomeBeforeTaxRatio": 0.1140323806, "incomeTaxExpense": 2855000, "netIncome": 6752000, "netIncomeRatio": 0.0801443358, "eps": 0.4, "epsdiluted": 0.4, "weightedAverageShsOut": 16746212, "weightedAverageShsOutDil": 16913649, "link": "https://www.sec.gov/Archives/edgar/data/704532/000119312505058084/0001193125-05-058084-index.htm", "finalLink": "https://www.sec.gov/Archives/edgar/data/704532/000119312505058084/d10k.htm", "calculatedOtherExpenses": 876000, "calculatedOperatingExpenses": 31945000, "calculatedNetInterest": 2009000, "calculatedOtherIncome": -110000, "calculatedIncomeNonControlling": 0, "calculatedEbitda": 9919000}, {"date": "2003-12-31", "symbol": "ONTO", "reportedCurrency": "USD", "cik": "0000704532", "fillingDate": "2004-04-01", "acceptedDate": "2004-04-01 17:06:31", "calendarYear": "2003", "period": "FY", "revenue": 58500000, "costOfRevenue": 33214000, "grossProfit": 25286000, "grossProfitRatio": 0.4322393162, "researchAndDevelopmentExpenses": 13390000, "generalAndAdministrativeExpenses": 0, "sellingAndMarketingExpenses": 0, "sellingGeneralAndAdministrativeExpenses": 10561000, "otherExpenses": 877000, "operatingExpenses": 24828000, "costAndExpenses": 58042000, "interestIncome": 1610000, "interestExpense": 0, "depreciationAndAmortization": 2174000, "ebitda": 2632000, "ebitdaratio": 0.044991453, "operatingIncome": 458000, "operatingIncomeRatio": 0.0078290598, "totalOtherIncomeExpensesNet": 1610000, "incomeBeforeTax": 2068000, "incomeBeforeTaxRatio": 0.0353504274, "incomeTaxExpense": 298000, "netIncome": 1770000, "netIncomeRatio": 0.0302564103, "eps": 0.11, "epsdiluted": 0.11, "weightedAverageShsOut": 16408677, "weightedAverageShsOutDil": 16722708, "link": "https://www.sec.gov/Archives/edgar/data/704532/000095000504000331/0000950005-04-000331-index.htm", "finalLink": "https://www.sec.gov/Archives/edgar/data/704532/000095000504000331/p18336_10k.txt", "calculatedOtherExpenses": 877000, "calculatedOperatingExpenses": 24828000, "calculatedNetInterest": 1610000, "calculatedOtherIncome": 0, "calculatedIncomeNonControlling": 0, "calculatedEbitda": 2632000}, {"date": "2002-12-31", "symbol": "ONTO", "reportedCurrency": "USD", "cik": "0000704532", "fillingDate": "2003-03-28", "acceptedDate": "2003-03-28 15:09:04", "calendarYear": "2002", "period": "FY", "revenue": 57445000, "costOfRevenue": 33576000, "grossProfit": 23869000, "grossProfitRatio": 0.4155104883, "researchAndDevelopmentExpenses": 11828000, "generalAndAdministrativeExpenses": 0, "sellingAndMarketingExpenses": 0, "sellingGeneralAndAdministrativeExpenses": 11025000, "otherExpenses": 412000, "operatingExpenses": 23265000, "costAndExpenses": 56841000, "interestIncome": 2050000, "interestExpense": 0, "depreciationAndAmortization": 1645000, "ebitda": 5749000, "ebitdaratio": 0.1000783358, "operatingIncome": -2896000, "operatingIncomeRatio": -0.0504134389, "totalOtherIncomeExpensesNet": -3500000, "incomeBeforeTax": -846000, "incomeBeforeTaxRatio": -0.0147271303, "incomeTaxExpense": 585000, "netIncome": -1431000, "netIncomeRatio": -0.0249107842, "eps": -0.0883, "epsdiluted": -0.0883, "weightedAverageShsOut": 16215237, "weightedAverageShsOutDil": 16215237, "link": "https://www.sec.gov/Archives/edgar/data/704532/000095000503000398/0000950005-03-000398-index.htm", "finalLink": "https://www.sec.gov/Archives/edgar/data/704532/000095000503000398/p16844_10k.txt", "calculatedOtherExpenses": 3912000, "calculatedOperatingExpenses": 26765000, "calculatedNetInterest": 2050000, "calculatedOtherIncome": 0, "calculatedIncomeNonControlling": 0, "calculatedEbitda": -1251000}, {"date": "2001-12-31", "symbol": "ONTO", "reportedCurrency": "USD", "cik": "0000704532", "fillingDate": "2002-03-21", "acceptedDate": "2002-03-21 00:00:00", "calendarYear": "2001", "period": "FY", "revenue": 79398000, "costOfRevenue": 39798000, "grossProfit": 39600000, "grossProfitRatio": 0.4987531172, "researchAndDevelopmentExpenses": 11625000, "generalAndAdministrativeExpenses": 0, "sellingAndMarketingExpenses": 0, "sellingGeneralAndAdministrativeExpenses": 12171000, "otherExpenses": 339000, "operatingExpenses": 24135000, "costAndExpenses": 63933000, "interestIncome": 2774000, "interestExpense": 0, "depreciationAndAmortization": 1366000, "ebitda": 16831000, "ebitdaratio": 0.2119826696, "operatingIncome": 15465000, "operatingIncomeRatio": 0.194778206, "totalOtherIncomeExpensesNet": 2774000, "incomeBeforeTax": 18239000, "incomeBeforeTaxRatio": 0.2297161138, "incomeTaxExpense": 6499000, "netIncome": 11740000, "netIncomeRatio": 0.1478626666, "eps": 0.74, "epsdiluted": 0.71, "weightedAverageShsOut": 15899933, "weightedAverageShsOutDil": 16531461, "link": "https://www.sec.gov/Archives/edgar/data/704532/000095000502000316/0000950005-02-000316-index.htm", "finalLink": "https://www.sec.gov/Archives/edgar/data/704532/000095000502000316/p15140_10k.txt", "calculatedOtherExpenses": 339000, "calculatedOperatingExpenses": 24135000, "calculatedNetInterest": 2774000, "calculatedOtherIncome": 0, "calculatedIncomeNonControlling": 0, "calculatedEbitda": 16831000}, {"date": "2000-12-31", "symbol": "ONTO", "reportedCurrency": "USD", "cik": "0000704532", "fillingDate": "2001-03-30", "acceptedDate": "2001-03-30 00:00:00", "calendarYear": "2000", "period": "FY", "revenue": 88107000, "costOfRevenue": 41193000, "grossProfit": 46914000, "grossProfitRatio": 0.5324662059, "researchAndDevelopmentExpenses": 9022000, "generalAndAdministrativeExpenses": 0, "sellingAndMarketingExpenses": 0, "sellingGeneralAndAdministrativeExpenses": 14463000, "otherExpenses": 1000000, "operatingExpenses": 24485000, "costAndExpenses": 65678000, "interestIncome": 2173000, "interestExpense": 0, "depreciationAndAmortization": 1000000, "ebitda": 23428000, "ebitdaratio": 0.2659039577, "operatingIncome": 22429000, "operatingIncomeRatio": 0.2545654715, "totalOtherIncomeExpensesNet": 1000, "incomeBeforeTax": 24603000, "incomeBeforeTaxRatio": 0.279240015, "incomeTaxExpense": -431000, "netIncome": 23576000, "netIncomeRatio": 0.2675837334, "eps": 1.6, "epsdiluted": 1.49, "weightedAverageShsOut": 14773295, "weightedAverageShsOutDil": 15805188, "link": "https://www.sec.gov/Archives/edgar/data/704532/000095000501000414/0000950005-01-000414-index.htm", "finalLink": "https://www.sec.gov/Archives/edgar/data/704532/000095000501000414/0000950005-01-000414-0001.txt", "calculatedOtherExpenses": 1000000, "calculatedOperatingExpenses": 24485000, "calculatedNetInterest": 2173000, "calculatedOtherIncome": 1000, "calculatedIncomeNonControlling": 1458000, "calculatedEbitda": 23429000}, {"date": "1999-12-31", "symbol": "ONTO", "reportedCurrency": "USD", "cik": "0000704532", "fillingDate": "2000-03-02", "acceptedDate": "2000-03-02 00:00:00", "calendarYear": "1999", "period": "FY", "revenue": 38100000, "costOfRevenue": 16700000, "grossProfit": 21400000, "grossProfitRatio": 0.56167979, "researchAndDevelopmentExpenses": 5000000, "generalAndAdministrativeExpenses": 0, "sellingAndMarketingExpenses": 0, "sellingGeneralAndAdministrativeExpenses": 9600000, "otherExpenses": 2000000, "operatingExpenses": 16600000, "costAndExpenses": 33300000, "interestIncome": 0, "interestExpense": 0, "depreciationAndAmortization": 2000000, "ebitda": 6800000, "ebitdaratio": 0.1784776903, "operatingIncome": 4800000, "operatingIncomeRatio": 0.125984252, "totalOtherIncomeExpensesNet": -3700000, "incomeBeforeTax": 1100000, "incomeBeforeTaxRatio": 0.0288713911, "incomeTaxExpense": -2200000, "netIncome": 2900000, "netIncomeRatio": 0.0761154856, "eps": 0.3, "epsdiluted": 0.22, "weightedAverageShsOut": 7880622, "weightedAverageShsOutDil": 10431477, "link": "https://www.sec.gov/Archives/edgar/data/704532/000101287000001118/0001012870-00-001118-index.html", "finalLink": "https://www.sec.gov/Archives/edgar/data/704532/000101287000001118/", "calculatedOtherExpenses": 2000000, "calculatedOperatingExpenses": 16600000, "calculatedNetInterest": 0, "calculatedOtherIncome": -3700000, "calculatedIncomeNonControlling": 400000, "calculatedEbitda": 6800000}, {"date": "1998-12-31", "symbol": "ONTO", "reportedCurrency": "USD", "cik": "0000704532", "fillingDate": "1999-03-31", "acceptedDate": "1999-03-31 00:00:00", "calendarYear": "1998", "period": "FY", "revenue": 20100000, "costOfRevenue": 12400000, "grossProfit": 7700000, "grossProfitRatio": 0.3830845771, "researchAndDevelopmentExpenses": 5100000, "generalAndAdministrativeExpenses": 0, "sellingAndMarketingExpenses": 0, "sellingGeneralAndAdministrativeExpenses": 7100000, "otherExpenses": 5000000, "operatingExpenses": 17200000, "costAndExpenses": 29600000, "interestIncome": 0, "interestExpense": 4200000, "depreciationAndAmortization": 5000000, "ebitda": -4700000, "ebitdaratio": -0.2338308458, "operatingIncome": -9500000, "operatingIncomeRatio": -0.4726368159, "totalOtherIncomeExpensesNet": 200000, "incomeBeforeTax": -13500000, "incomeBeforeTaxRatio": -0.671641791, "incomeTaxExpense": 600000, "netIncome": -14100000, "netIncomeRatio": -0.7014925373, "eps": -3.13, "epsdiluted": -3.13, "weightedAverageShsOut": 4506173, "weightedAverageShsOutDil": 4506173, "link": "https://www.sec.gov/Archives/edgar/data/704532/000095000599000317/0000950005-99-000317-index.html", "finalLink": "https://www.sec.gov/Archives/edgar/data/704532/", "calculatedOtherExpenses": 5000000, "calculatedOperatingExpenses": 17200000, "calculatedNetInterest": -4200000, "calculatedOtherIncome": 200000, "calculatedIncomeNonControlling": 0, "calculatedEbitda": -4500000}, {"date": "1997-12-31", "symbol": "ONTO", "reportedCurrency": "USD", "cik": "0000704532", "fillingDate": "1998-04-01", "acceptedDate": "1998-04-01 00:00:00", "calendarYear": "1997", "period": "FY", "revenue": 36700000, "costOfRevenue": 15700000, "grossProfit": 21000000, "grossProfitRatio": 0.5722070845, "researchAndDevelopmentExpenses": 3000000, "generalAndAdministrativeExpenses": 8800000, "sellingAndMarketingExpenses": 0, "sellingGeneralAndAdministrativeExpenses": 8800000, "otherExpenses": 0, "operatingExpenses": 11800000, "costAndExpenses": 27500000, "interestIncome": 0, "interestExpense": 400000, "depreciationAndAmortization": 200000, "ebitda": 10000000, "ebitdaratio": 0.272479564, "operatingIncome": 9100000, "operatingIncomeRatio": 0.2479564033, "totalOtherIncomeExpensesNet": 300000, "incomeBeforeTax": 9400000, "incomeBeforeTaxRatio": 0.2561307902, "incomeTaxExpense": 3600000, "netIncome": 5800000, "netIncomeRatio": 0.1580381471, "eps": 0.66, "epsdiluted": 0.66, "weightedAverageShsOut": 8800000, "weightedAverageShsOutDil": 8800000, "link": "https://www.sec.gov/Archives/edgar/data/704532/000101287098000866/0001012870-98-000866-index.html", "finalLink": "https://www.sec.gov/Archives/edgar/data/704532/", "calculatedOtherExpenses": 100000, "calculatedOperatingExpenses": 11900000, "calculatedNetInterest": -400000, "calculatedOtherIncome": 700000, "calculatedIncomeNonControlling": 0, "calculatedEbitda": 9300000}, {"date": "1996-12-31", "symbol": "ONTO", "reportedCurrency": "USD", "cik": "0000704532", "fillingDate": "1997-03-27", "acceptedDate": "1997-03-27 00:00:00", "calendarYear": "1996", "period": "FY", "revenue": 30300000, "costOfRevenue": 14200000, "grossProfit": 16100000, "grossProfitRatio": 0.5313531353, "researchAndDevelopmentExpenses": 2800000, "generalAndAdministrativeExpenses": 7200000, "sellingAndMarketingExpenses": 0, "sellingGeneralAndAdministrativeExpenses": 7200000, "otherExpenses": -99999.99999999814, "operatingExpenses": 9900000, "costAndExpenses": 24100000, "interestIncome": 0, "interestExpense": 300000, "depreciationAndAmortization": 300000, "ebitda": 7300000, "ebitdaratio": 0.2409240924, "operatingIncome": 6200000, "operatingIncomeRatio": 0.204620462, "totalOtherIncomeExpensesNet": 500000, "incomeBeforeTax": 6700000, "incomeBeforeTaxRatio": 0.2211221122, "incomeTaxExpense": 2700000, "netIncome": 4000000, "netIncomeRatio": 0.1320132013, "eps": 0.47, "epsdiluted": 0.47, "weightedAverageShsOut": 8500000, "weightedAverageShsOutDil": 8500000, "link": "https://www.sec.gov/Archives/edgar/data/704532/000101287097000587/0001012870-97-000587-index.html", "finalLink": "https://www.sec.gov/Archives/edgar/data/704532/", "calculatedOtherExpenses": -100000, "calculatedOperatingExpenses": 9900000, "calculatedNetInterest": -300000, "calculatedOtherIncome": 800000, "calculatedIncomeNonControlling": 0, "calculatedEbitda": 6500000}, {"date": "1995-12-31", "symbol": "ONTO", "reportedCurrency": "USD", "cik": "0000704532", "fillingDate": "1996-03-29", "acceptedDate": "1996-03-29 00:00:00", "calendarYear": "1995", "period": "FY", "revenue": 22800000, "costOfRevenue": 11600000, "grossProfit": 11200000, "grossProfitRatio": 0.4912280702, "researchAndDevelopmentExpenses": 2600000, "generalAndAdministrativeExpenses": 5900000, "sellingAndMarketingExpenses": 0, "sellingGeneralAndAdministrativeExpenses": 5900000, "otherExpenses": 1.862645149230957e-09, "operatingExpenses": 8500000, "costAndExpenses": 20100000, "interestIncome": 0, "interestExpense": 200000, "depreciationAndAmortization": 300000, "ebitda": 4000000, "ebitdaratio": 0.1754385965, "operatingIncome": 2600000, "operatingIncomeRatio": 0.1140350877, "totalOtherIncomeExpensesNet": 900000, "incomeBeforeTax": 3500000, "incomeBeforeTaxRatio": 0.1535087719, "incomeTaxExpense": -800000, "netIncome": 4300000, "netIncomeRatio": 0.1885964912, "eps": 0.52, "epsdiluted": 0.52, "weightedAverageShsOut": 8300000, "weightedAverageShsOutDil": 8300000, "link": "https://www.sec.gov/Archives/edgar/data/704532/000089843096001101/0000898430-96-001101-index.html", "finalLink": "https://www.sec.gov/Archives/edgar/data/704532/", "calculatedOtherExpenses": 100000, "calculatedOperatingExpenses": 8600000, "calculatedNetInterest": -200000, "calculatedOtherIncome": 1100000, "calculatedIncomeNonControlling": 0, "calculatedEbitda": 2900000}]}