{"originalCurrency": "USD", "convertedCurrency": "USD", "report": [{"date": "2023-12-31", "symbol": "OPCH", "reportedCurrency": "USD", "cik": "0001014739", "fillingDate": "2024-02-22", "acceptedDate": "2024-02-22 16:02:31", "calendarYear": "2023", "period": "FY", "revenue": 4302324000, "costOfRevenue": 3380302000, "grossProfit": 922022000, "grossProfitRatio": 0.214307895, "researchAndDevelopmentExpenses": 0, "generalAndAdministrativeExpenses": 0, "sellingAndMarketingExpenses": 0, "sellingGeneralAndAdministrativeExpenses": 607427000, "otherExpenses": 89865000, "operatingExpenses": 607427000, "costAndExpenses": 3987729000, "interestIncome": 0, "interestExpense": 62222000, "depreciationAndAmortization": 62200000, "ebitda": 376795000, "ebitdaratio": 0.0875794106, "operatingIncome": 314595000, "operatingIncomeRatio": 0.073122108, "totalOtherIncomeExpensesNet": 44147000, "incomeBeforeTax": 358742000, "incomeBeforeTaxRatio": 0.0833833063, "incomeTaxExpense": 91652000, "netIncome": 267090000, "netIncomeRatio": 0.0620804012, "eps": 1.49, "epsdiluted": 1.48, "weightedAverageShsOut": 178973000, "weightedAverageShsOutDil": 180375000, "link": "https://www.sec.gov/Archives/edgar/data/1014739/000101473924000009/0001014739-24-000009-index.htm", "finalLink": "https://www.sec.gov/Archives/edgar/data/1014739/000101473924000009/bios-20231231.htm", "calculatedOtherExpenses": 0, "calculatedOperatingExpenses": 607427000, "calculatedNetInterest": -62222000, "calculatedOtherIncome": 106369000, "calculatedIncomeNonControlling": 0, "calculatedEbitda": 376795000}, {"date": "2022-12-31", "symbol": "OPCH", "reportedCurrency": "USD", "cik": "0001014739", "fillingDate": "2023-02-23", "acceptedDate": "2023-02-23 16:01:56", "calendarYear": "2022", "period": "FY", "revenue": 3944735000, "costOfRevenue": 3077817000, "grossProfit": 866918000, "grossProfitRatio": 0.2197658398, "researchAndDevelopmentExpenses": 0, "generalAndAdministrativeExpenses": 0, "sellingAndMarketingExpenses": 0, "sellingGeneralAndAdministrativeExpenses": 566122000, "otherExpenses": 60565000, "operatingExpenses": 626687000, "costAndExpenses": 3704504000, "interestIncome": 53806000, "interestExpense": 53806000, "depreciationAndAmortization": 84777000, "ebitda": 325008000, "ebitdaratio": 0.0823903253, "operatingIncome": 240231000, "operatingIncomeRatio": 0.0608991479, "totalOtherIncomeExpensesNet": -34463000, "incomeBeforeTax": 205768000, "incomeBeforeTaxRatio": 0.0521626928, "incomeTaxExpense": 55212000, "netIncome": 150556000, "netIncomeRatio": 0.0381663154, "eps": 0.83, "epsdiluted": 0.83, "weightedAverageShsOut": 181105000, "weightedAverageShsOutDil": 182075000, "link": "https://www.sec.gov/Archives/edgar/data/1014739/000101473923000009/0001014739-23-000009-index.htm", "finalLink": "https://www.sec.gov/Archives/edgar/data/1014739/000101473923000009/bios-20221231.htm", "calculatedOtherExpenses": 60565000, "calculatedOperatingExpenses": 626687000, "calculatedNetInterest": 0, "calculatedOtherIncome": -34463000, "calculatedIncomeNonControlling": 0, "calculatedEbitda": 325008000}, {"date": "2021-12-31", "symbol": "OPCH", "reportedCurrency": "USD", "cik": "0001014739", "fillingDate": "2022-02-23", "acceptedDate": "2022-02-23 16:10:22", "calendarYear": "2021", "period": "FY", "revenue": 3438640000, "costOfRevenue": 2659034000, "grossProfit": 779606000, "grossProfitRatio": 0.2267192844, "researchAndDevelopmentExpenses": 0, "generalAndAdministrativeExpenses": 0, "sellingAndMarketingExpenses": 0, "sellingGeneralAndAdministrativeExpenses": 525707000, "otherExpenses": 63058000, "operatingExpenses": 588765000, "costAndExpenses": 3247799000, "interestIncome": 67003000, "interestExpense": 67003000, "depreciationAndAmortization": 61460000, "ebitda": 252301000, "ebitdaratio": 0.0733723216, "operatingIncome": 190841000, "operatingIncomeRatio": 0.0554989763, "totalOtherIncomeExpensesNet": -74347000, "incomeBeforeTax": 116494000, "incomeBeforeTaxRatio": 0.0338779285, "incomeTaxExpense": -23404000, "netIncome": 139898000, "netIncomeRatio": 0.0406841077, "eps": 0.78, "epsdiluted": 0.77, "weightedAverageShsOut": 179855000, "weightedAverageShsOutDil": 181205000, "link": "https://www.sec.gov/Archives/edgar/data/1014739/000101473922000009/0001014739-22-000009-index.htm", "finalLink": "https://www.sec.gov/Archives/edgar/data/1014739/000101473922000009/bios-20211231.htm", "calculatedOtherExpenses": 63058000, "calculatedOperatingExpenses": 588765000, "calculatedNetInterest": 0, "calculatedOtherIncome": -74347000, "calculatedIncomeNonControlling": 0, "calculatedEbitda": 252301000}, {"date": "2020-12-31", "symbol": "OPCH", "reportedCurrency": "USD", "cik": "0001014739", "fillingDate": "2021-03-11", "acceptedDate": "2021-03-11 16:36:33", "calendarYear": "2020", "period": "FY", "revenue": 3032610000, "costOfRevenue": 2350346000, "grossProfit": 682264000, "grossProfitRatio": 0.2249758459, "researchAndDevelopmentExpenses": 0, "generalAndAdministrativeExpenses": 0, "sellingAndMarketingExpenses": 0, "sellingGeneralAndAdministrativeExpenses": 500199000, "otherExpenses": 71310000, "operatingExpenses": 571509000, "costAndExpenses": 2921855000, "interestIncome": 107770000, "interestExpense": 107770000, "depreciationAndAmortization": 69668000, "ebitda": 180423000, "ebitdaratio": 0.059494297, "operatingIncome": 110755000, "operatingIncomeRatio": 0.0365213463, "totalOtherIncomeExpensesNet": -115998000, "incomeBeforeTax": -5243000, "incomeBeforeTaxRatio": -0.0017288738, "incomeTaxExpense": 2833000, "netIncome": -8076000, "netIncomeRatio": -0.0026630526, "eps": -0.0446, "epsdiluted": -0.0446, "weightedAverageShsOut": 180971000, "weightedAverageShsOutDil": 180971000, "link": "https://www.sec.gov/Archives/edgar/data/1014739/000101473921000011/0001014739-21-000011-index.htm", "finalLink": "https://www.sec.gov/Archives/edgar/data/1014739/000101473921000011/bios-20201231.htm", "calculatedOtherExpenses": 71310000, "calculatedOperatingExpenses": 571509000, "calculatedNetInterest": 0, "calculatedOtherIncome": -115998000, "calculatedIncomeNonControlling": 0, "calculatedEbitda": 180423000}, {"date": "2019-12-31", "symbol": "OPCH", "reportedCurrency": "USD", "cik": "0001014739", "fillingDate": "2020-03-05", "acceptedDate": "2020-03-05 16:36:19", "calendarYear": "2019", "period": "FY", "revenue": 2310417000, "costOfRevenue": 1797418000, "grossProfit": 512999000, "grossProfitRatio": 0.2220374071, "researchAndDevelopmentExpenses": 0, "generalAndAdministrativeExpenses": 0, "sellingAndMarketingExpenses": 0, "sellingGeneralAndAdministrativeExpenses": 459628000, "otherExpenses": 53690000, "operatingExpenses": 513318000, "costAndExpenses": 2310736000, "interestIncome": 73724000, "interestExpense": 73724000, "depreciationAndAmortization": 57869000, "ebitda": 53399000, "ebitdaratio": 0.023112278, "operatingIncome": -4470000, "operatingIncomeRatio": -0.0019347157, "totalOtherIncomeExpensesNet": -73724000, "incomeBeforeTax": -78194000, "incomeBeforeTaxRatio": -0.0338441069, "incomeTaxExpense": -2274000, "netIncome": -75920000, "netIncomeRatio": -0.032859869, "eps": -0.49, "epsdiluted": -0.49, "weightedAverageShsOut": 156280000, "weightedAverageShsOutDil": 156280000, "link": "https://www.sec.gov/Archives/edgar/data/1014739/000101473920000013/0001014739-20-000013-index.htm", "finalLink": "https://www.sec.gov/Archives/edgar/data/1014739/000101473920000013/bios-20191231x10k.htm", "calculatedOtherExpenses": 57841000, "calculatedOperatingExpenses": 517469000, "calculatedNetInterest": 0, "calculatedOtherIncome": -73724000, "calculatedIncomeNonControlling": 0, "calculatedEbitda": 53399000}, {"date": "2018-12-31", "symbol": "OPCH", "reportedCurrency": "USD", "cik": "0001014739", "fillingDate": "2019-03-15", "acceptedDate": "2019-03-15 07:17:52", "calendarYear": "2018", "period": "FY", "revenue": 708903000, "costOfRevenue": 465865000, "grossProfit": 243038000, "grossProfitRatio": 0.3428367492, "researchAndDevelopmentExpenses": 0, "generalAndAdministrativeExpenses": 47264000, "sellingAndMarketingExpenses": 0, "sellingGeneralAndAdministrativeExpenses": 47264000, "otherExpenses": 178414000, "operatingExpenses": 225678000, "costAndExpenses": 691543000, "interestIncome": 0, "interestExpense": 57433000, "depreciationAndAmortization": 23601000, "ebitda": 40961000, "ebitdaratio": 0.0577808247, "operatingIncome": -51592000, "operatingIncomeRatio": -0.0727772347, "totalOtherIncomeExpensesNet": -10951000, "incomeBeforeTax": -51024000, "incomeBeforeTaxRatio": -0.0719759967, "incomeTaxExpense": 568000, "netIncome": -51693000, "netIncomeRatio": -0.0729197083, "eps": -1.62, "epsdiluted": -1.62, "weightedAverageShsOut": 31985500, "weightedAverageShsOutDil": 31985500, "link": "https://www.sec.gov/Archives/edgar/data/1014739/000101473919000012/0001014739-19-000012-index.htm", "finalLink": "https://www.sec.gov/Archives/edgar/data/1014739/000101473919000012/bios-20181231x10k.htm", "calculatedOtherExpenses": 247366000, "calculatedOperatingExpenses": 294630000, "calculatedNetInterest": -57433000, "calculatedOtherIncome": 58001000, "calculatedIncomeNonControlling": 101000, "calculatedEbitda": -27991000}, {"date": "2017-12-31", "symbol": "OPCH", "reportedCurrency": "USD", "cik": "0001014739", "fillingDate": "2018-03-26", "acceptedDate": "2018-03-26 06:08:01", "calendarYear": "2017", "period": "FY", "revenue": 817190000, "costOfRevenue": 545859000, "grossProfit": 271331000, "grossProfitRatio": 0.332029271, "researchAndDevelopmentExpenses": 0, "generalAndAdministrativeExpenses": 40940000, "sellingAndMarketingExpenses": 0, "sellingGeneralAndAdministrativeExpenses": 40940000, "otherExpenses": 190998000, "operatingExpenses": 230867000, "costAndExpenses": 776726000, "interestIncome": 0, "interestExpense": 52357000, "depreciationAndAmortization": 26306000, "ebitda": 66770000, "ebitdaratio": 0.0817068246, "operatingIncome": 14922000, "operatingIncomeRatio": 0.0182601353, "totalOtherIncomeExpensesNet": -53292000, "incomeBeforeTax": -65185000, "incomeBeforeTaxRatio": -0.0797672512, "incomeTaxExpense": -3900000, "netIncome": -62605000, "netIncomeRatio": -0.0766100907, "eps": -2.02, "epsdiluted": -2.02, "weightedAverageShsOut": 30947750, "weightedAverageShsOutDil": 30947750, "link": "https://www.sec.gov/Archives/edgar/data/1014739/000162828018003541/0001628280-18-003541-index.htm", "finalLink": "https://www.sec.gov/Archives/edgar/data/1014739/000162828018003541/bios-20171231x10k.htm", "calculatedOtherExpenses": 215469000, "calculatedOperatingExpenses": 256409000, "calculatedNetInterest": -52357000, "calculatedOtherIncome": -27750000, "calculatedIncomeNonControlling": 1320000, "calculatedEbitda": 41228000}, {"date": "2016-12-31", "symbol": "OPCH", "reportedCurrency": "USD", "cik": "0001014739", "fillingDate": "2017-03-07", "acceptedDate": "2017-03-07 16:29:24", "calendarYear": "2016", "period": "FY", "revenue": 935589000, "costOfRevenue": 669958000, "grossProfit": 265631000, "grossProfitRatio": 0.2839184727, "researchAndDevelopmentExpenses": 0, "generalAndAdministrativeExpenses": 39225000, "sellingAndMarketingExpenses": 0, "sellingGeneralAndAdministrativeExpenses": 39225000, "otherExpenses": 192269000, "operatingExpenses": 231494000, "costAndExpenses": 901452000, "interestIncome": 0, "interestExpense": 38235000, "depreciationAndAmortization": 21551000, "ebitda": 55688000, "ebitdaratio": 0.0595218627, "operatingIncome": 7338000, "operatingIncomeRatio": 0.0078431876, "totalOtherIncomeExpensesNet": -28254000, "incomeBeforeTax": -32352000, "incomeBeforeTaxRatio": -0.0345792864, "incomeTaxExpense": 2015000, "netIncome": -41506000, "netIncomeRatio": -0.0443634972, "eps": -1.77, "epsdiluted": -1.77, "weightedAverageShsOut": 23435000, "weightedAverageShsOutDil": 23435000, "link": "https://www.sec.gov/Archives/edgar/data/1014739/000162828017002304/0001628280-17-002304-index.htm", "finalLink": "https://www.sec.gov/Archives/edgar/data/1014739/000162828017002304/bios-20161231x10k.htm", "calculatedOtherExpenses": 219068000, "calculatedOperatingExpenses": 258293000, "calculatedNetInterest": -38235000, "calculatedOtherIncome": -1455000, "calculatedIncomeNonControlling": 7139000, "calculatedEbitda": 28889000}, {"date": "2015-12-31", "symbol": "OPCH", "reportedCurrency": "USD", "cik": "0001014739", "fillingDate": "2016-03-03", "acceptedDate": "2016-03-03 09:34:48", "calendarYear": "2015", "period": "FY", "revenue": 982223000, "costOfRevenue": 721308000, "grossProfit": 260915000, "grossProfitRatio": 0.2656372331, "researchAndDevelopmentExpenses": 0, "generalAndAdministrativeExpenses": 42524000, "sellingAndMarketingExpenses": 0, "sellingGeneralAndAdministrativeExpenses": 42524000, "otherExpenses": 188741000, "operatingExpenses": 231265000, "costAndExpenses": 952573000, "interestIncome": 0, "interestExpense": 37313000, "depreciationAndAmortization": 22743000, "ebitda": 52393000, "ebitdaratio": 0.0533412474, "operatingIncome": -287647000, "operatingIncomeRatio": -0.2928530486, "totalOtherIncomeExpensesNet": -317297000, "incomeBeforeTax": -324960000, "incomeBeforeTaxRatio": -0.330841367, "incomeTaxExpense": -21532000, "netIncome": -299707000, "netIncomeRatio": -0.3051313195, "eps": -17.45, "epsdiluted": -17.45, "weightedAverageShsOut": 17177500, "weightedAverageShsOutDil": 17177500, "link": "https://www.sec.gov/Archives/edgar/data/1014739/000101473916000021/0001014739-16-000021-index.htm", "finalLink": "https://www.sec.gov/Archives/edgar/data/1014739/000101473916000021/bios-20151231x10k.htm", "calculatedOtherExpenses": 506038000, "calculatedOperatingExpenses": 548562000, "calculatedNetInterest": -37313000, "calculatedOtherIncome": 0, "calculatedIncomeNonControlling": -3721000, "calculatedEbitda": -264904000}, {"date": "2014-12-31", "symbol": "OPCH", "reportedCurrency": "USD", "cik": "0001014739", "fillingDate": "2015-03-02", "acceptedDate": "2015-03-02 15:46:51", "calendarYear": "2014", "period": "FY", "revenue": 984055000, "costOfRevenue": 722989000, "grossProfit": 261066000, "grossProfitRatio": 0.2652961471, "researchAndDevelopmentExpenses": 0, "generalAndAdministrativeExpenses": 239810000, "sellingAndMarketingExpenses": 0, "sellingGeneralAndAdministrativeExpenses": 239810000, "otherExpenses": 6555000, "operatingExpenses": 246365000, "costAndExpenses": 969354000, "interestIncome": 0, "interestExpense": 38539000, "depreciationAndAmortization": 22943000, "ebitda": 37644000, "ebitdaratio": 0.0382539594, "operatingIncome": -91079000, "operatingIncomeRatio": -0.0925547861, "totalOtherIncomeExpensesNet": -108153000, "incomeBeforeTax": -131991000, "incomeBeforeTaxRatio": -0.134129698, "incomeTaxExpense": 11391000, "netIncome": -147468000, "netIncomeRatio": -0.1498574775, "eps": -8.61, "epsdiluted": -8.61, "weightedAverageShsOut": 17119000, "weightedAverageShsOutDil": 17119000, "link": "https://www.sec.gov/Archives/edgar/data/1014739/000101473915000004/0001014739-15-000004-index.htm", "finalLink": "https://www.sec.gov/Archives/edgar/data/1014739/000101473915000004/bios-20141231x10k.htm", "calculatedOtherExpenses": 112335000, "calculatedOperatingExpenses": 352145000, "calculatedNetInterest": -38539000, "calculatedOtherIncome": -2373000, "calculatedIncomeNonControlling": 4086000, "calculatedEbitda": -68136000}, {"date": "2013-12-31", "symbol": "OPCH", "reportedCurrency": "USD", "cik": "0001014739", "fillingDate": "2014-03-03", "acceptedDate": "2014-03-03 15:57:32", "calendarYear": "2013", "period": "FY", "revenue": 842195000, "costOfRevenue": 570381000, "grossProfit": 271814000, "grossProfitRatio": 0.3227447325, "researchAndDevelopmentExpenses": 0, "generalAndAdministrativeExpenses": 233038000, "sellingAndMarketingExpenses": 0, "sellingGeneralAndAdministrativeExpenses": 233038000, "otherExpenses": 6671000, "operatingExpenses": 239709000, "costAndExpenses": 810090000, "interestIncome": 0, "interestExpense": 28197000, "depreciationAndAmortization": 20226000, "ebitda": 52331000, "ebitdaratio": 0.0621364411, "operatingIncome": -6973000, "operatingIncomeRatio": -0.0082795552, "totalOtherIncomeExpensesNet": -54976000, "incomeBeforeTax": -51068000, "incomeBeforeTaxRatio": -0.0606367884, "incomeTaxExpense": 2538000, "netIncome": -69654000, "netIncomeRatio": -0.0827053117, "eps": -4.32, "epsdiluted": -4.32, "weightedAverageShsOut": 16140000, "weightedAverageShsOutDil": 16140000, "link": "https://www.sec.gov/Archives/edgar/data/1014739/000101473914000003/0001014739-14-000003-index.htm", "finalLink": "https://www.sec.gov/Archives/edgar/data/1014739/000101473914000003/bios-20131231x10k.htm", "calculatedOtherExpenses": 45749000, "calculatedOperatingExpenses": 278787000, "calculatedNetInterest": -28197000, "calculatedOtherIncome": -15898000, "calculatedIncomeNonControlling": 16048000, "calculatedEbitda": 13253000}, {"date": "2012-12-31", "symbol": "OPCH", "reportedCurrency": "USD", "cik": "0001014739", "fillingDate": "2013-03-15", "acceptedDate": "2013-03-14 17:35:14", "calendarYear": "2012", "period": "FY", "revenue": 662637000, "costOfRevenue": 437677000, "grossProfit": 224960000, "grossProfitRatio": 0.3394920598, "researchAndDevelopmentExpenses": 0, "generalAndAdministrativeExpenses": 184491000, "sellingAndMarketingExpenses": 0, "sellingGeneralAndAdministrativeExpenses": 184491000, "otherExpenses": 3957000, "operatingExpenses": 188448000, "costAndExpenses": 626125000, "interestIncome": 0, "interestExpense": 26067000, "depreciationAndAmortization": 12470000, "ebitda": 48982000, "ebitdaratio": 0.0739198083, "operatingIncome": 13288000, "operatingIncomeRatio": 0.0200532116, "totalOtherIncomeExpensesNet": -23224000, "incomeBeforeTax": -12779000, "incomeBeforeTaxRatio": -0.0192850686, "incomeTaxExpense": -4439000, "netIncome": 64707000, "netIncomeRatio": 0.09765075, "eps": 4.6, "epsdiluted": 4.6, "weightedAverageShsOut": 14059750, "weightedAverageShsOutDil": 14059750, "link": "https://www.sec.gov/Archives/edgar/data/1014739/000101473913000002/0001014739-13-000002-index.htm", "finalLink": "https://www.sec.gov/Archives/edgar/data/1014739/000101473913000002/bios-20121231x10k.htm", "calculatedOtherExpenses": 27181000, "calculatedOperatingExpenses": 211672000, "calculatedNetInterest": -26067000, "calculatedOtherIncome": 0, "calculatedIncomeNonControlling": -73047000, "calculatedEbitda": 25758000}, {"date": "2011-12-31", "symbol": "OPCH", "reportedCurrency": "USD", "cik": "0001014739", "fillingDate": "2012-03-14", "acceptedDate": "2012-03-14 12:57:10", "calendarYear": "2011", "period": "FY", "revenue": 1818026000, "costOfRevenue": 1505723000, "grossProfit": 312303000, "grossProfitRatio": 0.1717813717, "researchAndDevelopmentExpenses": 0, "generalAndAdministrativeExpenses": 242074000, "sellingAndMarketingExpenses": 0, "sellingGeneralAndAdministrativeExpenses": 242074000, "otherExpenses": 23843000, "operatingExpenses": 265917000, "costAndExpenses": 1771640000, "interestIncome": 0, "interestExpense": 28306000, "depreciationAndAmortization": 15876000, "ebitda": 71147000, "ebitdaratio": 0.0391342038, "operatingIncome": 46386000, "operatingIncomeRatio": 0.0255144866, "totalOtherIncomeExpensesNet": -8885000, "incomeBeforeTax": 9195000, "incomeBeforeTaxRatio": 0.0050576834, "incomeTaxExpense": 1323000, "netIncome": 7872000, "netIncomeRatio": 0.0043299711, "eps": 0.56, "epsdiluted": 0.56, "weightedAverageShsOut": 13626250, "weightedAverageShsOutDil": 13626250, "link": "https://www.sec.gov/Archives/edgar/data/1014739/000101473912000004/0001014739-12-000004-index.htm", "finalLink": "https://www.sec.gov/Archives/edgar/data/1014739/000101473912000004/bios-20111231x10k.htm", "calculatedOtherExpenses": 23843000, "calculatedOperatingExpenses": 265917000, "calculatedNetInterest": -28306000, "calculatedOtherIncome": -8885000, "calculatedIncomeNonControlling": 0, "calculatedEbitda": 62262000}, {"date": "2010-12-31", "symbol": "OPCH", "reportedCurrency": "USD", "cik": "0001014739", "fillingDate": "2011-03-16", "acceptedDate": "2011-03-15 18:04:05", "calendarYear": "2010", "period": "FY", "revenue": 1638623000, "costOfRevenue": 1378206000, "grossProfit": 260417000, "grossProfitRatio": 0.1589242919, "researchAndDevelopmentExpenses": 0, "generalAndAdministrativeExpenses": 0, "sellingAndMarketingExpenses": 0, "sellingGeneralAndAdministrativeExpenses": 210900000, "otherExpenses": 23110000, "operatingExpenses": 234010000, "costAndExpenses": 1612216000, "interestIncome": 0, "interestExpense": 27647000, "depreciationAndAmortization": 12329000, "ebitda": 29175000, "ebitdaratio": 0.0178045835, "operatingIncome": 15794000, "operatingIncomeRatio": 0.0096385807, "totalOtherIncomeExpensesNet": -10613000, "incomeBeforeTax": -21414000, "incomeBeforeTaxRatio": -0.0130682897, "incomeTaxExpense": 47728000, "netIncome": -69142000, "netIncomeRatio": -0.0421951846, "eps": -5.49, "epsdiluted": -5.49, "weightedAverageShsOut": 12593500, "weightedAverageShsOutDil": 12593500, "link": "https://www.sec.gov/Archives/edgar/data/1014739/000101473911000006/0001014739-11-000006-index.htm", "finalLink": "https://www.sec.gov/Archives/edgar/data/1014739/000101473911000006/form10-k.htm", "calculatedOtherExpenses": 33723000, "calculatedOperatingExpenses": 244623000, "calculatedNetInterest": -27647000, "calculatedOtherIncome": -9561000, "calculatedIncomeNonControlling": 0, "calculatedEbitda": 28123000}, {"date": "2009-12-31", "symbol": "OPCH", "reportedCurrency": "USD", "cik": "0001014739", "fillingDate": "2010-03-02", "acceptedDate": "2010-03-02 12:31:47", "calendarYear": "2009", "period": "FY", "revenue": 1329525000, "costOfRevenue": 1171703000, "grossProfit": 157822000, "grossProfitRatio": 0.1187055527, "researchAndDevelopmentExpenses": 0, "generalAndAdministrativeExpenses": 0, "sellingAndMarketingExpenses": 0, "sellingGeneralAndAdministrativeExpenses": 133720000, "otherExpenses": 8636000, "operatingExpenses": 142356000, "costAndExpenses": 1314059000, "interestIncome": 0, "interestExpense": 1920000, "depreciationAndAmortization": 5033000, "ebitda": 15466000, "ebitdaratio": 0.011632726, "operatingIncome": 15466000, "operatingIncomeRatio": 0.011632726, "totalOtherIncomeExpensesNet": -1920000, "incomeBeforeTax": 13546000, "incomeBeforeTaxRatio": 0.0101886012, "incomeTaxExpense": -40553000, "netIncome": 54099000, "netIncomeRatio": 0.0406904722, "eps": 5.56, "epsdiluted": 5.44, "weightedAverageShsOut": 9746250, "weightedAverageShsOutDil": 9934250, "link": "https://www.sec.gov/Archives/edgar/data/1014739/000101473910000004/0001014739-10-000004-index.htm", "finalLink": "https://www.sec.gov/Archives/edgar/data/1014739/000101473910000004/form10-k.htm", "calculatedOtherExpenses": 8636000, "calculatedOperatingExpenses": 142356000, "calculatedNetInterest": -1920000, "calculatedOtherIncome": 0, "calculatedIncomeNonControlling": 0, "calculatedEbitda": 20499000}, {"date": "2008-12-31", "symbol": "OPCH", "reportedCurrency": "USD", "cik": "0001014739", "fillingDate": "2009-03-05", "acceptedDate": "2009-03-04 20:31:34", "calendarYear": "2008", "period": "FY", "revenue": 1401911000, "costOfRevenue": 1259741000, "grossProfit": 142170000, "grossProfitRatio": 0.1014115732, "researchAndDevelopmentExpenses": 0, "generalAndAdministrativeExpenses": 0, "sellingAndMarketingExpenses": 0, "sellingGeneralAndAdministrativeExpenses": 129869000, "otherExpenses": 95818000, "operatingExpenses": 225687000, "costAndExpenses": 1485428000, "interestIncome": 0, "interestExpense": 2711000, "depreciationAndAmortization": 6393000, "ebitda": 16758000, "ebitdaratio": 0.0119536832, "operatingIncome": 83517000, "operatingIncomeRatio": 0.0595736819, "totalOtherIncomeExpensesNet": -93882000, "incomeBeforeTax": -86228000, "incomeBeforeTaxRatio": -0.0615074709, "incomeTaxExpense": -12196000, "netIncome": -74032000, "netIncomeRatio": -0.0528079172, "eps": -7.71, "epsdiluted": -7.71, "weightedAverageShsOut": 9604250, "weightedAverageShsOutDil": 9604250, "link": "https://www.sec.gov/Archives/edgar/data/1014739/000101473909000010/0001014739-09-000010-index.htm", "finalLink": "https://www.sec.gov/Archives/edgar/data/1014739/000101473909000010/form10-k.htm", "calculatedOtherExpenses": -71216000, "calculatedOperatingExpenses": 58653000, "calculatedNetInterest": -2711000, "calculatedOtherIncome": -167034000, "calculatedIncomeNonControlling": 0, "calculatedEbitda": 89910000}, {"date": "2007-12-31", "symbol": "OPCH", "reportedCurrency": "USD", "cik": "0001014739", "fillingDate": "2008-03-07", "acceptedDate": "2008-03-07 17:29:24", "calendarYear": "2007", "period": "FY", "revenue": 1197732000, "costOfRevenue": 1060717000, "grossProfit": 137015000, "grossProfitRatio": 0.1143953739, "researchAndDevelopmentExpenses": 0, "generalAndAdministrativeExpenses": 0, "sellingAndMarketingExpenses": 0, "sellingGeneralAndAdministrativeExpenses": 125266000, "otherExpenses": 2898000, "operatingExpenses": 128164000, "costAndExpenses": 1188881000, "interestIncome": 0, "interestExpense": 3270000, "depreciationAndAmortization": 7090000, "ebitda": 15941000, "ebitdaratio": 0.0133093213, "operatingIncome": 8851000, "operatingIncomeRatio": 0.0073898001, "totalOtherIncomeExpensesNet": -3270000, "incomeBeforeTax": 5581000, "incomeBeforeTaxRatio": 0.0046596401, "incomeTaxExpense": 2264000, "netIncome": 3317000, "netIncomeRatio": 0.0027694008, "eps": 0.36, "epsdiluted": 0.36, "weightedAverageShsOut": 9411750, "weightedAverageShsOutDil": 9622750, "link": "https://www.sec.gov/Archives/edgar/data/1014739/000095012308002707/0000950123-08-002707-index.htm", "finalLink": "https://www.sec.gov/Archives/edgar/data/1014739/000095012308002707/y50749e10vk.htm", "calculatedOtherExpenses": 2898000, "calculatedOperatingExpenses": 128164000, "calculatedNetInterest": -3270000, "calculatedOtherIncome": 0, "calculatedIncomeNonControlling": 0, "calculatedEbitda": 15941000}, {"date": "2006-12-31", "symbol": "OPCH", "reportedCurrency": "USD", "cik": "0001014739", "fillingDate": "2007-03-16", "acceptedDate": "2007-03-16 16:43:18", "calendarYear": "2006", "period": "FY", "revenue": 1152459000, "costOfRevenue": 1032864000, "grossProfit": 119595000, "grossProfitRatio": 0.1037737568, "researchAndDevelopmentExpenses": 0, "generalAndAdministrativeExpenses": 0, "sellingAndMarketingExpenses": 0, "sellingGeneralAndAdministrativeExpenses": 129240000, "otherExpenses": 6538000, "operatingExpenses": 135778000, "costAndExpenses": 1168642000, "interestIncome": 0, "interestExpense": 3018000, "depreciationAndAmortization": 10854000, "ebitda": -5271000, "ebitdaratio": -0.0045736985, "operatingIncome": 16241000, "operatingIncomeRatio": 0.0140924753, "totalOtherIncomeExpensesNet": -58000, "incomeBeforeTax": -19259000, "incomeBeforeTaxRatio": -0.0167112236, "incomeTaxExpense": 19030000, "netIncome": -38289000, "netIncomeRatio": -0.0332237416, "eps": -4.11, "epsdiluted": -4.11, "weightedAverageShsOut": 9326000, "weightedAverageShsOutDil": 9326000, "link": "https://www.sec.gov/Archives/edgar/data/1014739/000095012307004008/0000950123-07-004008-index.htm", "finalLink": "https://www.sec.gov/Archives/edgar/data/1014739/000095012307004008/y32030e10vk.htm", "calculatedOtherExpenses": -25886000, "calculatedOperatingExpenses": 103354000, "calculatedNetInterest": -3018000, "calculatedOtherIncome": -32482000, "calculatedIncomeNonControlling": 0, "calculatedEbitda": 27095000}, {"date": "2005-12-31", "symbol": "OPCH", "reportedCurrency": "USD", "cik": "0001014739", "fillingDate": "2006-03-31", "acceptedDate": "2006-03-31 17:00:57", "calendarYear": "2005", "period": "FY", "revenue": 1073235000, "costOfRevenue": 956968000, "grossProfit": 116267000, "grossProfitRatio": 0.1083332169, "researchAndDevelopmentExpenses": 0, "generalAndAdministrativeExpenses": 0, "sellingAndMarketingExpenses": 0, "sellingGeneralAndAdministrativeExpenses": 109335000, "otherExpenses": 36135000, "operatingExpenses": 145470000, "costAndExpenses": 1102438000, "interestIncome": 0, "interestExpense": 392000, "depreciationAndAmortization": 35080000, "ebitda": 10452000, "ebitdaratio": 0.0097387804, "operatingIncome": 29203000, "operatingIncomeRatio": 0.0272102568, "totalOtherIncomeExpensesNet": -4575000, "incomeBeforeTax": -29595000, "incomeBeforeTaxRatio": -0.0275755077, "incomeTaxExpense": -5748000, "netIncome": -23847000, "netIncomeRatio": -0.0222197375, "eps": -2.79, "epsdiluted": -2.79, "weightedAverageShsOut": 8532250, "weightedAverageShsOutDil": 8532250, "link": "https://www.sec.gov/Archives/edgar/data/1014739/000095012306004027/0000950123-06-004027-index.htm", "finalLink": "https://www.sec.gov/Archives/edgar/data/1014739/000095012306004027/y18781e10vk.htm", "calculatedOtherExpenses": -22271000, "calculatedOperatingExpenses": 87064000, "calculatedNetInterest": -392000, "calculatedOtherIncome": -58406000, "calculatedIncomeNonControlling": 0, "calculatedEbitda": 64283000}, {"date": "2004-12-31", "symbol": "OPCH", "reportedCurrency": "USD", "cik": "0001014739", "fillingDate": "2005-03-04", "acceptedDate": "2005-03-04 16:46:03", "calendarYear": "2004", "period": "FY", "revenue": 630516000, "costOfRevenue": 562360000, "grossProfit": 68156000, "grossProfitRatio": 0.1080955915, "researchAndDevelopmentExpenses": 0, "generalAndAdministrativeExpenses": 0, "sellingAndMarketingExpenses": 0, "sellingGeneralAndAdministrativeExpenses": 52843000, "otherExpenses": 3019000, "operatingExpenses": 55862000, "costAndExpenses": 618222000, "interestIncome": 0, "interestExpense": 808000, "depreciationAndAmortization": 5024000, "ebitda": 17318000, "ebitdaratio": 0.0274663926, "operatingIncome": 12294000, "operatingIncomeRatio": 0.0194983157, "totalOtherIncomeExpensesNet": -808000, "incomeBeforeTax": 11486000, "incomeBeforeTaxRatio": 0.0182168256, "incomeTaxExpense": 4453000, "netIncome": 7033000, "netIncomeRatio": 0.0111543561, "eps": 1.28, "epsdiluted": 1.24, "weightedAverageShsOut": 5561250, "weightedAverageShsOutDil": 5675500, "link": "https://www.sec.gov/Archives/edgar/data/1014739/000095012305002632/0000950123-05-002632-index.htm", "finalLink": "https://www.sec.gov/Archives/edgar/data/1014739/000095012305002632/y05279e10vk.htm", "calculatedOtherExpenses": 3019000, "calculatedOperatingExpenses": 55862000, "calculatedNetInterest": -808000, "calculatedOtherIncome": 0, "calculatedIncomeNonControlling": 0, "calculatedEbitda": 17318000}, {"date": "2003-12-31", "symbol": "OPCH", "reportedCurrency": "USD", "cik": "0001014739", "fillingDate": "2004-03-15", "acceptedDate": "2004-03-15 15:28:36", "calendarYear": "2003", "period": "FY", "revenue": 588770000, "costOfRevenue": 520249000, "grossProfit": 68521000, "grossProfitRatio": 0.1163799107, "researchAndDevelopmentExpenses": 0, "generalAndAdministrativeExpenses": 0, "sellingAndMarketingExpenses": 0, "sellingGeneralAndAdministrativeExpenses": 50633000, "otherExpenses": 1863000, "operatingExpenses": 52496000, "costAndExpenses": 572745000, "interestIncome": 0, "interestExpense": 808000, "depreciationAndAmortization": 5081000, "ebitda": 21106000, "ebitdaratio": 0.0358476145, "operatingIncome": 16025000, "operatingIncomeRatio": 0.0272177591, "totalOtherIncomeExpensesNet": -808000, "incomeBeforeTax": 15217000, "incomeBeforeTaxRatio": 0.0258454065, "incomeTaxExpense": 6087000, "netIncome": 9130000, "netIncomeRatio": 0.0155069042, "eps": 1.64, "epsdiluted": 1.6, "weightedAverageShsOut": 5541000, "weightedAverageShsOutDil": 5660000, "link": "https://www.sec.gov/Archives/edgar/data/1014739/000101473904000021/0001014739-04-000021-index.htm", "finalLink": "https://www.sec.gov/Archives/edgar/data/1014739/000101473904000021/mimcorp10k123103.htm", "calculatedOtherExpenses": 1863000, "calculatedOperatingExpenses": 52496000, "calculatedNetInterest": -808000, "calculatedOtherIncome": 0, "calculatedIncomeNonControlling": 0, "calculatedEbitda": 21106000}, {"date": "2002-12-31", "symbol": "OPCH", "reportedCurrency": "USD", "cik": "0001014739", "fillingDate": "2003-03-31", "acceptedDate": "2003-03-31 16:42:10", "calendarYear": "2002", "period": "FY", "revenue": 576596000, "costOfRevenue": 505998000, "grossProfit": 70598000, "grossProfitRatio": 0.1224392816, "researchAndDevelopmentExpenses": 0, "generalAndAdministrativeExpenses": 0, "sellingAndMarketingExpenses": 0, "sellingGeneralAndAdministrativeExpenses": 45877000, "otherExpenses": 573000, "operatingExpenses": 46450000, "costAndExpenses": 552448000, "interestIncome": 0, "interestExpense": 792000, "depreciationAndAmortization": 6064000, "ebitda": 29361000, "ebitdaratio": 0.050921269, "operatingIncome": 24148000, "operatingIncomeRatio": 0.0418802767, "totalOtherIncomeExpensesNet": 851000, "incomeBeforeTax": 23356000, "incomeBeforeTaxRatio": 0.0405066979, "incomeTaxExpense": 4671000, "netIncome": 18685000, "netIncomeRatio": 0.0324057052, "eps": 3.32, "epsdiluted": 3.16, "weightedAverageShsOut": 5654000, "weightedAverageShsOutDil": 5890750, "link": "https://www.sec.gov/Archives/edgar/data/1014739/000108935503000198/0001089355-03-000198-index.htm", "finalLink": "https://www.sec.gov/Archives/edgar/data/1014739/000108935503000198/mim10k20038191.txt", "calculatedOtherExpenses": 573000, "calculatedOperatingExpenses": 46450000, "calculatedNetInterest": -792000, "calculatedOtherIncome": 0, "calculatedIncomeNonControlling": 0, "calculatedEbitda": 30212000}, {"date": "2001-12-31", "symbol": "OPCH", "reportedCurrency": "USD", "cik": "0001014739", "fillingDate": "2002-04-01", "acceptedDate": "2002-04-01 00:00:00", "calendarYear": "2001", "period": "FY", "revenue": 456646000, "costOfRevenue": 403243000, "grossProfit": 53403000, "grossProfitRatio": 0.1169461684, "researchAndDevelopmentExpenses": 0, "generalAndAdministrativeExpenses": 0, "sellingAndMarketingExpenses": 0, "sellingGeneralAndAdministrativeExpenses": 38489000, "otherExpenses": -276000, "operatingExpenses": 38213000, "costAndExpenses": 441456000, "interestIncome": 0, "interestExpense": 56000, "depreciationAndAmortization": 6358000, "ebitda": 19072000, "ebitdaratio": 0.0417653938, "operatingIncome": 15190000, "operatingIncomeRatio": 0.0332642791, "totalOtherIncomeExpensesNet": 2476000, "incomeBeforeTax": 15134000, "incomeBeforeTaxRatio": 0.0331416458, "incomeTaxExpense": 932000, "netIncome": 14202000, "netIncomeRatio": 0.0311006775, "eps": 2.68, "epsdiluted": 2.56, "weightedAverageShsOut": 5299254, "weightedAverageShsOutDil": 5547656, "link": "https://www.sec.gov/Archives/edgar/data/1014739/000108935502000248/0001089355-02-000248-index.htm", "finalLink": "https://www.sec.gov/Archives/edgar/data/1014739/000108935502000248/mim10k20027707.txt", "calculatedOtherExpenses": -276000, "calculatedOperatingExpenses": 38213000, "calculatedNetInterest": -56000, "calculatedOtherIncome": 0, "calculatedIncomeNonControlling": 0, "calculatedEbitda": 21548000}, {"date": "2000-12-31", "symbol": "OPCH", "reportedCurrency": "USD", "cik": "0001014739", "fillingDate": "2001-04-02", "acceptedDate": "2001-04-02 00:00:00", "calendarYear": "2000", "period": "FY", "revenue": 369794000, "costOfRevenue": 331188000, "grossProfit": 38606000, "grossProfitRatio": 0.1043986652, "researchAndDevelopmentExpenses": 0, "generalAndAdministrativeExpenses": 0, "sellingAndMarketingExpenses": 0, "sellingGeneralAndAdministrativeExpenses": 33909000, "otherExpenses": 4876000, "operatingExpenses": 38785000, "costAndExpenses": 369973000, "interestIncome": 766000, "interestExpense": 0, "depreciationAndAmortization": 4876000, "ebitda": 6997000, "ebitdaratio": 0.0189213454, "operatingIncome": 179000, "operatingIncomeRatio": 0.0004840533, "totalOtherIncomeExpensesNet": -2300000, "incomeBeforeTax": -1713000, "incomeBeforeTaxRatio": -0.0046323088, "incomeTaxExpense": 110000, "netIncome": -1823000, "netIncomeRatio": -0.0049297717, "eps": -0.36, "epsdiluted": -0.36, "weightedAverageShsOut": 5063889, "weightedAverageShsOutDil": 5063889, "link": "https://www.sec.gov/Archives/edgar/data/1014739/000108935501000290/0001089355-01-000290-index.htm", "finalLink": "https://www.sec.gov/Archives/edgar/data/1014739/000108935501000290/0001089355-01-000290-0001.txt", "calculatedOtherExpenses": 4518000, "calculatedOperatingExpenses": 38427000, "calculatedNetInterest": 766000, "calculatedOtherIncome": -2658000, "calculatedIncomeNonControlling": 0, "calculatedEbitda": 5055000}, {"date": "1999-12-31", "symbol": "OPCH", "reportedCurrency": "USD", "cik": "0001014739", "fillingDate": "2000-03-30", "acceptedDate": "2000-03-30 00:00:00", "calendarYear": "1999", "period": "FY", "revenue": 377420000, "costOfRevenue": 344959000, "grossProfit": 32461000, "grossProfitRatio": 0.0860076308, "researchAndDevelopmentExpenses": 0, "generalAndAdministrativeExpenses": 0, "sellingAndMarketingExpenses": 0, "sellingGeneralAndAdministrativeExpenses": 28009000, "otherExpenses": 3220000, "operatingExpenses": 31229000, "costAndExpenses": 376188000, "interestIncome": 0, "interestExpense": 0, "depreciationAndAmortization": 3220000, "ebitda": 9469000, "ebitdaratio": 0.0250887605, "operatingIncome": 1232000, "operatingIncomeRatio": 0.0032642679, "totalOtherIncomeExpensesNet": -5017000, "incomeBeforeTax": -3785000, "incomeBeforeTaxRatio": -0.0100286153, "incomeTaxExpense": 5017000, "netIncome": -3785000, "netIncomeRatio": -0.0100286153, "eps": -0.8, "epsdiluted": -0.8, "weightedAverageShsOut": 4731250, "weightedAverageShsOutDil": 4731250, "link": "https://www.sec.gov/Archives/edgar/data/1014739/000108935500000302/0001089355-00-000302-index.html", "finalLink": "https://www.sec.gov/Archives/edgar/data/1014739/000108935500000302/", "calculatedOtherExpenses": 3220000, "calculatedOperatingExpenses": 31229000, "calculatedNetInterest": 0, "calculatedOtherIncome": -5017000, "calculatedIncomeNonControlling": -5017000, "calculatedEbitda": 4452000}, {"date": "1998-12-31", "symbol": "OPCH", "reportedCurrency": "USD", "cik": "0001014739", "fillingDate": "1999-03-31", "acceptedDate": "1999-03-31 00:00:00", "calendarYear": "1998", "period": "FY", "revenue": 451100000, "costOfRevenue": 420000000, "grossProfit": 31100000, "grossProfitRatio": 0.0689425848, "researchAndDevelopmentExpenses": 0, "generalAndAdministrativeExpenses": 0, "sellingAndMarketingExpenses": 0, "sellingGeneralAndAdministrativeExpenses": 23100000, "otherExpenses": 1700000, "operatingExpenses": 24800000, "costAndExpenses": 444800000, "interestIncome": 0, "interestExpense": 0, "depreciationAndAmortization": 1700000, "ebitda": 10000000, "ebitdaratio": 0.0221680337, "operatingIncome": 6300000, "operatingIncomeRatio": 0.0139658612, "totalOtherIncomeExpensesNet": -2000000, "incomeBeforeTax": 4300000, "incomeBeforeTaxRatio": 0.0095322545, "incomeTaxExpense": 2000000, "netIncome": 4300000, "netIncomeRatio": 0.0095322545, "eps": 1.12, "epsdiluted": 1.04, "weightedAverageShsOut": 3839286, "weightedAverageShsOutDil": 4134615, "link": "https://www.sec.gov/Archives/edgar/data/1014739/000089155499000672/0000891554-99-000672-index.html", "finalLink": "https://www.sec.gov/Archives/edgar/data/1014739/", "calculatedOtherExpenses": 1700000, "calculatedOperatingExpenses": 24800000, "calculatedNetInterest": 0, "calculatedOtherIncome": -2000000, "calculatedIncomeNonControlling": -2000000, "calculatedEbitda": 8000000}, {"date": "1997-12-31", "symbol": "OPCH", "reportedCurrency": "USD", "cik": "0001014739", "fillingDate": "1998-03-31", "acceptedDate": "1998-03-31 00:00:00", "calendarYear": "1997", "period": "FY", "revenue": 242300000, "costOfRevenue": 237900000, "grossProfit": 4400000, "grossProfitRatio": 0.0181593066, "researchAndDevelopmentExpenses": 0, "generalAndAdministrativeExpenses": 0, "sellingAndMarketingExpenses": 0, "sellingGeneralAndAdministrativeExpenses": 19100000, "otherExpenses": 1100000, "operatingExpenses": 20200000, "costAndExpenses": 258100000, "interestIncome": 0, "interestExpense": 0, "depreciationAndAmortization": 1100000, "ebitda": -17000000, "ebitdaratio": -0.0701609575, "operatingIncome": -15800000, "operatingIncomeRatio": -0.0652084193, "totalOtherIncomeExpensesNet": 2300000, "incomeBeforeTax": -13500000, "incomeBeforeTaxRatio": -0.0557160545, "incomeTaxExpense": -2300000, "netIncome": -13500000, "netIncomeRatio": -0.0557160545, "eps": -4.28, "epsdiluted": -4.28, "weightedAverageShsOut": 3155000, "weightedAverageShsOutDil": 3155000, "link": "https://www.sec.gov/Archives/edgar/data/1014739/000100547798001080/0001005477-98-001080-index.html", "finalLink": "https://www.sec.gov/Archives/edgar/data/1014739/", "calculatedOtherExpenses": 1100000, "calculatedOperatingExpenses": 20200000, "calculatedNetInterest": 0, "calculatedOtherIncome": 2300000, "calculatedIncomeNonControlling": 2300000, "calculatedEbitda": -14700000}, {"date": "1996-12-31", "symbol": "OPCH", "reportedCurrency": "USD", "cik": "0001014739", "fillingDate": "1997-03-31", "acceptedDate": "1997-03-31 00:00:00", "calendarYear": "1996", "period": "FY", "revenue": 283200000, "costOfRevenue": 277300000, "grossProfit": 5900000, "grossProfitRatio": 0.0208333333, "researchAndDevelopmentExpenses": 0, "generalAndAdministrativeExpenses": 0, "sellingAndMarketingExpenses": 0, "sellingGeneralAndAdministrativeExpenses": 38200000, "otherExpenses": 800000, "operatingExpenses": 39000000, "costAndExpenses": 316300000, "interestIncome": 0, "interestExpense": 0, "depreciationAndAmortization": 800000, "ebitda": -33700000, "ebitdaratio": -0.1189971751, "operatingIncome": 33100000, "operatingIncomeRatio": 0.1168785311, "totalOtherIncomeExpensesNet": 1400000, "incomeBeforeTax": 34500000, "incomeBeforeTaxRatio": 0.1218220339, "incomeTaxExpense": -1300000, "netIncome": -31800000, "netIncomeRatio": -0.1122881356, "eps": -13.31, "epsdiluted": -13.31, "weightedAverageShsOut": 2389250, "weightedAverageShsOutDil": 2389250, "link": "https://www.sec.gov/Archives/edgar/data/1014739/000103605097000044/0001036050-97-000044-index.html", "finalLink": "https://www.sec.gov/Archives/edgar/data/1014739/", "calculatedOtherExpenses": -65400000, "calculatedOperatingExpenses": -27200000, "calculatedNetInterest": 0, "calculatedOtherIncome": 1400000, "calculatedIncomeNonControlling": 67600000, "calculatedEbitda": 33900000}]}