{"originalCurrency": "CAD", "convertedCurrency": "CAD", "report": [{"date": "2023-12-31", "symbol": "OR", "reportedCurrency": "CAD", "cik": "0001627272", "fillingDate": "2023-12-31", "acceptedDate": "2023-12-29 19:00:00", "calendarYear": "2023", "period": "FY", "revenue": 247320000, "costOfRevenue": 74261000, "grossProfit": 173059000, "grossProfitRatio": 0.6997371826, "researchAndDevelopmentExpenses": 6179000, "generalAndAdministrativeExpenses": 32829000, "sellingAndMarketingExpenses": 42166000, "sellingGeneralAndAdministrativeExpenses": 74995000, "otherExpenses": 635000, "operatingExpenses": 74995000, "costAndExpenses": 149256000, "interestIncome": 6831000, "interestExpense": 18946000, "depreciationAndAmortization": 57615000, "ebitda": 155679000, "ebitdaratio": 0.6294638525, "operatingIncome": 98064000, "operatingIncomeRatio": 0.3965065502, "totalOtherIncomeExpensesNet": -141075000, "incomeBeforeTax": -43011000, "incomeBeforeTaxRatio": -0.1739082969, "incomeTaxExpense": 13257000, "netIncome": -48343000, "netIncomeRatio": -0.1954674106, "eps": -0.26, "epsdiluted": -0.26, "weightedAverageShsOut": 185226000, "weightedAverageShsOutDil": 185226000, "link": null, "finalLink": null, "calculatedOtherExpenses": -6179000, "calculatedOperatingExpenses": 74995000, "calculatedNetInterest": -12115000, "calculatedOtherIncome": -128960000, "calculatedIncomeNonControlling": -7925000, "calculatedEbitda": 155679000}, {"date": "2022-12-31", "symbol": "OR", "reportedCurrency": "CAD", "cik": "0001627272", "fillingDate": "2022-12-31", "acceptedDate": "2022-12-30 19:00:00", "calendarYear": "2022", "period": "FY", "revenue": 217809000, "costOfRevenue": 67431000, "grossProfit": 150378000, "grossProfitRatio": 0.6904122419, "researchAndDevelopmentExpenses": 5375000, "generalAndAdministrativeExpenses": 20216000, "sellingAndMarketingExpenses": 5375000, "sellingGeneralAndAdministrativeExpenses": 20216000, "otherExpenses": 0, "operatingExpenses": 25591000, "costAndExpenses": 93022000, "interestIncome": 9767000, "interestExpense": 22339000, "depreciationAndAmortization": 62137000, "ebitda": 185106000, "ebitdaratio": 0.8498546892, "operatingIncome": 122969000, "operatingIncomeRatio": 0.5645726301, "totalOtherIncomeExpensesNet": -9846000, "incomeBeforeTax": 113123000, "incomeBeforeTaxRatio": 0.5193678865, "incomeTaxExpense": 27838000, "netIncome": 85285000, "netIncomeRatio": 0.3915586592, "eps": 0.47, "epsdiluted": 0.47, "weightedAverageShsOut": 180398000, "weightedAverageShsOutDil": 180398000, "link": "", "finalLink": "", "calculatedOtherExpenses": 1818000, "calculatedOperatingExpenses": 27409000, "calculatedNetInterest": -12572000, "calculatedOtherIncome": 2726000, "calculatedIncomeNonControlling": 0, "calculatedEbitda": 185106000}, {"date": "2021-12-31", "symbol": "OR", "reportedCurrency": "CAD", "cik": "0001627272", "fillingDate": "2021-12-31", "acceptedDate": "2021-12-31 00:00:00", "calendarYear": "2021", "period": "FY", "revenue": 224877000, "costOfRevenue": 86007000, "grossProfit": 138870000, "grossProfitRatio": 0.6175375872, "researchAndDevelopmentExpenses": 4168000, "generalAndAdministrativeExpenses": 41265000, "sellingAndMarketingExpenses": 4168000, "sellingGeneralAndAdministrativeExpenses": 41265000, "otherExpenses": 14116000, "operatingExpenses": 59549000, "costAndExpenses": 145556000, "interestIncome": 5065000, "interestExpense": 24586000, "depreciationAndAmortization": 51934000, "ebitda": 144233000, "ebitdaratio": 0.64138618, "operatingIncome": 92299000, "operatingIncomeRatio": 0.4104421528, "totalOtherIncomeExpensesNet": -136019000, "incomeBeforeTax": -43720000, "incomeBeforeTaxRatio": -0.1944173926, "incomeTaxExpense": 12955000, "netIncome": -56675000, "netIncomeRatio": -0.2520266635, "eps": -0.34, "epsdiluted": -0.34, "weightedAverageShsOut": 167628000, "weightedAverageShsOutDil": 167628000, "link": null, "finalLink": null, "calculatedOtherExpenses": 1138000, "calculatedOperatingExpenses": 46571000, "calculatedNetInterest": -19521000, "calculatedOtherIncome": -116498000, "calculatedIncomeNonControlling": 0, "calculatedEbitda": 144233000}, {"date": "2020-12-31", "symbol": "OR", "reportedCurrency": "CAD", "cik": "0001627272", "fillingDate": "2020-12-31", "acceptedDate": "2020-12-31 00:00:00", "calendarYear": "2020", "period": "FY", "revenue": 213630000, "costOfRevenue": 109305000, "grossProfit": 104325000, "grossProfitRatio": 0.4883443337, "researchAndDevelopmentExpenses": 10290000, "generalAndAdministrativeExpenses": 25901000, "sellingAndMarketingExpenses": 10290000, "sellingGeneralAndAdministrativeExpenses": 25901000, "otherExpenses": 131000, "operatingExpenses": 36322000, "costAndExpenses": 145627000, "interestIncome": 4582000, "interestExpense": 26131000, "depreciationAndAmortization": 46904000, "ebitda": 111501000, "ebitdaratio": 0.5219351215, "operatingIncome": 64597000, "operatingIncomeRatio": 0.3023779432, "totalOtherIncomeExpensesNet": -37455000, "incomeBeforeTax": 27142000, "incomeBeforeTaxRatio": 0.1270514441, "incomeTaxExpense": 10913000, "netIncome": 16876000, "netIncomeRatio": 0.0789963956, "eps": 0.1, "epsdiluted": 0.1, "weightedAverageShsOut": 162303000, "weightedAverageShsOutDil": 162428000, "link": null, "finalLink": null, "calculatedOtherExpenses": 3537000, "calculatedOperatingExpenses": 39728000, "calculatedNetInterest": -21549000, "calculatedOtherIncome": -15906000, "calculatedIncomeNonControlling": -647000, "calculatedEbitda": 111501000}, {"date": "2019-12-31", "symbol": "OR", "reportedCurrency": "CAD", "cik": "0001627272", "fillingDate": "2019-12-31", "acceptedDate": "2019-12-31 00:00:00", "calendarYear": "2019", "period": "FY", "revenue": 392599000, "costOfRevenue": 309890000, "grossProfit": 82709000, "grossProfitRatio": 0.2106704296, "researchAndDevelopmentExpenses": 6122000, "generalAndAdministrativeExpenses": 23682000, "sellingAndMarketingExpenses": 6122000, "sellingGeneralAndAdministrativeExpenses": 23682000, "otherExpenses": 191000, "operatingExpenses": 29995000, "costAndExpenses": 339885000, "interestIncome": 4632000, "interestExpense": 23548000, "depreciationAndAmortization": 48270000, "ebitda": 83407000, "ebitdaratio": 0.2124483251, "operatingIncome": 35137000, "operatingIncomeRatio": 0.089498445, "totalOtherIncomeExpensesNet": -309732000, "incomeBeforeTax": -274595000, "incomeBeforeTaxRatio": -0.6994286791, "incomeTaxExpense": -40400000, "netIncome": -234195000, "netIncomeRatio": -0.5965246982, "eps": -1.55, "epsdiluted": -1.55, "weightedAverageShsOut": 151266000, "weightedAverageShsOutDil": 151266000, "link": null, "finalLink": null, "calculatedOtherExpenses": 17768000, "calculatedOperatingExpenses": 47572000, "calculatedNetInterest": -18916000, "calculatedOtherIncome": -290816000, "calculatedIncomeNonControlling": 0, "calculatedEbitda": 83407000}, {"date": "2018-12-31", "symbol": "OR", "reportedCurrency": "CAD", "cik": "0001627272", "fillingDate": "2019-03-29", "acceptedDate": "2019-03-29 15:57:15", "calendarYear": "2018", "period": "FY", "revenue": 490472000, "costOfRevenue": 423917000, "grossProfit": 66555000, "grossProfitRatio": 0.1356958195, "researchAndDevelopmentExpenses": 4525000, "generalAndAdministrativeExpenses": 18156000, "sellingAndMarketingExpenses": 0, "sellingGeneralAndAdministrativeExpenses": 18156000, "otherExpenses": -4342000, "operatingExpenses": 22864000, "costAndExpenses": 446781000, "interestIncome": 4428000, "interestExpense": 25999000, "depreciationAndAmortization": 52786000, "ebitda": 91892000, "ebitdaratio": 0.1873542221, "operatingIncome": -113531000, "operatingIncomeRatio": -0.2314729485, "totalOtherIncomeExpensesNet": -162855000, "incomeBeforeTax": -140735000, "incomeBeforeTaxRatio": -0.2869378884, "incomeTaxExpense": -35148000, "netIncome": -105587000, "netIncomeRatio": -0.2152763053, "eps": -0.67, "epsdiluted": -0.67, "weightedAverageShsOut": 156617000, "weightedAverageShsOutDil": 156617000, "link": "https://www.sec.gov/Archives/edgar/data/1627272/000106299319001469/0001062993-19-001469-index.html", "finalLink": "https://www.sec.gov/Archives/edgar/data/1627272/000106299319001469/form40f.htm", "calculatedOtherExpenses": 157405000, "calculatedOperatingExpenses": 180086000, "calculatedNetInterest": -21571000, "calculatedOtherIncome": -5633000, "calculatedIncomeNonControlling": 0, "calculatedEbitda": -60745000}, {"date": "2017-12-31", "symbol": "OR", "reportedCurrency": "CAD", "cik": "0001627272", "fillingDate": "2018-03-29", "acceptedDate": "2018-03-29 13:13:25", "calendarYear": "2017", "period": "FY", "revenue": 213216000, "costOfRevenue": 153710000, "grossProfit": 59506000, "grossProfitRatio": 0.2790878733, "researchAndDevelopmentExpenses": 18706000, "generalAndAdministrativeExpenses": 26176000, "sellingAndMarketingExpenses": 0, "sellingGeneralAndAdministrativeExpenses": 26176000, "otherExpenses": -18522000, "operatingExpenses": 45066000, "costAndExpenses": 198776000, "interestIncome": 4255000, "interestExpense": 8384000, "depreciationAndAmortization": 28210000, "ebitda": 44916000, "ebitdaratio": 0.2106596128, "operatingIncome": -70435000, "operatingIncomeRatio": -0.3303457527, "totalOtherIncomeExpensesNet": -76246000, "incomeBeforeTax": -65935000, "incomeBeforeTaxRatio": -0.3092403947, "incomeTaxExpense": -23147000, "netIncome": -42501000, "netIncomeRatio": -0.1993330707, "eps": -0.33, "epsdiluted": -0.33, "weightedAverageShsOut": 127939000, "weightedAverageShsOutDil": 127939000, "link": "https://www.sec.gov/Archives/edgar/data/1627272/000106299318001395/0001062993-18-001395-index.html", "finalLink": "https://www.sec.gov/Archives/edgar/data/1627272/000106299318001395/form40f.htm", "calculatedOtherExpenses": 85059000, "calculatedOperatingExpenses": 129941000, "calculatedNetInterest": -4129000, "calculatedOtherIncome": 8629000, "calculatedIncomeNonControlling": -287000, "calculatedEbitda": -42225000}, {"date": "2016-12-31", "symbol": "OR", "reportedCurrency": "CAD", "cik": "0001627272", "fillingDate": "2017-03-27", "acceptedDate": "2017-03-27 11:43:45", "calendarYear": "2016", "period": "FY", "revenue": 62677000, "costOfRevenue": 11291000, "grossProfit": 51386000, "grossProfitRatio": 0.819854173, "researchAndDevelopmentExpenses": 8282000, "generalAndAdministrativeExpenses": 16858000, "sellingAndMarketingExpenses": 0, "sellingGeneralAndAdministrativeExpenses": 16858000, "otherExpenses": 30202000, "operatingExpenses": 25336000, "costAndExpenses": 36627000, "interestIncome": 3260000, "interestExpense": 3435000, "depreciationAndAmortization": 11509000, "ebitda": 67437000, "ebitdaratio": 1.075944924, "operatingIncome": 29089000, "operatingIncomeRatio": 0.4641096415, "totalOtherIncomeExpensesNet": 25703000, "incomeBeforeTax": 51578000, "incomeBeforeTaxRatio": 0.8229174976, "incomeTaxExpense": 9724000, "netIncome": 42113000, "netIncomeRatio": 0.6719051646, "eps": 0.4, "epsdiluted": 0.4, "weightedAverageShsOut": 104671000, "weightedAverageShsOutDil": 104824000, "link": "https://www.sec.gov/Archives/edgar/data/1627272/000106299317001498/0001062993-17-001498-index.html", "finalLink": "https://www.sec.gov/Archives/edgar/data/1627272/000106299317001498/form40f.htm", "calculatedOtherExpenses": -2843000, "calculatedOperatingExpenses": 22297000, "calculatedNetInterest": -175000, "calculatedOtherIncome": 22664000, "calculatedIncomeNonControlling": -259000, "calculatedEbitda": 40598000}, {"date": "2015-12-31", "symbol": "OR", "reportedCurrency": "CAD", "cik": "0001627272", "fillingDate": "2015-12-31", "acceptedDate": "2015-12-30 19:00:00", "calendarYear": "2015", "period": "FY", "revenue": 45415000, "costOfRevenue": 588000, "grossProfit": 44827000, "grossProfitRatio": 0.9870527359, "researchAndDevelopmentExpenses": 10982000, "generalAndAdministrativeExpenses": 15046000, "sellingAndMarketingExpenses": 0, "sellingGeneralAndAdministrativeExpenses": 15046000, "otherExpenses": -81000, "operatingExpenses": 28437000, "costAndExpenses": 29025000, "interestIncome": 4055000, "interestExpense": 609000, "depreciationAndAmortization": 765000, "ebitda": 19136000, "ebitdaratio": 0.421358582, "operatingIncome": 18224000, "operatingIncomeRatio": 0.4012771111, "totalOtherIncomeExpensesNet": 16886000, "incomeBeforeTax": 36722000, "incomeBeforeTaxRatio": 0.8085874711, "incomeTaxExpense": 8194000, "netIncome": 28749000, "netIncomeRatio": 0.633028735, "eps": 0.33, "epsdiluted": 0.32, "weightedAverageShsOut": 87856000, "weightedAverageShsOutDil": 88938000, "link": "", "finalLink": "", "calculatedOtherExpenses": 575000, "calculatedOperatingExpenses": 26603000, "calculatedNetInterest": 3446000, "calculatedOtherIncome": 15052000, "calculatedIncomeNonControlling": -221000, "calculatedEbitda": 18989000}, {"date": "2014-12-31", "symbol": "OR", "reportedCurrency": "CAD", "cik": "0001627272", "fillingDate": "2014-12-31", "acceptedDate": "2014-12-30 19:00:00", "calendarYear": "2014", "period": "FY", "revenue": 17179000, "costOfRevenue": 0, "grossProfit": 17179000, "grossProfitRatio": 1, "researchAndDevelopmentExpenses": 3344000, "generalAndAdministrativeExpenses": 5285000, "sellingAndMarketingExpenses": 0, "sellingGeneralAndAdministrativeExpenses": 5285000, "otherExpenses": 1072000, "operatingExpenses": 14639000, "costAndExpenses": 14639000, "interestIncome": 2115000, "interestExpense": 43000, "depreciationAndAmortization": 6638000, "ebitda": 4903000, "ebitdaratio": 0.2854066011, "operatingIncome": -1735000, "operatingIncomeRatio": -0.1009954014, "totalOtherIncomeExpensesNet": -3416000, "incomeBeforeTax": 1196000, "incomeBeforeTaxRatio": 0.0696198847, "incomeTaxExpense": 3291000, "netIncome": 1673168000, "netIncomeRatio": 97.3961231736, "eps": 36.4, "epsdiluted": 36.4, "weightedAverageShsOut": 45964000, "weightedAverageShsOutDil": 45964000, "link": "", "finalLink": "", "calculatedOtherExpenses": 10285000, "calculatedOperatingExpenses": 18914000, "calculatedNetInterest": 2072000, "calculatedOtherIncome": 859000, "calculatedIncomeNonControlling": -1675263000, "calculatedEbitda": 4903000}, {"date": "2013-12-31", "symbol": "OR", "reportedCurrency": "CAD", "cik": "0001627272", "fillingDate": "2013-12-31", "acceptedDate": "2013-12-30 19:00:00", "calendarYear": "2013", "period": "FY", "revenue": 0, "costOfRevenue": 0, "grossProfit": 0, "grossProfitRatio": 0, "researchAndDevelopmentExpenses": 0, "generalAndAdministrativeExpenses": 903000, "sellingAndMarketingExpenses": 0, "sellingGeneralAndAdministrativeExpenses": 903000, "otherExpenses": -12482000, "operatingExpenses": 8162000, "costAndExpenses": 8162000, "interestIncome": 1340000, "interestExpense": 0, "depreciationAndAmortization": -4169000, "ebitda": -20453000, "ebitdaratio": 0, "operatingIncome": -16284000, "operatingIncomeRatio": 0, "totalOtherIncomeExpensesNet": -21736000, "incomeBeforeTax": -28558000, "incomeBeforeTaxRatio": 0, "incomeTaxExpense": 126000, "netIncome": -455103000, "netIncomeRatio": 0, "eps": -9.5, "epsdiluted": -9.5, "weightedAverageShsOut": 47900457, "weightedAverageShsOutDil": 47900457, "link": "", "finalLink": "", "calculatedOtherExpenses": 15381000, "calculatedOperatingExpenses": 16284000, "calculatedNetInterest": 1340000, "calculatedOtherIncome": -13614000, "calculatedIncomeNonControlling": 426419000, "calculatedEbitda": -20453000}]}